2790 4912
82 287 126 338 tta
483 277 596 332 ratila
621 277 741 332 alaris
768 276 874 332 CAPUT
900 275 946 329 xt

80 384 432 456 secundumlledom,quia
442 382 473 440 in
485 382 598 441 Christo
609 385 678 441 lesu
733 398 833 440 munes
852 387 881 439 et
894 381 1038 439 continuae
1057 385 1142 439 erant
1159 380 1233 451 duae,
1247 381 1310 440 sciti·

82 459 193 517 habitat
223 456 317 513 omnis
344 454 489 528 plenitudo
521 453 678 510 divinitatis
733 459 777 510 cet
792 470 799 510 :
816 454 977 517 Sabbatum,
992 453 1310 524 quovacabantahomni

80 527 291 604 corporaliter,
307 526 371 583 ideo
388 529 460 583 Puer
471 525 524 582 iste
539 532 601 582 eret
616 526 677 607 ple·
732 541 828 652 opere,
849 524 925 606 quod
947 523 996 580 illo
1019 523 1065 581 die
1079 526 1165 606 'Deus
1189 525 1310 596 requierit

82 598 369 672 nussapientia,nec
389 597 544 654 secundum
559 598 614 654 hoc
632 613 677 653 ru·
732 612 750 652 a
791 611 869 652 omnr
893 611 980 678 opere
999 600 1170 662 creationum
1191 596 1310 654 aliaerat

79 672 174 746 dignit
200 668 300 741 augeri
326 669 370 724 vel
394 667 559 736 confortari,
580 671 678 739 utpote
732 669 888 730 Neomenio,
909 683 940 722 tn
959 666 1098 738 principio
1119 667 1226 724 scilieet
1243 658 1310 726 nora

84 743 209 801 Verbum
226 740 274 797 [lei
290 745 318 797 et
334 742 419 808 Deus,
430 739 479 796 sed
496 739 679 811 inquantum
731 737 815 806 lunae,
829 737 865 793 ad
879 737 993 794 laudem
1010 738 1166 808 Creatoris,
1182 739 1227 810 qui
1243 755 1310 796 crea-

81 814 135 871 luit
149 815 246 879 bomo,
262 814 323 867 erat
343 810 373 866 in
393 827 426 866 eo
449 809 552 882 gratia.
576 811 680 881 Magna
731 808 772 864 vit
782 808 878 865 omnia
886 814 1025 878 tempora.
1035 809 1243 867 anniversariae
1254 826 1310 867 reru

80 887 159 942 enim
175 883 267 957 gratia
282 882 322 938 illi
337 881 446 938 homini
464 881 575 938 Christo
591 881 679 938 dona·
731 879 897 936 testivitates
907 885 989 938 erant
1001 880 1068 952 quin
1093 896 1138 950 ue,
1149 880 1310 938 scilicetzle·

80 964 111 1013 ta
134 960 189 1024 est,
212 960 242 1011 ut
261 970 294 1010 ex
319 969 374 1024 quo
394 955 479 1010 homo
499 951 561 1008 fleri
579 951 678 1024 coepis-
731 956 805 1007 stum
818 954 939 1016 Paschae,
955 952 1032 1023 quod
1045 897 1310 1009 celebrabaturdeci·

79 1033 135 1097 set,
144 1027 285 1100 perlectus
300 1029 375 1081 esset
391 1029 418 1080 et
436 1025 518 1080 Deus.
530 1025 565 1079 Et
579 1040 679 1080 secun·
731 1038 779 1078 ma
800 1028 902 1092 quarta
922 1023 989 1079 luna
1013 1024 1120 1079 mensis
1139 1023 1238 1095 primi;
1259 1031 1310 1081 erat

77 1101 149 1156 dum
164 1097 296 1154 eumdem
315 1096 427 1164 Bedam,
442 1093 508 1150 huic
523 1094 616 1151 simile
635 1099 679 1150 est
730 1094 792 1149 haec
805 1093 942 1150 festivitas
953 1093 983 1149 in
999 1094 1168 1151 memoriam
1184 1094 1310 1152 liberatio

78 1169 158 1241 quod
170 1167 268 1225 scribit
277 1170 403 1224 loannes
416 1181 481 1223 eum
489 1168 603 1237 plenum
615 1183 679 1235 pro·
732 1164 777 1220 nis
789 1164 824 1220 de
835 1167 962 1238 AEgypto.
975 1165 1104 1222 Secunda
1115 1171 1179 1222 erat
1189 1165 1310 1222 festivitas

79 1245 129 1299 tie
147 1245 173 1297 et
192 1241 329 1302 ueritatis,
349 1237 478 1294 eamdem
497 1236 556 1310 ipse
575 1237 679 1294 divini·
731 1237 1310 1309 Pentecostes.quaecelehrabaturquinqua

82 1311 149 1370 tatis
177 1309 372 1368 excellentiam
406 1308 521 1366 nomine
554 1308 680 1365 veritatis
732 1305 841 1378 gesima
858 1307 942 1364 diea
968 1309 1086 1376 Pascha,
1110 1325 1144 1365 eo
1163 1308 1237 1380 quod
1256 1313 1310 1365 tun«

83 1382 299 1449 commendans,
319 1396 405 1452 quarn
425 1382 514 1436 Lucas
532 1380 680 1453 sapientiae
733 1379 800 1435 data
810 1377 863 1434 tuit
874 1380 927 1435 Lex
939 1378 1047 1435 ludaeis
1059 1380 1086 1435 in
1101 1386 1197 1435 monte
1207 1379 1310 1448 Sinai:

83 1454 198 1512 nomine
217 1451 434 1509 commendarit.
457 1451 559 1508 Habuit
578 1451 680 1524 quippe
734 1452 802 1506 Deo.
814 1450 908 1506 'lertia
918 1451 1056 1507 festivitas
1068 1456 1130 1507 erat
1144 1452 1310 1506 Tuberone

84 1527 213 1584 Christus
228 1523 435 1596 plenitudinem
454 1525 581 1578 omnium
595 1523 683 1579 virtu·
735 1523 989 1594 Ciceronemque
1011 1522 1210 1579 celebrabatur
1233 1522 1310 1593 prima

83 1603 157 1680 tum,
165 1597 364 1666 danorumque
379 1593 499 1664 Spiritus
516 1592 621 1662 Sancti,
635 1611 682 1651 ex·
735 1592 781 1648 die
793 1593 1089 1665 mensisseptembris:
1099 1591 1251 1649 tuncenim
1260 1594 1310 1650 buc

86 1666 344 1742 ceptrstideetspe,
370 1662 684 1743 roquihushabuitcer·
735 1663 868 1721 cinabant
878 1664 1012 1721 cornibus
1023 1669 1169 1736 pecorum,
1183 1664 1211 1719 ln
1222 1679 1310 1721 memo

86 1737 333 1796 tamscientiamet
361 1735 681 1806 rmampossessionem:
736 1734 807 1791 riam
823 1735 901 1808 quod
916 1736 1016 1792 eadem
1033 1735 1147 1792 diescit
1163 1739 1240 1792 Isaac
1254 1735 1306 1792 libe

2 1811 5 1816 ’
87 1808 154 1882 quia
164 1810 200 1866 ab
212 1806 329 1863 instanti
344 1823 402 1863 suae
413 1805 605 1877 conceptionis
620 1808 684 1864 bea·
736 1813 815 1864 ratus
833 1804 869 1864 ab
889 1807 1082 1863 immolatione
1104 1806 1205 1878 patris,
1224 1822 1310 1879 paeon

87 1888 132 1939 tus
141 1879 201 1938 luit.
213 1879 328 1947 Quoties
339 1893 407 1949 ergo
418 1876 545 1935 Christus
557 1893 683 1935 crescere
737 1878 888 1951 substituto
910 1894 961 1951 pro
985 1895 1029 1935 co.
1056 1879 1164 1946 Quarta
1190 1876 1310 1934 festivita

87 1957 118 2009 et
135 1949 299 2017 confortari,
321 1949 364 2005 rel
386 1948 442 2004 tale
468 1948 574 2020 aliquid
599 1966 683 2022 agere
736 1956 798 2005 erat
823 1952 1044 2020 Propitiationis,
1074 1955 1102 2005 et
1129 1949 1310 2006 celebrabatu

89 2022 202 2090 dicitur,
218 2020 315 2076 omnia
329 2020 366 2076 ad
382 2034 485 2090 corpus
501 2020 681 2089 reseruntur3
737 2020 847 2077 decima
863 2021 908 2076 die
928 2021 1035 2077 mensis
1049 2021 1220 2092 septembris
1237 2038 1244 2075 :
1260 2018 1310 2092 qui:

88 2108 166 2162 nam,
188 2091 345 2147 secundum
364 2090 500 2158 animam,
515 2092 552 2147 ab
566 2090 683 2148 instanti
735 2093 836 2148 eadem
851 2092 898 2148 die
912 2096 990 2148 venit
1004 2093 1039 2148 ad
1057 2108 1107 2149 eos
1123 2094 1235 2163 Moyses
1252 2091 1309 2147 rete

89 2161 683 2234 conceptionistotaliterperlectushrit3sed
736 2180 801 2220 rens
822 2163 871 2219 Dei
891 2163 964 2219 iram
1008 2163 1127 2219 lacatam
1156 2164 1192 2219 de
1217 2163 1310 2219 otlensa

89 2232 620 2305 hancperlectionemnonestendebat,
628 2233 683 2291 nisi
735 2234 916 2291 conllationis
928 2181 1018 2303 vitufi,
1026 2250 1111 2306 quem
1123 2235 1310 2291 adoraverant

92 2310 177 2379 prout
189 2304 532 2376 convenientiatemporis
542 2307 681 2377 exigebat.
735 2305 839 2374 Quinta
850 2312 912 2362 erat
919 2307 1096 2377 Scenopepio,
1104 2305 1212 2362 scilicet
1225 2305 1310 2361 leston

92 2377 173 2434 Unde
182 2376 357 2432 bernardus.-
374 2375 599 2433 «Vireratlesus
612 2393 682 2432 non·
737 2378 993 2442 Todemuculorum,
1026 2377 1101 2447 quod
1130 2377 1306 2433 celebrabatu

89 2449 160 2506 dum
174 2452 267 2515 uatus,
281 2447 332 2505 sed
344 2445 494 2520 sapientia,
510 2463 567 2503 non
582 2453 681 2514 aetate;
735 2447 846 2504 decima
858 2448 1013 2520 quartadie
1028 2447 1208 2519 septembris,
1223 2454 1250 2503 et
1260 2453 1310 2502 tun

88 2519 193 2577 animae
213 2519 319 2591 vigore,
340 2535 397 2575 non
415 2518 544 2590 corporis
563 2519 682 2576 maturi·
735 2516 1310 2588 illisdiehus,habitabantintabernaculis

90 2597 167 2661 tate,
184 2590 348 2663 integritate
368 2606 513 2660 sensuum,
534 2606 591 2646 uon
618 2607 681 2647 cor·
735 2590 764 2646 in
778 2590 944 2647 memoriam
957 2589 1032 2661 quod
1044 2596 1248 2661 patreseorum
1259 2602 1310 2662 qun

90 2662 217 2736 palentia
245 2663 448 2719 membrorum.
477 2664 573 2733 Neque
606 2663 683 2719 enim
736 2663 870 2733 draginta
880 2663 964 2718 annis
976 2661 1004 2716 in
1015 2662 1129 2718 deserto
1143 2661 1259 2717 suerunt
1272 2658 1310 2716 lul

91 2734 186 2790 minus
208 2732 306 2789 habuit
332 2731 458 2788 scientiae
476 2734 559 2789 lesus
583 2748 682 2789 conce·
735 2733 908 2790 umbraculis
942 2732 1113 2789 habitantes.
1148 2734 1225 2787 lnter
1256 2730 1310 2787 ista

90 2810 165 2877 ptus,
182 2819 266 2874 quam
283 2809 375 2869 natus,
393 2819 507 2875 parvus,
521 2818 606 2875 quam
622 2819 682 2860 ma·
736 2803 860 2875 quinque
880 2803 1047 2861 testivitates
1071 2803 1138 2859 solae
1158 2807 1229 2872 tres,
1249 2800 1305 2859 scili

89 2890 174 2947 gnus.
195 2874 259 2930 Sive
274 2889 342 2943 ergo
361 2872 452 2929 latens
466 2873 496 2929 in
516 2880 608 2942 utero,
624 2874 683 2932 sive
736 2881 781 2931 cet
796 2877 921 2944 Paschae,
936 2878 1126 2943 Pentecostes,
1142 2879 1171 2930 et
1186 2876 1310 2946 Scenope-

90 2944 208 3015 ragiens
227 2943 257 2998 iu
276 2942 426 3015 praesepio,
443 2943 501 3000 sive
519 2945 579 3016 jam
594 2961 682 3015 gran·
736 2947 790 3018 gire
809 2954 890 3003 crant
913 2946 1099 3003 solemniores
1121 2949 1148 3002 et
1174 2944 1310 3018 protende

87 3014 233 3072 diusculus
251 3013 432 3094 interrogans
454 3014 534 3086 Legis
553 3014 684 3072 doctores
736 3019 842 3074 bantur
860 3022 970 3090 septem
989 3017 1098 3074 diebus.
1120 3020 1150 3073 ln
1171 3017 1216 3073 his
1236 3015 1310 3073 trihu

88 3085 625 3155 inTemplo,srve1amperLectaeaetatia
635 3087 684 3143 do·
736 3088 815 3145 iestis
839 3105 924 3146 omne
953 3088 1149 3156 masculinum,
1170 3087 1310 3144 secundun

89 3171 156 3213 cens
166 3154 322 3237 inpopulo,
335 3170 415 3225 aeque
428 3155 551 3228 perfecte
564 3155 682 3228 suitple-
735 3165 908 3231 praeceptum
926 3160 1017 3232 Legis,
1042 3160 1214 3216 ascendebat
1233 3157 1263 3214 in
1278 3159 1310 3215 le

88 3243 143 3285 nus
154 3227 260 3298 Spiritu
275 3227 377 3283 Sancto
391 3243 397 3282 :
412 3248 426 3276 u
443 3228 504 3283 haec
514 3229 681 3286 benardus.
735 3231 869 3300 rusalem,
879 3238 907 3287 ut
917 3235 1067 3303 appareret
1079 3246 1175 3286 coram
1186 3231 1305 3286 Domino

89 3301 129 3356 Dc
145 3298 190 3355 his
207 3303 234 3355 et
249 3297 388 3379 ejusmodi
405 3298 494 3379 hahes
509 3298 594 3355 etiam
608 3298 683 3357 inira
735 3302 782 3372 qui
796 3307 891 3359 tamen
902 3308 982 3359 erant
992 3302 1103 3370 remoti,
1117 3318 1149 3357 ex
1162 3298 1310 3358 rationabil

87 3370 115 3428 in
131 3371 189 3427 tine
202 3370 287 3442 hujus
302 3368 427 3441 capituli.
734 3389 820 3429 causa
836 3373 963 3430 delestis
979 3375 1160 3430 Pentecostos
1176 3377 1204 3428 et
1221 3373 1310 3429 Scene

125 3463 139 3498 s
165 3444 355 3498 Fnsrrvrrarns
375 3457 494 3497 naomns
517 3443 679 3498 loononou.
734 3444 825 3515 pegiae
847 3460 877 3501 se
892 3450 1024 3516 poterant
1042 3459 1186 3513 excusare,
1204 3443 1255 3499 sed
1269 3458 1310 3499 not

90 3544 123 3555 -
141 3515 176 3568 Et
194 3514 272 3567 ibant
291 3518 419 3583 parentes
444 3513 513 3582 ejaes,
533 3516 680 3584 amquam
734 3516 770 3571 de
793 3517 912 3584 Pascha,
933 3515 985 3571 uisi
1005 3515 1171 3571 infirmitate
1196 3517 1310 3586 cogente

87 3582 181 3640 devoti
197 3587 225 3637 et
235 3583 360 3655 religiosi
374 3583 455 3656 Legis
470 3585 679 3654 observatores,
735 3588 791 3641 ista
810 3592 906 3643 autem
922 3589 995 3658 Lege
1016 3586 1150 3643 mulieres
1168 3602 1228 3642 non
1244 3599 1310 3641 eran

84 3670 136 3781 per
148 3669 238 3708 omnes
250 3670 347 3718 annos,
362 3659 394 3709 ut
405 3659 510 3722 esseut,
526 3657 556 3710 in
569 3657 680 3710 Jerusa-
734 3657 887 3725 adslrictae,
905 3658 955 3714 sed
972 3664 1067 3714 tamen
1082 3657 1212 3729 plurimae
1229 3654 1309 3712 venie

99 3741 140 3780 cm
164 3726 194 3778 in
220 3724 265 3779 die
286 3726 400 3780 solemni
424 3727 544 3790 Pascha,
574 3726 682 3783 scilicet
736 3729 804 3785 bant
823 3745 856 3785 ex
870 3729 1032 3786 devotione.
1052 3728 1131 3786 Unde
1146 3733 1174 3784 et
1190 3730 1222 3784 B.
1238 3727 1310 3798 vtrp

87 3797 253 3876 Papasceve,
264 3800 300 3875 ‘ut
317 3797 419 3866 Legem
434 3796 577 3865 audirent,
592 3797 680 3854 sacri-
734 3798 823 3857 llaria
839 3800 1010 3857 ascendebat
1027 3799 1145 3870 singulis
1161 3799 1256 3867 annis,
1272 3813 1310 3855 no

87 3866 160 3922 ficus
172 3871 383 3936 participarent,
397 3866 625 3938 solemnitatique
636 3867 680 3924 in·
734 3870 797 3926 lens
824 3872 947 3928 Puerum
975 3871 1118 3927 dimittere
1147 3871 1210 3927 siue
1239 3884 1305 3926 cura

87 3940 241 4004 teressent;
262 3943 289 3992 et
308 3937 370 4007 ejus
384 3938 477 3995 adhuc
495 3940 604 3996 umhrae
619 3955 680 3996 ser·
735 3941 856 3998 manime
868 3942 1004 4014 quamdiu
1018 3940 1310 4013 regnarithrchelana

86 4007 211 4089 ciebant,
224 4008 369 4078 cujusjam
378 4008 525 4066 veritatem
535 4011 678 4067 tenebant.
734 4013 867 4080 Quamvis
885 4029 953 4085 ergo
973 4019 1105 4086 parentes
1124 4012 1261 4070 timerent
1276 4014 1310 4069 ht

88 4079 142 4136 Uhr
155 4082 224 4133 nota
239 4077 314 4149 quod
330 4078 435 4149 legales
451 4080 617 4138 testivitates
630 4083 680 4139 lu·
734 4084 874 4153 chalcum,
897 4085 976 4142 ibant
998 4089 1094 4142 tamen
1116 4084 1145 4140 in
1166 4083 1310 4141 Jerusalen

88 4150 214 4230 daeopum
231 4148 361 4219 quaedam
377 4154 458 4206 erant
472 4167 636 4209 communes
652 4158 680 4210 et
733 4154 771 4211 ad
786 4154 861 4212 diem
876 4156 993 4225 testum
1010 4155 1076 4228 quia
1091 4159 1204 4228 poterat
1219 4153 1310 4213 fieriu

86 4220 680 4292 continuae,quaedamanniversariae.Gom·
733 4231 801 4284 tunc
820 4226 895 4284 inter
914 4232 972 4284 tarn
992 4227 1137 4301 ingentem
1154 4229 1268 4285 turham
1284 4224 1310 4283 la
