2790 4912
239 277 407 334 sslttortls
433 279 466 332 lli
493 280 601 335 bools
628 281 865 341 destituite.
1127 294 1176 349 289

63 397 142 438 rausa
171 382 257 454 justae
292 381 465 452 negationis,
495 387 528 438 ut

63 471 89 510 m
117 453 231 511 inanem
260 452 400 520 dimittas;
417 459 445 510 et
467 454 528 511 haec

63 547 70 582 ι
95 531 138 583 est
164 541 231 598 pars
251 528 280 581 et
302 540 375 596 opus
396 523 528 596 J'ustitiae,

63 614 167 670 uosyna
180 595 346 668 spiritualis.
369 597 446 652 Etsi
475 596 528 653 iste

63 670 114 741 ipit
136 669 165 724 id
180 668 257 740 quod
272 668 353 738 petit,
370 669 470 724 melius
485 674 527 726 ta·

63 742 138 797 ilicet
169 739 387 808 correctionem,
412 739 526 810 accipit.

63 813 84 869 ii
110 811 217 884 petenti
237 816 265 866 te
281 810 373 878 dabis,
396 811 527 882 quamvis

63 900 137 955 mper
166 882 195 938 id
223 881 407 964 quod-petit,
432 882 524 939 dabis.

64 955 120 1012 mni
135 958 254 1027 petenti,
275 953 375 1024 inquit,
392 969 449 1009 non
463 970 526 1010 om-

64 1026 139 1094 enti;
168 1030 200 1082 ut
228 1026 279 1082 des
303 1025 526 1096 quoddareho

73 1101 151 1170 juste
165 1102 256 1170 poles.
274 1096 327 1153 Ubi
340 1098 523 1152 Ambrosius:

72 1170 166 1226 minus
191 1173 233 1224 est
258 1167 387 1224 criminis
406 1167 524 1224 habenti

63 1258 145 1313 quam
155 1256 218 1296 cum
232 1238 325 1310 possis
336 1244 363 1294 et
374 1240 525 1296 abundans

63 1313 206 1389 igentibus
230 1311 384 1382 denegare.
412 1313 445 1366 Et
461 1326 524 1366 esu·

63 1385 140 1458 panis
160 1388 213 1451 est,
229 1398 314 1453 quem
340 1388 369 1438 tu
394 1380 522 1450 detines;

63 1475 86 1513 m
112 1457 310 1513 indumentum
333 1458 386 1523 est,
401 1453 476 1524 quod
493 1457 524 1509 lu

67 1549 73 1599 ;
108 1528 278 1584 miserorum
311 1523 468 1596 redemptio
496 1528 525 1579 et

63 1619 78 1657 o
106 1606 160 1668 est,
186 1596 310 1670 pecunia
337 1611 422 1668 quam
438 1601 467 1650 tu
493 1594 523 1650 in

63 1673 108 1729 lis.
122 1692 136 1725 u
153 1674 205 1727 Tot
221 1685 288 1740 crgo
310 1670 385 1725 bona
401 1665 474 1722 scias
495 1670 523 1721 te

63 1763 83 1810 e,
107 1747 177 1814 quot
196 1743 270 1798 bona
286 1755 386 1812 posses
404 1742 523 1811 praesta·

63 1817 149 1883 niam,
170 1817 202 1870 ut
224 1812 292 1868 dicit
308 1814 522 1881 chrysostomus,

72 1893 176 1944 nostrae
201 1901 257 1940 non
287 1889 363 1950 sunt,
387 1879 521 1947 sedbel,

65 1959 142 2016 enim
173 1956 385 2028 dispensatores
414 1950 525 2008 divitia·

63 2047 142 2088 arum
166 2045 220 2084 nos
247 2025 337 2083 voluit
363 2041 437 2093 csse,
467 2039 523 2078 non

63 2121 78 2161 t.
110 2105 150 2158 Da
181 2115 248 2170 ergo
277 2104 305 2154 et
333 2096 438 2163 tribue,
466 2111 522 2150 non

63 2173 150 2230 'endit
165 2176 271 2239 antem,
284 2168 332 2241 qui
349 2168 453 2223 multas
461 2181 523 2248 pre·

65 2251 153 2312 ectat;
168 2242 274 2308 vendit,
289 2243 335 2313 qui
351 2239 522 2296 beneficium

63 2317 142 2383 inat;
158 2314 263 2377 vendit,
277 2311 326 2383 qni
338 2308 456 2382 pauperi
471 2308 522 2365 im·

63 2395 82 2458 l;
100 2386 207 2453 rendit,
223 2384 270 2455 qui
290 2381 364 2439 tristi
379 2380 458 2436 vultu
474 2381 523 2435 do·

63 2460 133 2526 rdit,
154 2457 202 2529 qui
226 2452 449 2511 vicissitudinem
478 2467 523 2507 ex·

71 2534 184 2601 Pauper
208 2533 302 2583 lemen
329 2532 358 2581 et
383 2523 453 2579 nihil
473 2524 521 2578 ba·

63 2620 92 2659 >n
119 2605 233 2658 tenetur
260 2599 297 2655 ad
329 2597 437 2653 donum
461 2611 522 2650 mn·

64 2691 166 2742 manu;
183 2671 232 2728 sed
257 2671 292 2727 ad
314 2670 422 2748 donum
446 2682 522 2748 com·

64 2764 77 2802 s
104 2763 121 2801 a
149 2744 245 2811 corde,
267 2740 470 2798 consolationis
490 2753 519 2792 m

63 2816 219 2874 brentionis
247 2814 277 2869 in
299 2826 385 2883 opere
404 2812 520 2866 tenetur

63 2906 78 2945 o
108 2894 136 2946 et
161 2895 298 2959 tempore.
314 2882 394 2940 Unde
407 2882 518 2938 Glossa:

63 2967 112 3018 cest
140 2960 269 3027 facultas,
282 2957 318 3013 da
339 2951 518 3023 obsequium,

63 3037 139 3100 etum,
158 3031 200 3087 vel
218 3029 346 3085 verbum.
374 3027 439 3081 llaec
453 3027 520 3080 sunt

63 3120 121 3159 ,nor
136 3119 198 3174 quae
223 3099 325 3157 obtulit
351 3095 520 3168 ltlagdalena

73 3173 181 3230 scilicet
202 3192 208 3228 ι
229 3173 369 3242 lacrymas
389 3182 520 3239 compas-

63 3245 179 3316 capillos
209 3239 416 3309 subventionis,
441 3253 521 3295 oscu-

63 3315 207 3399 ecutionis,
224 3319 253 3371 et
267 3317 445 3385 unguentum
454 3324 521 3366 con·

63 3405 125 3445 is.»

63 3477 170 3523 ucuocn
186 3475 240 3513 sors
267 3472 422 3514 scombris.
443 3453 524 3508 -Et

63 3532 134 3587 nodo
156 3528 373 3601 intelligendum
386 3523 522 3652 estgnod

63 3606 134 3658 cm
154 3604 257 3658 uolenti
279 3601 439 3665 mutuari‚1
479 3597 523 3650 est

587 387 1174 469 necquodcumquecommodum3itaqnod

585 462 701 529 propter
722 463 805 515 istam
825 476 915 530 spem,
941 479 996 519 non
1011 465 1096 522 debet
1110 484 1172 525 mu·

585 532 664 585 tuum
684 529 757 598 lieri,
777 530 843 587 licet
866 549 883 588 a
911 535 968 590 Deo
996 537 1084 605 possit
1107 537 1175 597 inde

585 615 694 657 merces
704 602 823 683 sperari.
839 604 1069 664 Amisericordia
1079 614 1174 668 lenon

584 676 705 741 avertas,
714 688 766 730 nec
781 675 933 732 1nhomine
943 692 1022 748 spem
1036 681 1176 739 mercedis

585 742 666 813 ligas,
678 744 728 825 sed
742 743 772 800 in
786 747 854 814 Deo,
871 747 920 816 qui
939 763 1001 804 cum
1018 751 1106 808 multo
1121 753 1174 810 ice-

584 829 653 895 nore
676 815 725 871 nm
742 816 850 885 reddet,
871 819 959 888 quod,
976 819 1024 875 illo
1037 822 1169 893 iubente,

583 883 663 941 lacis.
679 886 759 941 Unde
776 889 972 955 nepessinus:
998 913 1011 943 u
1027 894 1084 950 Nec
1107 912 1171 967 pro·

584 960 682 1037 pterea
698 957 875 1014 voluntatem
897 959 1005 1018 alienes
1018 965 1055 1021 ab
1074 982 1108 1023 eo
1122 968 1171 1042 qui

583 1032 663 1097 petit,
684 1027 764 1099 quasi
783 1028 853 1084 nihil
874 1037 1039 1102 recepturus
1062 1053 1079 1093 a
1102 1040 1172 1108 Deo,

581 1113 645 1154 cum
661 1115 721 1180 rem
736 1116 798 1171 quae
820 1101 905 1157 datur
930 1109 1037 1174 mutuo,
1061 1106 1109 1164 ille
1123 1109 1172 1181 qni

581 1175 688 1241 accepit
722 1171 863 1227 exsolvat:
891 1172 958 1243 quie
984 1191 1049 1232 cum
1081 1178 1109 1234 id
1139 1197 1173 1237 ex

580 1246 722 1367 praecepto
744 1241 793 1298 Dei
825 1241 904 1311 lacis,
929 1245 1003 1316 apud
1027 1246 1106 1304 illum
1124 1251 1172 1320 qui

600 1327 641 1368 aee
652 1313 743 1383 jubet,
756 1311 962 1370 infructuosum
971 1332 1033 1372 esse
1044 1334 1100 1374 non
1113 1326 1173 1391 pot·

581 1389 637 1439 est:
655 1403 669 1435 u
688 1384 748 1439 haec
771 1385 955 1453 depectione.
974 1387 1077 1445 Dicens
1088 1406 1171 1463 ergo:

580 1456 660 1510 Omni
667 1459 772 1526 petenti
786 1462 812 1511 te
824 1458 958 1525 tridua...
966 1464 992 1515 et
1005 1461 1107 1518 volenti
1116 1480 1174 1521 nru-

581 1529 655 1580 tuart
684 1543 702 1581 e
726 1532 762 1595 te,
785 1544 820 1583 ue
839 1533 974 1585 avertaris
992 1531 1028 1587 ab
1044 1548 1090 1602 eo,
1113 1534 1171 1592 duo

580 1612 686 1668 genera
715 1598 845 1655 benetlcii
872 1601 1096 1673 complectitur:
1127 1606 1172 1664 vel

581 1684 645 1724 cnm
659 1668 795 1726 benevole
810 1671 921 1741 damus,
937 1675 980 1728 vel
996 1689 1061 1730 cum
1078 1677 1172 1734 reddi·

579 1743 644 1821 turo
657 1741 885 1809 commodamus;
902 1749 930 1799 et
944 1744 980 1799 ad
992 1751 1111 1817 utraque
1123 1765 1171 1820 pa·

579 1816 634 1866 rati
649 1827 712 1867 esse
734 1812 879 1870 debemus.
899 1816 930 1870 ln
950 1821 1070 1888 utroque
1094 1819 1171 1877 enim

580 1898 685 1953 genere
710 1883 907 1957 eleemosynis,
928 1886 994 1943 dato
1017 1888 1124 1946 scilicet
1143 1895 1172 1949 et

580 1959 689 2014 mutuo.
705 1959 836 2012 tenemur
854 1956 932 2012 omni
947 1959 1053 2030 petenti
1074 1961 1169 2033 egenti

580 2025 742 2110 subvenire,¹
762 2027 848 2084 etiem
867 2027 993 2100 inimico,
1013 2030 1036 2087 si
1053 2032 1171 2114 perlecti

580 2113 691 2167 sumus;
703 2115 726 2155 si
736 2100 902 2171 imperfecti,
916 2118 972 2157 non
987 2101 1041 2159 nisi
1053 2120 1082 2160 in
1098 2121 1173 2163 sum·

581 2185 628 2226 ma
642 2174 811 2227 necessitate
832 2171 1069 2231 esseviderimus.
1091 2177 1171 2234 Unde

581 2241 801 2309 chrysostomus:
816 2242 869 2299 «Si
886 2242 1110 2302 misericordiam
1123 2263 1173 2319 po-

581 2312 730 2380 stulamur,
744 2313 819 2383 quod
831 2328 992 2384 possumus,
1004 2315 1171 2387 largiamur,

580 2386 610 2436 ut
625 2382 679 2453 ipsi
694 2382 724 2438 id
738 2383 814 2462 quod
835 2385 925 2439 eDeo
942 2384 1077 2464 petimus,
1094 2402 1169 2456 prae·

580 2452 700 2533 cedente
730 2457 843 2521 merito,
875 2453 985 2510 facilius
1017 2454 1171 2527 impetrare

580 2523 1172 2598 possrmus‚Verum,sieosquinospetunt

578 2593 779 2665 despiciamus,
790 2610 847 2665 qna
861 2594 964 2651 fiducia
974 2599 1062 2653 Deum
1076 2599 1169 2669 nobis,

578 2666 653 2737 qnod
679 2665 813 2738 petimus,
840 2671 976 2738 prestare
1002 2668 1172 2728 credimus?

576 2738 715 2819 iubemur
727 2736 803 2794 enim
814 2753 866 2820 per
874 2737 980 2808 omnia,
1001 2740 1169 2813 religionem

577 2814 690 2881 pietalis
710 2809 830 2866 aclides
850 2810 1003 2881 custodire,
1023 2819 1053 2869 ut
1070 2829 1170 2873 neces·

577 2881 690 2937 sitalem
712 2880 905 2939 tribulationis
932 2882 1059 2953 alterins,
1107 2885 1169 2944 nasi

576 2951 733 3079 propriam,
767 2958 978 3025 computemns;
1003 2971 1056 3012 nec
1078 2902 1169 3029 pluris

588 3024 750 3096 acuitatem,
774 3041 859 3098 quam
880 3027 997 3085 tratrem
1020 3026 1169 3102 iaciamus,

577 3101 773 3168 exspectantes
799 3098 957 3154 mercedem
972 3099 1169 3158 retributionis

576 3175 692 3224 aeternae
708 3185 715 3222 :
729 3188 744 3220 »
755 3168 816 3223 baee
832 3170 1047 3237 chrysostomus.
1063 3172 1096 3224 Et
1110 3187 1167 3227 non

576 3239 668 3296 solum
684 3237 720 3294 de
735 3238 922 3309 eleemosynis
937 3239 991 3293 hoc
1005 3237 1167 3309 intelligen-

577 3311 645 3366 dum
661 3313 715 3376 est,
733 3309 783 3363 sed
793 3309 866 3364 etde
879 3307 1000 3379 pecunia
1014 3322 1167 3377 quaenum·

597 3395 665 3436 uam
679 3377 786 3448 delicit,
805 3377 835 3437 id
860 3385 903 3435 est
921 3377 957 3434 de
980 3377 1119 3449 sapientia
1139 3384 1168 3437 et

577 3398 721 3519 floctrina,
737 3465 800 3521 quae
822 3453 938 3506 nonest
956 3450 1063 3521 petenti
1079 3451 1167 3509 dene·

578 3522 686 3595 ganda3
710 3521 845 3594 quoniam
863 3536 981 3578 ararum
997 3519 1168 3594 dedignatur

577 3609 784 3667 possessorem,
813 3599 842 3650 et
867 3592 896 3648 in
929 3592 1001 3650 alios
1030 3593 1169 3655 translata

86 3674 214 3746 accipme
237 3690 255 3727 o
276 3678 312 3739 tc,
334 3687 367 3726 ne
388 3669 523 3724 uenturis
578 3664 689 3735 crescit,
700 3670 729 3722 et
743 3663 835 3737 magis
845 3663 917 3720 ditat
926 3669 1080 3722 auctorem.
1094 3667 1168 3739 Ergo

73 3746 179 3802 scilicet
210 3761 269 3800 non
294 3740 459 3807 mutuando,
480 3735 524 3794 vel
577 3736 686 3810 petenti
701 3752 775 3805 eam,
799 3751 851 3808 pro
872 3737 930 3792 Deo
949 3734 1115 3804 distribuas,
1139 3742 1169 3796 et

63 3866 65 3872 ,
80 3816 251 3885 differendo,
268 3815 311 3871 vel
326 3809 522 3869 diminuendo.
579 3807 683 3865 volenti
695 3823 759 3864 eam
771 3806 895 3865 mutuari
910 3822 926 3863 a
939 3812 979 3877 te,
992 3812 1022 3865 ut
1036 3809 1107 3865 alios
1119 3810 1168 3867 do·

62 3888 111 3958 ibi,
122 3888 146 3945 si
160 3887 232 3960 petit
240 3883 464 3950 rationabiliter;
481 3880 524 3937 vel
579 3885 651 3948 ceat,
684 3894 721 3935 ne
745 3877 898 3948 avertaris;
915 3877 982 3951 quie
1002 3880 1078 3950 qnod
1096 3881 1167 3937 elios

63 3977 74 4016 1
86 3961 183 4031 redde,
199 3960 223 4015 si
237 3957 309 4032 petit
322 3952 524 4013 irrationabili·
579 3957 683 4024 preter
692 3955 720 4006 te
733 3949 856 4019 docebit,
868 3949 918 4008 tibi
931 3951 1095 4010 reddetura
1109 3954 1168 4009 Deo

72 4039 200 4088 mutuum
224 4028 376 4087 hilariter:
402 4028 525 4083 Hilarem
580 4037 644 4105 cum
656 4021 764 4104 ioenore
779 4022 879 4079 multo.
896 4024 1019 4094 Utraque
1035 4039 1103 4104 ergo
1117 4038 1167 4095 pe·

63 4110 144 4160 torem
158 4104 259 4172 ditiptt
274 4106 357 4171 Deos,
372 4104 401 4157 et
415 4116 448 4156 ex
461 4099 526 4156 cha·
579 4109 674 4158 cuma,
695 4092 803 4150 scilicet
814 4092 970 4166 corporalis
984 4099 1012 4150 et
1031 4092 1167 4165 spiritua·
1239 4096 1242 4103 ’

63 4191 110 4232 nra
140 4173 209 4230 nibil
232 4174 299 4230 inde
324 4187 453 4245 sperans,
480 4171 525 4228 vel
580 4166 625 4237 lis,
650 4169 694 4223 est
718 4166 935 4248 commodanda,
950 4164 1000 4222 sed
1014 4159 1170 4220 materialis

63 4217 167 4303 sultra
178 4251 296 4315 sortem,
313 4260 367 4301 nec
379 4242 526 4301 servitium
580 4238 642 4297 sine
670 4252 768 4308 usura,
797 4236 950 4311 spiritualis
979 4249 1043 4292 cum
1071 4248 1168 4292 usura.

63 4357 82 4393 ’a
98 4342 165 4394 issu
182 4342 301 4401 Gnmsrr,
318 4353 404 4393 restes
420 4341 442 4391 l.
1059 4332 1089 4382 ta

900 4588 1201 4646 „nh-..fi
