2790 4912
157 337 198 387 ru
469 293 480 310 ⁵
533 333 645 387 rursu
671 335 790 389 ethus
817 334 921 389 elrnr
947 332 1009 386 xrs

156 458 207 499 seu
221 439 327 499 delicti.
343 437 440 507 Qui,si
455 438 602 496 inmundo
620 440 741 498 mansis·

156 519 210 583 set,
239 515 312 570 torte
338 509 447 568 malitia
473 515 501 566 et
524 511 740 570 conversatione

156 583 303 641 hominum
331 583 502 654 depravatus
529 581 639 639 luisset.
658 585 739 640 liun-

156 656 225 712 dum
252 655 349 726 itaque
382 654 471 725 sugit,
500 658 533 710 ut
557 654 740 711 sanctitatem

156 742 239 783 suam
264 725 428 792 custodiret,
444 730 472 781 et
493 739 529 780 ne
555 724 608 782 levi
640 728 740 783 saltem

156 799 255 867 verbo,
271 798 314 854 vel
328 801 455 869 peccato,
471 795 558 852 vitam
573 798 738 854 macularet.

155 870 236 937 Nam,
260 868 415 925 secuudum
436 869 664 937 Chrysostomum,
686 867 740 925 sie·

135 945 188 997 vut
218 938 394 1012 impossibile
427 944 468 995 est
500 941 633 996 arborem
661 941 741 1011 juxta

156 1011 231 1068 riam
245 1011 379 1083 positam,
395 1011 502 1067 tructus
519 1027 609 1082 usque
628 1011 665 1068 ad
680 1027 740 1067 me·

156 1082 302 1140 turitatem
313 1099 441 1149 servare;
457 1081 496 1138 sio
507 1082 650 1139 hominem
653 1083 741 1210 1{tutta

158 1154 297 1210 muudum
325 1152 461 1225 positum,
482 1169 571 1223 usque
599 1153 627 1209 in
674 1169 741 1210 nem

156 1224 222 1281 vitae
255 1224 449 1281 innocentiam
485 1224 636 1282 custodire.
670 1226 742 1282 Sunt

155 1301 252 1353 autem
278 1296 409 1368 quendam
439 1296 567 1363 arbores,
583 1312 647 1368 quae
676 1297 742 1352 licet

156 1365 186 1423 in
208 1369 291 1424 horto
316 1366 371 1423 sint
397 1366 539 1438 plantatae,
555 1366 596 1423 ita
614 1368 689 1439 quod
704 1367 741 1424 ad

156 1438 281 1511 stipitem
296 1443 478 1494 transeuntes
494 1455 550 1495 uon
565 1444 686 1510 possunt
698 1443 740 1495 at-

156 1509 277 1583 tingere,
294 1515 390 1566 tamen
411 1526 506 1566 ramos
519 1527 586 1566 suos
602 1526 652 1582 per
665 1509 740 1566 riam

157 1583 340 1654 expandunt,
368 1586 396 1637 et
424 1580 488 1637 ideo
516 1582 702 1638 molestantur
724 1597 742 1638 a

157 1652 386 1720 transeuntibus;
405 1651 445 1708 sic
474 1657 517 1708 est
540 1653 575 1709 de
599 1651 741 1724 religiosis

155 1725 184 1781 iu
204 1723 325 1795 negotiis
345 1722 519 1780 secularibus
541 1729 570 1780 et
589 1723 741 1781 mundanis

155 1811 186 1852 se
201 1795 422 1867 implicantibus.

190 1884 295 1951 ALAus
311 1885 424 1938 loturus
445 1884 583 1938 Bnrrrsrn
599 1899 740 1938 nonnoso·

159 1970 214 2010 nuu
231 1971 370 2009 rutnctrts.
388 1985 419 1994 —
437 1954 582 2009 Excellens
608 1953 689 2009 valde
712 1958 741 2009 et

155 2023 295 2080 mirabilis
317 2030 360 2079 est
375 2040 444 2094 puer
458 2025 510 2080 iste
526 2027 659 2081 loannes.
678 2027 740 2095 lpse

156 2094 233 2151 enim
248 2095 301 2149 luit
317 2095 424 2165 primus
438 2095 567 2162 eremita,
584 2111 616 2150 ac
633 2093 738 2166 princi-

155 2164 246 2237 pium,
262 2170 291 2221 et
307 2166 351 2221 vla
373 2165 505 2236 religiose
527 2166 620 2222 vivere
645 2166 739 2222 volen-

154 2236 236 2293 tium.
257 2238 295 2291 Be
322 2237 401 2307 cujus
428 2236 565 2307 singulari
592 2253 738 2293 conversa·

156 2307 233 2365 tione
260 2310 356 2363 Petrus
380 2311 525 2364 ltooennos
552 2307 592 2364 ita
615 2308 736 2364 scribit:

156 2400 170 2432 n
192 2380 268 2435 lnlra
283 2379 502 2435 teneritudinem
517 2395 656 2436 annorum
674 2381 739 2436 bea·

155 2455 200 2507 tus
231 2451 283 2506 iste
310 2467 391 2522 puer,
412 2450 515 2522 Spiritu
545 2452 675 2518 ducente,
700 2451 737 2507 ad

155 2538 282 2580 eremum
297 2523 398 2579 ductus
413 2528 464 2590 est,
480 2539 531 2577 nec
543 2523 659 2578 obstetit
672 2528 738 2577 aeta·

152 2592 190 2650 tis
201 2593 364 2660 iufirmitas,
378 2610 463 2666 quam
477 2595 608 2665 majestas
624 2592 736 2649 Domini

153 2665 333 2722 foecundavit.
346 2665 600 2736 lleliquitloannes
611 2665 737 2736 Baptista

154 2737 309 2804 mundum,
338 2737 469 2793 homines
498 2736 586 2808 fugit,
614 2736 736 2808 patriam

153 2807 252 2873 nescit,
280 2818 411 2877 parentes
440 2814 626 2889 aspernatur,
650 2813 678 2864 et
707 2807 735 2862 in

153 2876 242 2931 solius
257 2876 413 2933 divinitatis
432 2895 541 2949 apicem
561 2881 651 2935 beatae
668 2895 735 2934 con-

153 2946 736 3018 templationisfigitobtuitus.Mirarerum

153 3017 344 3085 conversatio,
366 3019 508 3074 hominem
530 3020 575 3075 vix
598 3020 734 3076 mundum

153 3086 323 3158 ingressum,
350 3089 446 3144 mutrdi
475 3090 595 3160 gloriam
626 3092 734 3162 lugere,

152 3164 181 3215 et
195 3159 280 3215 seculi
297 3159 465 3230 cupiditates
483 3178 539 3216 non
556 3164 646 3218 solum
662 3163 735 3218 obli-

152 3229 231 3298 visci,
249 3231 341 3286 sedet
357 3231 476 3300 nescire,
490 3239 656 3303 perpetuum
672 3249 736 3289 cum

150 3300 299 3358 divinitate
318 3302 445 3358 stabilire
471 3303 657 3368 consortium!
682 3307 735 3360 lle-

150 3388 246 3431 cessus
262 3375 411 3442 montium,
428 3374 561 3432 silvarum
581 3376 735 3443 anfractus,

150 3450 178 3502 et
188 3446 303 3502 vallium
312 3447 506 3517 subterjacens
515 3446 735 3518 vastitas,puer0

148 3516 318 3587 patriarches
331 3517 484 3585 domicilia,
497 3534 560 3574 curn
574 3534 628 3573 nox
638 3534 736 3588 coege-

149 3589 403 3667 rat,praebuerunt.
418 3588 462 3645 Sic
472 3592 594 3645 loannes
609 3589 736 3660 Baptista

150 3662 241 3712 aetatrs
255 3674 454 3729 supergressus
469 3659 629 3726 infantiam,
641 3665 669 3716 et
686 3676 735 3715 no·

149 3727 731 3801 biliorisgenerisgenerositatemoblitus,

148 3798 734 3868 solivacatdivinitati,formavitae,moua-

151 3869 268 3951 chorum
290 3872 478 3944 propositum,
495 3874 735 3930 anachoretarum

148 3942 330 4020 principium,
357 3943 442 4000 totius
470 3943 616 4015 religionis
639 3960 732 4000 asser-

148 4013 188 4066 ho
201 4027 208 4065 ε
222 4032 236 4061 »
253 4012 313 4067 haec
327 4016 423 4069 Petras
436 4019 591 4071 Rauennae.
609 4016 690 4071 Unde
705 4020 734 4071 et

150 4081 356 4163 chrysostomus
377 4103 420 4139 :o
451 4085 528 4141 Sicut
554 4087 732 4143 sacerdotum

146 4167 289 4234 principes
301 4160 366 4209 sunt
377 4157 514 4225 Apostoll,
528 4160 568 4213 sic
582 4160 732 4214 monacho

122 4249 124 4253 ·
147 4239 211 4282 rum
231 4239 363 4297 princeps
388 4231 431 4281 est
448 4229 573 4283 loannes
592 4228 730 4300 Baptista,

146 4294 728 4371 quantumtraditilebraeorumscriptura,

803 445 831 497 et
842 455 932 510 usque
941 437 1026 495 hodie
1035 436 1065 494 iu
1076 437 1218 496 memoria
1233 445 1286 496 est.
1295 442 1380 505 conde

801 508 1241 580 derate,mouachi,dignitatem
1252 518 1376 575 vestrm

801 585 925 640 ioannes
940 580 1070 653 princeps
1086 586 1190 638 vestrae
1205 586 1251 639 est
1267 582 1394 657 dignm-,2

801 653 848 710 tis.
869 656 932 725 lpse
951 652 1119 720 monachus,
1140 653 1240 710 statim
1257 658 1287 711 ut
1304 662 1382 717 netu·

802 730 855 793 est,
865 724 896 781 in
906 739 1002 781 eremo
1012 722 1091 793 vivit,
1104 723 1134 779 in
1146 740 1246 782 eremo
1256 725 1386 799 nutrita,

802 795 945 853 Christum
956 793 1138 865 exspectatio
1150 795 1313 867 solitudine,
1325 814 1374 859 un

800 867 859 924 uult
881 882 944 924 cum
972 864 1134 923 hominibus
1163 867 1374 937 conversamin-

802 954 897 996 eremo
921 953 984 995 cum
1002 936 1118 1019 Angelis
1141 939 1291 1020 probatur.
1310 938 1382 1001 Μ’

800 1011 856 1067 ista
872 1013 1049 1066 conversatio
1070 1008 1219 1081 despicere
1246 1011 1266 1068 b
1311 1010 1318 1024 ‘
1373 1045 1395 1082 3

800 1081 923 1153 Angelos
943 1095 1082 1162 quarere,
1098 1081 1185 1137 urbes
1199 1026 1382 1143 desem·

800 1151 1298 1211 insolitudmechustuminveniret
1376 1188 1384 1219 -,

802 1229 877 1280 stum
902 1239 959 1280 non
983 1223 1128 1295 quaerehat
1147 1222 1177 1278 in
1198 1224 1305 1298 templo
1389 1283 1391 1286 ,

800 1295 830 1350 in
849 1295 976 1376 deserto:
1002 1292 1145 1365 separavit
1171 1310 1201 1351 se
1224 1311 1242 1351 a
1262 1267 1395 1355 multu·

801 1365 877 1422 dinc.
895 1364 989 1422 Oculis
1003 1365 1233 1436 exspectantibus
1246 1365 1367 1425 Christe!
1384 1378 1392 1439 j

800 1436 870 1492 nihil
886 1436 963 1493 aliud
981 1435 1010 1492 di
1032 1451 1099 1492 num
1121 1441 1166 1492 est
1188 1434 1391 1508 aspicereuss.

801 1508 943 1565 Christum
963 1452 1084 1564 :felices
1108 1512 1175 1564 suut
1197 1507 1247 1579 qui
1272 1507 1367 1567 imittu-

800 1584 848 1635 tur
856 1582 1005 1647 Joannem,
1015 1593 1081 1649 quo,
1093 1578 1365 1653 attestantebomius,

800 1651 891 1720 major
909 1654 981 1706 inter
996 1655 1075 1705 natos
1094 1652 1242 1707 mulierum
1255 1667 1307 1709 nos
1316 1666 1366 1709 n·

800 1725 897 1777 remit:
913 1743 927 1772 »
946 1722 1008 1777 haec
1025 1722 1243 1790 chrysostomus.

837 1795 1100 1848 5lllonncu1uounn
1116 1811 1188 1849 ouon
1205 1810 1364 1864 simeron»

801 1881 842 1920 urs
854 1882 916 1921 vrrs
928 1882 990 1920 urus
1005 1881 1069 1919 esse
1083 1882 1197 1923 usunsr.
1211 1897 1247 1907 -
1257 1865 1364 1925 tutelis·

801 1952 869 2018 crgo
898 1933 1029 1991 monachi
1057 1939 1140 2004 suut,
1168 1936 1216 2008 qui
1244 1939 1363 1995 Joauufl

800 2005 1364 2137 restrueremsersusa·

1198 2121 1205 2148 i

799 2148 881 2206 bibus
898 2165 962 2205 cum
981 2147 1143 2205 homiuibus
1162 2155 1361 2217 conversanum

799 2220 901 2291 quibus
908 2220 1030 2276 solitudo
1040 2235 1137 2277 carcer
1148 2226 1203 2289 est,
1216 2228 1245 2277 et
1251 2220 1362 2294 oppidu!

797 2291 955 2363 paradisus.
977 2294 1038 2347 Non
1060 2291 1100 2347 sic
1120 2295 1299 2361 Hieronymus
1314 2306 1362 2348 seu·

799 2363 896 2430 tiebat,
913 2362 960 2434 qui
979 2361 1093 2420 dicebat
1115 2382 1123 2417 ε
1146 2385 1160 2413 «
1184 2363 1305 2420 Viderint
1326 2360 1384 2419 tli'

798 2434 866 2505 quid
880 2433 1015 2502 sentiant,
1030 2434 1225 2506 unusquisque
1238 2446 1361 2491 sensusne

798 2505 921 2573 ducitur,
937 2504 1005 2560 mihi
1025 2504 1160 2576 oppidum
1176 2521 1275 2562 carcer
1287 2508 1362 2575 estut
1387 2518 1391 2525 ·

798 2576 921 2633 solitudo
948 2575 1096 2649 paradisus
1120 2594 1127 2631 ε
1155 2597 1170 2626 »
1199 2578 1260 2633 haec
1286 2579 1360 2633 llise

797 2664 906 2717 aymus.
922 2649 1064 2719 Agnoscat
1078 2663 1146 2718 ergo
1165 2648 1362 2706 monachusuo·

797 2729 883 2784 minis
895 2729 938 2786 sui
950 2728 1207 2801 significationem:
1221 2726 1295 2799 ptos
1305 2724 1361 2785 euitt

797 2809 904 2878 Graeoe,
914 2806 1312 2878 unuslatineetdgoetiraeee
1327 2807 1362 2863 tri

795 2883 847 2936 stis
864 2881 961 2937 Latine
970 2880 1091 2946 dicitur;
1105 2884 1133 2936 et
1144 2879 1208 2936 ideo
1217 2852 1361 2945 monachos,

796 2951 877 3078 guasi
890 2967 962 3007 unus
972 2957 999 3007 et
1010 2950 1099 3006 tristis
1110 2950 1319 3023 interpretatus.
1328 2950 1363 3007 Se

816 3027 863 3078 eat
872 3038 939 3094 ergo
950 3022 1027 3078 solus
1040 3029 1067 3078 et
1079 3021 1214 3089 tristis,et
1229 3022 1363 3080 officiosut

796 3099 886 3160 vacet,
897 3093 1076 3164 alienumque
1090 3093 1216 3150 olticium
1232 3111 1289 3151 non
1302 3104 1363 3152 tum

796 3170 852 3237 pet.
869 3165 921 3232 Qui
937 3165 1069 3221 tamensi
1086 3164 1190 3221 docere
1205 3167 1275 3235 vult,
1290 3160 1365 3223 sudu

796 3235 943 3292 eonsilium
955 3238 1088 3304 lingonis,
1100 3236 1146 3306 qui
1156 3235 1242 3293 dicit:
1258 3259 1274 3289 o
1287 3233 1365 3294 vitius

796 3305 910 3363 habitus
927 3307 978 3374 tui,
999 3312 1028 3362 et
1050 3306 1218 3378 simplicitas
1234 3304 1367 3374 voltuset

796 3377 931 3433 sanctitas
945 3377 1169 3434 conversationis
1200 3384 1259 3436 tuae
1283 3378 1367 3436 docete

796 3448 1368 3525 debenthominesltetiustngiendomnr

796 3520 874 3587 dum,
896 3520 991 3587 doces,
1016 3535 1099 3591 quam
1122 3536 1153 3577 se
1174 3522 1280 3578 nendo.
1299 3542 1314 3573 s
1330 3519 1368 3585 Qu

796 3590 893 3658 etiam,
912 3591 1067 3647 secundum
1083 3536 1234 3648 consilium
1252 3588 1369 3662 Gemoll.

795 3661 985 3718 reverentiam
1012 3662 1055 3718 sui
1080 3662 1205 3730 habitus,
1229 3663 1260 3720 in
1283 3661 1371 3741 cogita·

795 3733 883 3801 tione,
897 3732 927 3789 in
937 3732 1092 3799 locutione,
1104 3735 1373 3806 sempercircumsp

795 3803 851 3860 ciat
863 3821 870 3871 ;
882 3809 914 3859 ut
925 3820 970 3873 ea,
985 3819 1048 3875 quae
1059 3804 1157 3860 mundi
1170 3811 1249 3874 sunt,
1265 3806 1374 3878 perlecto

795 3874 923 3943 deserat;
946 3879 976 3931 et
1002 3876 1076 3946 quod
1101 3876 1228 3933 ostendit
1255 3872 1375 3935 humanit

796 3945 885 4002 oculis
895 3945 1005 4014 habitu,
1018 3948 1071 4001 boc
1081 3953 1147 4003 ante
1159 3949 1209 4004 Bei
1222 3948 1376 4005 oculosue

796 4017 876 4074 ribus
891 4016 1061 4099 praetendat:
1080 4019 1141 4074 Non
1157 4035 1227 4090 ergo
1242 4015 1376 4091 glorieris,

797 4089 873 4159 quod
889 4105 920 4144 1n
936 4087 1089 4145 solitudine
1113 4089 1156 4145 vel
1181 4086 1377 4162 religionem,

795 4164 845 4215 aut
864 4160 949 4231 longo
966 4163 1095 4228 tempore
1114 4160 1213 4229 tueris,
1230 4160 1286 4217 nisi
1305 4161 1335 4218 iu
1351 4172 1378 4216 st

795 4231 868 4287 bene
883 4230 997 4301 rixeris,
1012 4228 1080 4302 quit
1092 4230 1164 4287 nihil
1175 4232 1227 4289 tibi
1241 4230 1375 4305 proderit:

795 4300 853 4358 imo
873 4317 978 4375 magna
999 4301 1105 4360 damna
1128 4302 1259 4374 patieris,
1277 4303 1302 4362 si
1323 4315 1378 4361 ere
