2790 4912
81 294 127 346 336
465 288 575 341 lulum
603 288 723 343 lautis
751 287 857 340 otrus
885 287 931 341 xt

79 399 145 470 j0ra
156 394 250 453 minor
261 410 369 451 merces
382 397 526 463 sequatur.
535 384 668 467 ltlagnuni

81 469 188 526 donum
218 467 268 523 Dei
295 471 338 522 est
365 465 440 522 bona
466 463 606 533 voluntas
640 471 668 521 el

82 536 267 613 prestantius
286 553 373 609 super
397 551 497 592 omnes
513 552 559 593 res
582 541 669 592 terre·

82 628 142 668 nas.
159 632 175 662 »
190 610 269 666 Unde
283 609 323 665 ait
342 608 535 676 deposimus:
554 627 568 660 c
589 610 669 664 Boua

82 683 212 739 voluntas
226 685 268 736 est
281 695 338 750 qua
346 678 506 750 appetimus
528 684 604 734 recte
619 681 668 735 ho-

83 770 118 810 ne
128 758 227 824 sieque
243 749 349 818 vivere,
365 750 584 806 ctadsummam
597 750 670 821 sapi·

80 841 118 882 cn
132 823 201 880 tiam
215 820 372 894 pervenire.
393 821 573 878 Voluntatem
594 822 670 892 quis-

80 911 144 968 que.
159 910 222 950 cum
238 893 324 949 babet
334 894 450 961 bonam,
464 891 571 948 idcirco
582 894 668 949 habet

81 965 158 1038 quod
189 963 311 1021 terrenis
337 963 468 1019 omuibus
490 963 597 1035 regnis,
622 980 668 1019 vo-

81 1034 667 1162 luptadbuscgueomnibuscorporislonge

81 1113 146 1166 ante
167 1123 242 1163 ouen
265 1122 312 1163 um
336 1105 389 1175 sit;
417 1105 547 1232 quisquis
572 1113 666 1162 autem

81 1196 139 1236 non
148 1123 460 1249 flabotcaretprofecto
472 1177 489 1233 il
503 1194 520 1234 a
531 1193 661 1249 requam

80 1249 308 1324 praestantiorem
321 1249 453 1306 omnibus
468 1248 549 1306 bonis
566 1250 593 1304 in
619 1266 667 1320 po·

81 1328 184 1380 testate
202 1338 260 1378 non
280 1319 452 1390 constitutis,
470 1320 541 1391 sola,
555 1320 595 1376 illi
610 1337 660 1376 ro-

82 1394 177 1451 luntas
196 1409 247 1466 per
266 1409 296 1449 se
313 1392 403 1463 ipsam
416 1392 506 1448 daret.
525 1412 538 1443 e
559 1394 592 1447 Et
611 1391 663 1448 ite-

80 1481 162 1522 rum:
181 1487 195 1515 a
211 1464 239 1521 Si
265 1463 339 1521 desit
366 1463 494 1531 facultas,
510 1478 568 1519 non
586 1479 663 1534 quas·

81 1536 153 1593 ritur
163 1535 216 1592 nisi
227 1535 370 1592 voluntas:
384 1556 394 1585 ι
409 1535 664 1602 haecdupustinus.

80 1607 198 1665 Arboris
215 1623 283 1678 ergo
303 1608 384 1663 bonae
407 1605 486 1662 radix
508 1610 552 1661 est
567 1605 664 1661 volun-

81 1685 124 1736 tas
152 1678 244 1750 gratia
266 1677 362 1733 divina
376 1677 529 1733 informata
544 1694 551 1732 ι
568 1676 664 1732 folium

80 1750 233 1877 εοὶἰῐαῐίω
250 1751 314 1817 flos,
328 1764 422 1805 sermo
435 1767 442 1817 ;
460 1749 566 1805 fructus
583 1764 663 1820 opus.

80 1823 119 1877 dr
139 1819 197 1877 oris
211 1837 277 1877 tero
294 1820 375 1876 malae
390 1819 469 1876 radix
482 1824 525 1875 est
538 1818 666 1875 voluntas

80 1891 173 1963 gratia
200 1893 250 1948 Dei
278 1891 427 1961 destituta,
454 1892 534 1963 cujus
562 1891 667 1946 cadunt

81 1962 158 2030 tolia,
173 1968 301 2017 marcent
318 1964 413 2027 flores,
430 1967 594 2033 putrescunt
609 1962 667 2017 fru-

79 2037 152 2100 ctus,
163 2048 225 2156 Ἆυῑε
236 2048 269 2088 ex
280 2032 354 2087 bona
365 2033 467 2087 arbore
478 2048 537 2087 non
567 2037 667 2088 ossnut

80 2118 164 2174 proce
186 2118 244 2161 erc.
265 2104 298 2156 ut
313 2101 424 2169 merito,
441 2102 516 2172 quod
555 2104 665 2159 ebeno

81 2172 123 2229 vel
146 2172 220 2228 malo
243 2172 328 2228 corde
350 2172 487 2243 procedit,
507 2173 598 2228 bonus
621 2173 665 2228 rel

80 2244 172 2301 malus
180 2244 265 2300 debet
272 2242 394 2316 judicari
405 2243 520 2300 fructus.
532 2245 570 2300 Ex
579 2245 667 2300 abun-

80 2315 177 2374 dantia
205 2314 280 2372 enim
309 2315 460 2384 bonitatis,
482 2315 526 2371 rel
550 2315 665 2371 malitiae

81 2387 175 2444 cordis
200 2403 264 2459 quae
290 2386 368 2442 intus
391 2386 470 2455 latet,
488 2403 520 2443 os
543 2386 665 2443 exterius

82 2459 205 2531 loquitur
229 2461 347 2516 verbum
366 2457 498 2514 dictionis
513 2464 542 2515 et
559 2457 663 2531 operis.

81 2533 119 2586 Ex
138 2529 268 2587 interiori
295 2529 370 2587 enim
396 2528 511 2585 homine
538 2529 666 2612 procedit

80 2601 204 2658 exterior
218 2602 346 2670 eftectus,
360 2606 418 2657 tam
432 2600 460 2656 in
474 2602 568 2657 verbis
581 2616 665 2672 quam

81 2672 109 2728 in
124 2671 222 2740 factis;
241 2689 274 2729 ac
289 2672 406 2729 verbum
422 2677 450 2728 et
465 2672 570 2729 factum
589 2678 664 2728 exte·

80 2742 140 2800 rius
154 2743 348 2800 testimonium
363 2742 456 2799 cordis
470 2749 523 2812 est,
538 2750 567 2800 et
581 2742 665 2814 signi·

81 2813 224 2869 ficativum
253 2819 404 2885 conceptus
429 2815 582 2872 interioris.
612 2817 665 2870 Per

79 2884 138 2940 oris
154 2883 231 2939 enim
248 2884 430 2954 locutionem,
447 2884 580 2942 uniuersa
601 2901 664 2956 quse

78 2954 164 3020 dicto,
174 2954 218 3009 vel
229 2954 314 3020 facto,
327 2955 369 3010 vel
383 2955 518 3026 cogitatu,
528 2957 563 3013 de
579 2957 664 3012 corde

79 3023 270 3095 proferuntur,
287 3024 423 3080 Dominus
442 3025 531 3081 voluit
552 3026 662 3098 signiti-

78 3110 160 3151 care:
183 3110 248 3149 nam
277 3093 364 3150 moris
386 3095 445 3151 Scri
467 3101 597 3153 turarum
621 3103 664 3154 cst

78 3167 165 3224 rerba
189 3180 239 3236 pro
268 3165 350 3222 factis
364 3170 393 3222 et
419 3111 504 3223 reims
534 3183 662 3238 ponere3

80 3239 155 3296 unde
176 3237 279 3294 dicitur
298 3238 334 3295 de
354 3237 498 3294 Ezechia:
522 3242 583 3297 Non
606 3242 662 3307 (ecit

78 3312 189 3367 vudum
206 3311 280 3381 quod
294 3327 348 3366 non
367 3311 515 3368 ostenderit
532 3314 664 3367 Ezechias

79 3387 108 3439 iu
120 3384 198 3439 domo
208 3399 276 3447 suae
288 3381 336 3454 qui
350 3381 447 3454 utique
462 3399 557 3439 rerum
568 3390 597 3439 ct
607 3399 663 3438 nou

79 3455 230 3511 verborum
245 3453 384 3512 Chaldaeis
398 3453 573 3510 revelaverat
587 3470 664 3510 arca-

79 3541 125 3581 na.
143 3527 182 3581 lle
197 3541 246 3582 ore
259 3532 366 3593 autem,
381 3524 427 3581 hic
441 3525 601 3597 specialiter
615 3542 663 3581 cr-

78 3596 242 3667 empliflcal‚
263 3595 329 3669 quia
348 3612 399 3668 per
419 3613 520 3653 oscor
543 3596 663 3653 maxime

79 3666 284 3746 manifestatur,
297 3685 331 3724 eo
344 3667 418 3739 quod
433 3669 520 3724 verba
532 3667 561 3723 iu
575 3667 664 3738 signis

78 3742 232 3807 primatum
250 3744 356 3795 teuent.
375 3739 454 3795 Unde
470 3739 510 3795 ait
528 3741 662 3807 depreti-

79 3822 131 3861 nus
148 3823 155 3861 ε
173 3828 186 3860 c
209 3810 280 3865 Deus
304 3815 415 3880 autem,
441 3810 595 3867 secundum
620 3827 662 3879 os,

78 3877 175 3933 omnia
194 3878 287 3934 cordis
305 3880 453 3951 dijudicat,
474 3881 541 3953 qula
559 3899 592 3937 ex
607 3898 664 3952 qua

78 3945 236 4004 intentione
252 3952 336 4006 verba
351 3953 507 4022 procedunt
520 3970 576 4009 non
587 3952 663 4024 iguo-

79 4023 133 4086 rat,
148 4026 177 4075 et
193 4025 325 4076 notanter
339 4022 422 4077 dicit:
439 4026 663 4080 daudunrtoutia

78 4091 168 4149 cordis
182 4108 212 4147 os
224 4093 361 4171 loqueum
373 4092 438 4174 quia
449 4095 511 4217 plus
526 4096 600 4152 iulus
609 4101 662 4164 cst,

79 4177 163 4233 quam
179 4162 343 4219 effunditur.
360 4164 437 4218 Sicut
460 4169 587 4223 urrrusab
599 4167 663 4238 igue

77 4233 179 4307 surgit,
194 4234 234 4292 sic
252 4234 308 4292 olla
324 4233 461 4291 ebulliens
480 4239 628 4295 redundat.
646 4259 660 4289 »

725 393 805 450 Unde
829 397 857 450 et
879 393 1084 461 chrysostomus
1103 410 1111 449 :
1132 391 1261 450 «batuelis

725 467 801 522 enim
815 463 1019 536 consequentia
1031 469 1084 532 cst,
1100 471 1132 521 ut
1150 482 1203 522 cum
1214 466 1263 522 intus

725 536 852 592 abundat
860 534 998 606 nequitia,
1010 535 1127 592 effluant
1136 540 1265 593 oretenuel

725 609 811 663 verba
836 621 970 678 nequam.
990 607 1082 674 Quare
1102 624 1163 663 cum
1178 606 1265 664 audio-'s

725 679 869 735 homiaem
884 677 1045 750 perniciosa
1058 684 1088 734 et
1103 678 1266 736 inhonestalo

725 756 934 821 quentem,uou
942 753 1049 806 tantam
1058 755 1126 821 puta
1135 750 1162 806 in
1171 767 1200 806 eo
1210 751 1268 806 latere

725 821 892 892 nequitiam,
906 825 1010 891 quanta
1025 820 1120 878 verbis
1137 823 1194 892 ejus
1207 819 1269 903 expri-
1307 822 1312 867 t

724 892 820 959 mitur,
837 894 886 948 scd
905 892 992 949 mcdto
1011 892 1177 964 ampliorem
1194 891 1271 963 conpita
1308 870 1312 915 ¹

724 980 787 1020 esse
804 964 920 1021 fontem.
938 963 1016 1030 Quod
1036 963 1111 1019 enim
1129 963 1235 1020 exterius
1243 962 1271 1019 di·

724 1035 806 1103 citur,
822 1036 995 1106 superfluum
1010 1040 1053 1091 est
1068 1035 1129 1106 ejus
1145 1034 1213 1106 quod
1223 1033 1272 1090 nm

723 1111 775 1163 est.
791 1105 898 1179 Lingua
908 1106 1020 1178 quidem
1033 1107 1150 1163 confusa
1162 1103 1272 1161 multoties

723 1194 779 1233 non
800 1185 917 1249 repente
934 1176 1054 1234 effundit
1074 1176 1271 1248 nequitiam;cor

721 1254 817 1305 autem
841 1249 948 1305 nullum
972 1248 1119 1304 hominum
1139 1249 1271 1305 habenste-

721 1326 805 1388 stem,
819 1319 881 1376 sine
896 1321 996 1377 timore
1009 1335 1192 1392 quaecumque
1201 1318 1271 1375 sultct

721 1391 795 1463 parit
811 1391 894 1448 mala.
911 1390 960 1447 Dei
973 1390 1051 1447 enim
1065 1407 1123 1446 non
1136 1390 1217 1446 multa
1227 1404 1271 1445 curs

721 1469 764 1519 est
779 1462 814 1520 ei.
832 1484 847 1516 »
866 1465 928 1519 llaec
947 1462 1090 1519 sententia
1107 1468 1135 1518 et
1150 1459 1270 1517 similitudo

721 1534 756 1589 de
771 1535 874 1591 arbore
885 1533 929 1590 hic
942 1533 1059 1606 ponitur
1070 1538 1167 1590 contra
1177 1528 1271 1603 liuponi

721 1607 786 1674 sim,
800 1604 959 1677 specialiter
978 1605 1140 1662 Scribarum
1159 1590 1270 1661 etl’ttrl·

722 1692 858 1746 saeorum;
870 1677 920 1732 sed
931 1676 1003 1733 infra
1015 1676 1102 1732 eliam
1113 1675 1218 1748 ponitur
1224 1688 1269 1729 con·

721 1753 765 1804 tra
780 1763 878 1805 corum
893 1747 1031 1803 malitiam
1046 1753 1074 1803 et
1089 1744 1269 1818 blasphemiam

722 1834 778 1889 qua
794 1818 927 1875 dicebant
941 1817 1085 1875 Christum
1101 1817 1132 1874 in
1148 1813 1270 1874 Beelzebub

722 1889 826 1961 ejicere
841 1888 993 1946 daemonia.

758 1967 773 2017 6
791 1963 859 2018 Sons
874 1978 971 2017 snsom
988 1978 1042 2018 uox
1057 1977 1169 2016 reanum
1183 1971 1270 2014 manu

721 2050 812 2089 nouus
831 2049 995 2088 sessurum.
1009 2062 1044 2073 -
1059 2034 1092 2088 Et
1106 2048 1142 2088 ne
1156 2028 1230 2102 tepidi
1240 2041 1270 2107 pgr

721 2109 782 2160 tent
801 2120 830 2160 se
855 2119 916 2160 esse
936 2102 1076 2159 immunes
1095 2117 1216 2174 apoena,
1228 2111 1272 2170 qtllt

723 2175 797 2231 malo
819 2173 972 2243 abstineut,
985 2174 1081 2231 aliena
1101 2190 1157 2230 non
1180 2170 1273 2244 mprnt

722 2245 783 2302 sine
797 2246 913 2317 querela
926 2245 1039 2314 vivunt3
1054 2251 1149 2302 tamen
1161 2244 1228 2301 bona
1236 2253 1274 2295 nou

722 2323 825 2390 agunt,
848 2316 982 2389 proximis
1000 2333 1058 2373 non
1081 2314 1273 2388 compatiuntur,

722 2404 773 2444 sua
788 2388 939 2459 egentibus
953 2404 1012 2444 non
1025 2387 1162 2455 tribuunt,
1177 2380 1274 2464 ideotd

720 2459 796 2515 ditur
823 2477 830 2514 :
857 2460 951 2516 Omnis
969 2459 1052 2514 orbor
1074 2475 1136 2530 quae
1157 2474 1209 2514 nor
1226 2456 1275 2524 fect

720 2534 842 2598 {ructum
859 2531 957 2586 bonum
971 2531 1125 2594 excidetur,
1141 2529 1169 2585 id
1182 2532 1221 2585 est
1231 2539 1275 2607 seu·

718 2601 810 2657 tentia
834 2601 949 2673 judicis,
968 2618 986 2658 a
1008 2600 1154 2657 consortio
1177 2608 1275 2657 omuuu

722 2673 861 2729 bonorum
877 2679 905 2729 et
916 2688 1036 2729 numero
1051 2671 1180 2729 fidelium
1192 2687 1219 2727 se
1268 2693 1275 2703 ·

720 2743 807 2812 bitur,
818 2744 1008 2807 et,sententiae
1021 2742 1216 2811 executiones
1239 2739 1275 2794 lu

720 2814 790 2886 gelis
811 2814 985 2871 messoribus
1000 2818 1031 2870 in
1052 2817 1143 2884 ionem
1163 2819 1277 2886 aeternum

720 2888 857 2957 gehennas
870 2889 1003 2947 mittetur.
1014 2885 1062 2943 ubi
1076 2885 1198 2941 minatur
1209 2884 1277 2959 [lout-

720 2973 789 3026 uus,
818 2955 1017 3026 infructuosis,
1046 2972 1161 3030 poenam
1188 2954 1276 3010 damu,

720 3029 786 3099 quia
798 3027 963 3085 excidentur
976 3043 994 3084 a
1007 3032 1084 3084 terra
1095 3025 1248 3090 viventium,
1257 3025 1277 3102 pt

720 3115 832 3180 poenam
861 3115 975 3168 sensus,
1002 3098 1070 3170 quia
1098 3097 1238 3154 mittentur
1257 3106 1278 3146 u

720 3186 816 3241 ignem
829 3176 976 3226 aeternum.
989 3171 1045 3226 Nec
1056 3166 1231 3251 exprobrabit
1242 3165 1278 3221 lic

721 3240 825 3310 minus,
838 3241 914 3313 quod
927 3241 1002 3298 mala
1016 3241 1147 3311 fecerint,
1163 3238 1211 3297 sed
1223 3229 1278 3315 quod

719 3314 796 3369 hona
815 3329 872 3369 non
894 3311 1016 3385 egerint,
1039 3311 1138 3369 dicens
1156 3328 1163 3367 :
1179 3309 1278 3368 Esurio,

719 3391 744 3439 ct
760 3399 814 3440 reon
833 3384 1035 3440 dedistismihi
1056 3384 1229 3445 munducare,
1241 3382 1279 3434 eit·

720 3456 751 3510 Et
760 3454 909 3512 sciendum
918 3455 992 3538 quod
1001 3454 1111 3511 fructus
1119 3452 1212 3535 cordis
1218 3452 1280 3508 sunt:

719 3525 864 3594 contritio,
875 3525 977 3583 divrnae
991 3525 1074 3598 Legis
1087 3520 1282 3597 meditabebt

719 3596 887 3654 nefrciorum
917 3597 967 3654 Dei
1000 3596 1179 3666 recordatio,
1205 3594 1283 3652 mortu

720 3669 898 3739 memoratio,
913 3667 1033 3742 proximi
1048 3668 1216 3741 compassio.
1230 3666 1283 3744 litt·

719 3745 780 3796 ctus
800 3744 895 3796 autem
912 3740 970 3797 oris
988 3757 996 3796 :
1011 3739 1115 3809 oratio,
1128 3738 1282 3813 predicato

718 3810 875 3882 gratiarum
903 3810 988 3879 actio,
1015 3810 1180 3881 consilium,
1207 3810 1283 3866 tratru

718 3881 840 3947 errantis
859 3883 1008 3951 correctio,
1023 3881 1183 3953 ignorantis
1197 3881 1285 3954 iustrts

719 3954 784 4010 ctio.
798 3955 916 4010 Fructus
931 3970 997 4011 roro
1012 3953 1108 4025 operis
1119 3957 1186 4010 sunt
1197 3971 1204 4008 ε
1215 3961 1286 4025 poenr

719 4025 818 4092 tentia,
831 4025 1023 4098 eleemosyna,
1034 4024 1209 4094 obedientia,
1224 4024 1287 4080 obse

718 4096 853 4167 quiorum
877 4095 1033 4169 diligentia,
1049 4095 1211 4153 difficilium
1234 4092 1288 4150 tole·

718 4167 822 4224 rantia.
830 4168 884 4224 Sed
896 4185 931 4224 nc
941 4173 1073 4239 putemus
1082 4168 1119 4223 ad
1131 4166 1289 4235 sruerusjau

719 4239 872 4312 pertinere,
883 4238 907 4295 si
923 4238 987 4311 quis
1001 4238 1077 4297 dicat
1089 4256 1096 4296 ε
1109 4239 1238 4307 Domine,
1248 4237 1290 4293 uc·
