2790 4912
70 116 117 171 ist
441 114 550 168 Pallia
576 114 694 169 Pluris
721 112 825 167 catur
852 110 917 165 lllll

105 228 122 281 5
152 224 265 280 lluiiiuis
296 221 405 277 cinisii
437 238 472 277 an
508 237 658 277 narrisiiiiii
711 225 755 276 est
783 220 856 274 Deus
874 215 912 274 ad
929 217 1081 283 loannem,
1099 211 1260 272 Dominustl
1355 232 1381 249 ··‘

70 312 209 352 accessus.
239 324 273 335 -
304 291 388 348 Vadit
419 307 487 363 ergo
522 290 659 348 Dominus
711 306 835 358 servum,
857 290 914 344 Rex
933 287 970 343 ad
989 285 1118 355 militem,
1137 286 1180 343 lux
1194 285 1263 342 edlu·
1352 300 1379 359 χ

69 366 168 423 mundi
190 364 276 430 solus,
294 362 413 445 pedibus
426 361 521 430 nudis,
534 378 585 434 per
597 378 660 434 spa·
712 377 847 429 cernam,
862 359 904 416 sol
923 359 960 414 ad
980 357 1143 425 lucilerum,
1160 362 1190 413 ut
1202 354 1265 428 etip

69 436 141 493 tium
156 442 214 490 tam
230 435 305 505 longi
331 432 449 490 itineris.
468 436 580 490 Intuere
594 449 659 489 euin
713 434 771 489 sius
794 429 1025 504 praedicationem
1050 427 1169 486 loannis
1192 426 1268 484 nonde
1369 432 1378 454 ²

70 507 222 576 diligenter
253 510 281 560 et
304 505 420 572 devote,
441 504 589 575 eidemque
615 520 660 560 re·
713 508 814 570 maret,
834 507 862 559 et
881 506 912 558 ut
935 498 1131 557 testimonium
1152 500 1271 555 aloannt
1349 496 1390 571 ’ᾗ

69 578 221 633 hementer
248 580 277 631 et
309 592 343 631 ex
373 575 458 631 corde
488 580 658 646 compatere.
713 574 864 645 acciperet,
886 578 917 628 iit
938 570 1070 628 exteriori
1093 568 1274 628 ablutionelo
1365 570 1377 639 ζ

69 650 131 705 llou
147 646 224 702 ducit
243 662 338 702 secum
354 646 485 712 militum,
505 651 555 702 aut
573 661 660 717 equo·
712 645 967 720 ptizareturobeo,
987 641 1095 698 seilicet
1116 640 1278 708 lonsariro,
1361 642 1384 669 '³

68 735 148 786 rum,
168 722 217 773 aut
239 716 356 772 alterius
374 716 512 772 comitivae
528 717 661 788 frequen·
733 716 857 773 lenitudo
872 731 890 771 a
905 713 989 781 stilla,
1006 715 1112 769 ductor
1128 709 1280 784 Baptismit
1365 730 1384 773 ·,

68 789 154 857 tiam;
182 788 302 843 necdum
335 788 457 868 lubebat
487 787 660 859 discipulos,
713 735 750 846 Ba
771 786 845 843 tismi
872 784 1018 852 ministro;
1043 800 1102 839 non
1133 781 1284 864 purgatione
1383 820 1386 829 =

69 859 114 916 vel
143 859 289 929 sequelam
314 858 410 914 aliam.
426 860 487 914 Non
508 858 595 914 habet
614 861 660 929 qui
714 804 854 929 infigens,
874 858 923 914 sed
941 861 1068 912 nostram
1092 854 1219 923 laciens;
1237 865 1289 909 uon
1380 862 1392 923 ἢ

68 931 213 1003 praecedat
240 930 276 984 ad
302 927 435 1000 hospitia,
463 929 499 984 ad
528 944 661 986 necessa·
714 930 882 987 necessitate
910 925 1075 994 ablutionis,
1107 932 1139 981 ut
1165 923 1224 995 ipse
1247 938 1289 981 re-

70 1000 114 1057 ria
140 1000 337 1073 praeparanda.
365 1002 421 1056 Neo
450 1005 516 1056 sunt
544 1000 583 1057 ibi
609 1001 660 1057 ho·
714 995 1294 1071 missionempeccatorumperbaptismum
1384 983 1395 1050 i

69 1087 156 1129 nores
175 1078 203 1127 et
222 1087 344 1143 pompas,
364 1070 466 1141 quibus
485 1087 539 1127 nos
556 1070 660 1128 vermi·
714 1073 865 1143 acciperet,
894 1070 944 1126 sed
974 1076 1005 1125 ut
1034 1066 1208 1139 Baptismate
1236 1081 1297 1132 suo,

70 1142 125 1199 culi
148 1142 256 1199 utimur
279 1149 307 1198 et
327 1142 510 1199 delectamur.
530 1143 585 1199 Sed
610 1143 660 1199 ille
712 1143 884 1216 baptismum
910 1139 1031 1198 loannis
1061 1139 1242 1211 approbaret,
1268 1138 1301 1193 ct

70 1212 115 1270 cui
132 1213 162 1269 in
184 1229 272 1285 regno
291 1229 342 1269 suo
362 1212 450 1269 millia
468 1213 587 1270 millium
607 1213 659 1269 mi·
714 1217 803 1286 ipsum
825 1229 843 1269 a
866 1214 923 1269 Deo
942 1209 1103 1269 ordinatum
1121 1208 1304 1275 ostenderem

71 1283 195 1341 nistrant
203 1290 231 1340 et
239 1284 332 1341 decies
347 1284 450 1341 millies
464 1290 585 1341 centena
600 1284 661 1340 mil·
714 1291 744 1342 ut
761 1284 843 1342 nobis
858 1282 1022 1355 mysterium
1041 1281 1179 1353 Baptismi
1193 1278 1309 1337 insinu-

71 1355 111 1412 lia
129 1356 275 1424 assistunt,
296 1355 336 1411 sic
361 1355 437 1411 solus
461 1356 577 1423 incedit,
601 1361 660 1412 ter·
713 1361 785 1425 aret,
801 1361 831 1412 ut
852 1354 920 1426 quia
944 1354 1030 1410 lionio
1052 1359 1137 1409 uatus
1159 1356 1317 1419 erat,om-

71 1441 134 1483 ram
154 1426 274 1494 pedibus
294 1426 378 1482 nudis
401 1426 548 1495 calcando,
572 1431 599 1483 et
618 1443 661 1483 us·
713 1443 779 1485 uem
795 1425 936 1499 iustitiam
953 1423 1050 1495 Legis,
1068 1429 1097 1480 et
1115 1437 1233 1479 omnem
1249 1421 1350 1477 lia-

71 1512 128 1570 que
145 1497 181 1552 ad
196 1497 391 1568 fatigationem
407 1496 573 1554 laborando.
590 1500 659 1553 Nam
713 1499 862 1554 militatem
888 1496 1030 1568 impleret,
1047 1500 1132 1565 atque
1157 1490 1327 1566 implendi!
1365 1506 1371 1523 ¹

71 1584 193 1649 reguum
208 1584 289 1623 suum
307 1584 362 1623 non
376 1569 527 1625 estdehoc
540 1569 658 1637 mundo,
713 1571 841 1637 doceret3
860 1572 893 1625 ut
910 1566 1056 1623 Trinitatis
1075 1564 1244 1637 mysterium
1255 1577 1315 1619 io-
1326 1573 1378 1595 ··“

72 1652 120 1709 qur
141 1638 295 1695 exinanivit
323 1638 518 1711 semetipsum,
539 1641 660 1695 sormam
712 1641 838 1706 velarot3
853 1644 883 1695 ut
899 1653 993 1707 nemo,
1014 1635 1222 1709 quantumlibet
1238 1641 1386 1691 saud

72 1709 163 1777 servi,
188 1726 245 1765 non
272 1709 356 1780 Regis
382 1710 532 1782 accipiens.
560 1713 660 1767 Factus
714 1717 784 1781 ctus,
813 1709 948 1782 Baptismi
977 1708 1098 1780 gratiam
1129 1700 1391 1779 superfluam,

72 1785 116 1837 est
139 1796 248 1847 servus,
265 1787 360 1835 utnos
375 1797 457 1852 reges
472 1781 595 1850 laceret;
617 1782 659 1838 la·
710 1784 873 1855 judiearet;
903 1784 933 1837 ut
964 1782 1044 1853 prius
1073 1778 1198 1848 iaceret,
1228 1772 1301 1849 quod

72 1854 135 1906 ctus
150 1851 315 1930 estadvena
328 1856 355 1905 et
373 1851 550 1923 peregrinus,
568 1857 597 1907 ut
608 1868 660 1909 nos
713 1859 812 1927 postea
827 1852 988 1909 laciendum
1003 1850 1175 1922 imperabat,
1191 1850 1224 1905 ut
1237 1861 1301 1919 cog·

72 1920 109 1977 ad
130 1926 250 2001 patriam
269 1926 298 1975 et
316 1936 436 2002 regnum
457 1937 539 1978 suum
559 1923 661 1994 perdu·
715 1928 866 1982 noscerent
903 1923 979 1978 servi
1033 1926 1120 1978 nauta
1157 1917 1303 1976 alacritato
1357 1925 1395 1947 ²

73 1996 160 2048 cerel.
185 1993 265 2046 Viam
285 1997 380 2072 posuit
404 1996 469 2048 ante
491 1993 588 2049 oculos
611 2010 659 2050 uo
714 1997 837 2053 debeant
862 2009 976 2051 currere
1001 1938 1038 2048 affl
1054 1990 1231 2074 Baptismum
1248 1991 1302 2047 llo·

72 2067 159 2130 atros,
175 2077 227 2133 per
264 2076 328 2117 uam
353 2062 419 2118 illuc
436 2064 590 2120 ascendere
608 2081 659 2120 va·
715 2065 923 2138 mini,quando
942 2063 1002 2136 ipse
1021 2065 1161 2119 Dominus
1179 2076 1239 2118 non
1255 2059 1302 2118 do·

72 2132 193 2190 leamus.
204 2077 354 2215 Sedquaie
366 2132 460 2206 ipsum
472 2134 661 2217 negligimus?
714 2138 847 2210 diguatus
882 2141 926 2192 est
952 2134 1094 2206 suscipere
1127 2132 1303 2206 Baptismun

72 2204 165 2272 Quare
181 2211 369 2276 nosmetipsos
385 2222 443 2262 non
457 2206 660 2263 humiliamus?
714 2208 809 2280 servi,
839 2213 867 2264 et
896 2222 981 2263 nemo
1007 2205 1129 2276 refugiat
1160 2204 1303 2261 lavacrum

73 2275 166 2344 Quare
186 2277 309 2332 honores
324 2282 352 2332 et
366 2292 495 2348 pompas,
511 2279 617 2334 caduca
631 2284 660 2334 et
734 2279 824 2349 ratiae,
840 2279 952 2350 quando
975 2276 1103 2334 Christus
1122 2292 1180 2332 non
1199 2272 1303 2345 refugit

73 2363 157 2417 rana,
172 2347 467 2419 sicavidequaerimus
477 2354 505 2404 et
516 2350 660 2406 tenemus?
714 2297 732 2407 ῗ

73 2417 168 2487 Certe,
191 2418 258 2490 quia
277 2434 397 2491 regnum
414 2426 542 2476 nostrum
563 2426 606 2477 est
624 2422 660 2477 de
714 2422 794 2479 conis
806 2421 834 2478 in
849 2436 924 2492 aqua
938 2424 1109 2488 contereret,
1124 2421 1245 2490 peccata
1258 2414 1304 2472 de-

72 2488 129 2546 hoc
148 2491 266 2559 mundo,
287 2507 339 2545 nec
368 2490 581 2547 consideramus
607 2508 660 2548 nos
713 2495 795 2563 leret,
810 2497 840 2549 et
858 2497 982 2549 veterem
1000 2490 1091 2546 Adam
1108 2488 1304 2561 sepeliret3ul

74 2560 201 2641 advenas
219 2566 248 2641 et
266 2561 441 2641 peregrinos,
461 2568 490 2617 et
508 2568 659 2688 propterea
714 2569 844 2621 contactu
867 2560 1061 2619 mundissimae
1083 2576 1141 2617 suae
1168 2557 1304 2616 carniset

73 2630 594 2712 malaistaiiicurrimus.0rauisiii
611 2635 660 2690 ho-
714 2636 863 2707 corporis,
903 2648 993 2705 aquas
1022 2630 1224 2698 sanctificans,
1250 2626 1304 2685 vin

74 2701 198 2756 minum!
216 2716 269 2780 'cur
288 2717 359 2756 vana
378 2717 429 2782 pro
449 2705 532 2771 veris,
553 2705 660 2761 caduca
712 2704 843 2763 abluendi
860 2709 889 2761 et
902 2703 1126 2776 regenerativam
1142 2699 1229 2773 aquis
1242 2714 1305 2781 oop-

73 2786 127 2843 pro
154 2776 249 2838 certis,
275 2773 442 2850 temporalia
467 2790 516 2843 pro
544 2775 660 2832 aeternis
713 2778 810 2846 terret,
834 2780 863 2832 et
888 2775 1079 2831 sanctificatas
1100 2788 1193 2845 aquas
1216 2772 1305 2844 bapti·

74 2846 264 2966 acceptamus,
286 2846 313 2895 et
324 2857 363 2896 sic
373 2842 498 2924 studiose
513 2846 659 2915 amplecti·
713 2847 810 2904 iandis
838 2846 1019 2919 postmodum
1048 2844 1244 2916 relinqueret;
1275 2843 1304 2898 ut

75 2918 150 2968 mur·
173 2912 229 2967 Cur
240 2916 294 2992 ista
309 2917 472 2969 transitoria
485 2930 541 2970 non
554 2916 661 2986 sperui·
713 2936 766 2991 per
776 2917 990 2975 descensionem
1001 2916 1139 2972 columliae
1153 2913 1304 2971 inlaracro

74 2988 260 3065 mus'etquasi
270 2988 661 3064 transactanonreputamus?
715 2989 888 3046 credentium
903 2987 1025 3060 Spiritus
1042 2985 1137 3044 Sancti
1152 2985 1305 3042 adventum

73 3055 159 3111 Vadit
185 3070 254 3126 ergo
278 3056 415 3111 Dominus
437 3058 528 3127 lesus,
553 3057 661 3114 scilicet
715 3078 746 3118 su
769 3077 801 3117 er
818 3059 974 3131 baptizatos
992 3061 1184 3125 monstraret3
1205 3059 1240 3113 ut
1255 3070 1303 3128 po-

75 3125 160 3209 dator
174 3125 284 3209 salutis,
297 3131 325 3181 et
335 3142 393 3182 non
413 3126 544 3210 indigens
559 3129 660 3210 salute,
715 3077 798 3204 puius
808 3128 1126 3187 testimoniumloannis
1139 3126 1304 3196 decuriato,

75 3212 117 3254 sic
132 3198 277 3254 humiliter
299 3202 327 3254 et
352 3205 525 3257 continuatis
550 3201 661 3269 diebus,
716 3209 744 3259 et
758 3203 844 3259 etiam
858 3201 907 3258 Dei
924 3200 1016 3257 Patris
1028 3200 1151 3269 audiret,
1163 3205 1195 3257 et
1210 3203 1244 3256 ut
1255 3212 1305 3272 pm

75 3284 222 3342 quousque
236 3269 382 3340 perveniat
396 3271 607 3329 adlordanem.
716 3274 770 3330 hoc
789 3273 864 3344 quod
888 3271 949 3345 ipse
966 3271 1051 3328 Filius
1073 3270 1123 3327 Dei
1146 3269 1304 3343 baptizatis

111 3346 127 3407 q
149 3343 285 3395 Rariores
308 3359 358 3397 cuii
377 3343 508 3399 Cunisrus
525 3360 664 3400 narriziiu
717 3349 769 3412 est,
788 3359 887 3399 omues
909 3359 960 3415 per
979 3342 1154 3414 Baptismum
1174 3345 1304 3409 renatos,

74 3426 217 3465 voiuiriur.
237 3441 265 3451 -
284 3412 352 3468 Cum
368 3418 462 3468 autem
476 3418 550 3470 venit
564 3418 664 3470 intor-
717 3414 792 3471 lilios
811 3416 872 3483 Dei,
892 3420 921 3470 et
945 3415 1047 3470 iratres
1073 3412 1128 3468 sibi
1156 3412 1265 3471 laceret
1277 3414 1306 3469 st

75 3481 185 3560 donem,
206 3481 313 3537 invenit
336 3484 475 3540 loannem
500 3491 663 3556 peccatores
717 3486 888 3543 ostenderet.
904 3486 993 3553 Quem
1008 3490 1037 3540 et
1051 3489 1081 3540 tu
1091 3483 1198 3555 tidelis,
1213 3485 1304 3557 utiam

75 3551 265 3633 paptizantem
277 3559 306 3632 et
319 3555 429 3611 turbam
443 3570 586 3626 magnam,
600 3572 662 3628 quae
716 3557 746 3612 iu
763 3556 874 3614 Christo
890 3560 1086 3628 regeneratus,
1101 3554 1304 3622 concomitare,

75 3621 144 3677 illue
166 3622 201 3676 ad
230 3639 319 3702 ipsius
340 3625 570 3694 predicationem
593 3644 663 3684 coii-
716 3629 835 3700 eiusque
854 3631 1042 3693 sacramenta,
1061 3631 1091 3683 et
1115 3631 1222 3684 cuncta

76 3696 217 3761 currerat,
237 3709 303 3764 quia
323 3711 388 3751 eum
414 3697 494 3768 quasi
520 3698 662 3755 Christum
716 3706 848 3772 aguntur,
871 3704 1007 3755 scrutare.
1036 3697 1142 3754 Volens
1160 3712 1232 3770 ergo

75 3763 231 3844 habebant.
264 3765 333 3820 Cum
366 3767 479 3824 famulis
511 3768 662 3837 Dominus,
716 3769 809 3826 miuus
819 3769 931 3842 operari
945 3774 1071 3825 nostram
1081 3766 1306 3842 salutem,wa

74 3849 139 3891 oum
166 3851 222 3890 reis
248 3836 336 3916 ludex
363 3838 547 3909 baptizandus
575 3840 662 3910 venit,
716 3841 796 3914 prius
823 3842 926 3909 tacere,
944 3855 1029 3911 quani
1053 3840 1169 3898 dooere.
1194 3842 1231 3897 Et
1249 3836 1303 3915 pri·

73 3921 132 3963 non
150 3911 246 3961 tamen
262 3922 342 3986 aquis
359 3910 502 3978 mundari,
523 3912 572 3968 sed
588 3912 664 3984 ipsas
716 3927 794 3969 mum
812 3911 952 3969 inchoans
972 3928 990 3968 a
1004 3912 1094 3984 ianua
1112 3916 1303 3970 sacramento·

74 3978 215 4034 mundare
225 3993 350 4060 cupiens
362 3978 445 4035 Venit
457 3981 663 4063 quidemlesus
716 3999 790 4052 rum,
808 3988 837 4040 et
857 3983 1040 4040 fundamento
1055 3982 1206 4055 virtutum,
1220 3978 1303 4042 vetut

75 4049 114 4106 od
131 4052 273 4116 loannem,
292 4064 385 4121 maior
404 4049 441 4107 ad
463 4065 613 4125 minorem,
633 4055 663 4112 id
715 4056 857 4112 aloanne
872 4054 1018 4128 baptizari.

724 2366 857 2408 avacrum
874 2346 1070 2422 poenitentiae;
1089 2352 1120 2405 ut
1139 2345 1302 2419 caputdra·
