2790 4912
214 308 319 362 incra
345 306 479 360 CHRISTI
506 305 548 359 AB
572 306 660 359 ahto
688 306 742 360 Xll
770 306 876 369 USQUll
903 308 944 361 lh
971 308 1086 361 turult
1113 311 1203 365 XXX.
1288 316 1328 369 ill

110 414 284 495 pauperculus
298 413 334 470 de
345 412 460 486 populo.
476 412 608 480 Quolibet
624 429 689 472 sero
743 413 820 482 stoli,
835 413 939 471 victum
962 419 990 471 ct
1015 415 1117 497 quihus
1143 423 1282 492 tegamur,
1294 424 1330 481 ad

114 488 197 544 inhoc
215 490 304 543 strato
323 485 444 542 deheres
468 484 523 543 sihi
549 485 687 559 compati·
742 491 948 557 congruentem
974 487 1081 544 scilicet
1111 492 1329 563 necessitatem,

40 604 55 628 -.
121 558 180 616 ando
195 574 255 616 eum
272 555 412 628 aspicere,
432 556 612 614 ettceidem
634 559 687 614 hu·
742 574 800 614 non
823 558 858 614 ad
880 560 1194 632 superabundantiam,
1216 564 1331 621 hiscon-

127 630 215 699 militer,
230 633 258 686 et
271 630 374 685 devote
386 629 631 686 recommendare.
743 629 812 686 tenti
824 629 922 686 simus.
933 629 1003 687 liliis
1011 631 1096 687 etiam
1105 633 1239 691 virtutum
1251 652 1329 692 exor-

154 704 293 778 pherme
321 701 419 756 Μιιιιιι
451 718 485 756 na
513 718 592 756 τιιιιι
619 703 688 757 Furi
742 700 1329 777 ciliisetsludiisspiritualibus‚continue,

37 799 76 813 ·—
133 791 310 833 ramnum-
336 774 367 829 ln
397 776 476 828 tanta
506 776 602 829 tamen
627 789 688 829 cor·
741 771 936 829 indesinenter
950 778 979 830 et
992 773 1150 845 vigilanter,
1167 793 1217 849 pro
1235 795 1329 850 posse,

55 903 60 906 .
134 846 186 920 poris
195 843 341 902 afflictione
354 847 382 899 et
396 842 585 916 penuria,pia
597 846 688 900 Mater
742 843 916 902 insistamus.
930 848 969 902 Ειι
988 846 1042 902 hoc
1059 864 1127 929 ergo
1144 848 1217 905 lacto
1238 850 1331 908 Domi·

68 947 72 951 -
167 918 260 975 lehtur
291 913 395 972 mentis
421 913 520 971 laetitia
548 915 584 972 de
613 915 686 973 tanti
741 916 781 986 ni,
801 916 897 988 accipe
916 917 1073 974 doctrinam
1092 936 1121 975 ιιι
1137 924 1216 976 tuam
1235 922 1330 994 parvi-

39 1008 62 1039 ·.
136 934 342 1061 Xipraesentia.
364 986 500 1043 Undeait
520 987 684 1044 dussimus:
740 992 829 1045 tatem
858 988 1030 1056 resiliendo;
1058 1005 1092 1045 ac
1119 990 1240 1074 teipsum
1272 1010 1329 1051 non

37 1104 46 1111 ,
138 1062 209 1129 «Quo,
222 1059 262 1115 vel
289 1057 368 1130 quali
387 1057 492 1130 gaudio
519 1060 687 1129 replebatur
740 1061 832 1116 solum
857 1060 887 1116 in
910 1067 968 1128 tuo,
981 1061 1031 1117 sed
1047 1061 1135 1118 etiam
1158 1080 1189 1119 ιιι
1208 1064 1329 1122 aliorum

49 1149 68 1191 ·,
138 1136 175 1189 toti
192 1129 342 1188 substantia
367 1130 440 1211 ejus,
474 1130 587 1201 quando
619 1147 685 1187 eum
740 1138 893 1203 conspectu
917 1131 1080 1189 vilificando
1106 1139 1134 1189 et
1155 1151 1206 1206 per
1223 1136 1328 1193 exerci-

37 1244 48 1252 ,
137 1218 192 1274 pen
201 1207 345 1273 tantopere
360 1200 506 1272 diligebat,
520 1217 606 1273 quem
621 1204 686 1260 Cre·
739 1202 809 1259 tium
823 1202 920 1260 vilium
940 1209 968 1258 ct
982 1204 1133 1260 humilium
1149 1222 1266 1277 operum
1282 1210 1329 1265 ah·

52 1290 57 1295 ·
137 1279 305 1345 damnatque
322 1271 537 1329 dominatorem
559 1274 685 1330 omnium
736 1273 871 1345 jiciendo.
906 1273 1008 1330 Videas
1041 1275 1174 1333 continuo
1202 1279 1329 1336 delectus

136 1360 198 1402 nrum
209 1362 267 1402 esse
281 1344 399 1413 sciehat,
411 1360 508 1402 secum
522 1345 684 1416 degentem,
739 1349 814 1412 tuos,
832 1349 859 1401 et
884 1352 1001 1416 peecata
1022 1349 1081 1413 tua,
1099 1352 1126 1401 et
1146 1364 1180 1404 ea
1203 1365 1328 1422 aggrava

135 1430 197 1473 scum
219 1417 360 1485 edentem,
383 1432 471 1487 seque
497 1433 683 1488 quaecumque
740 1422 879 1487 quantum
905 1420 993 1487 potes.
1010 1416 1137 1472 Aliorum
1159 1435 1226 1476 vero
1253 1422 1328 1477 del-

37 1488 45 1526 :
135 1487 309 1545 masevolehat
325 1487 399 1544 dulci
423 1487 512 1545 allatu
533 1489 684 1545 docentem
740 1495 801 1544 ctus
828 1493 892 1559 post
914 1491 1025 1560 tergum
1047 1487 1193 1568 projicias,
1215 1496 1243 1547 et
1270 1508 1329 1548 non

38 1590 41 1594 ·
133 1556 228 1629 meret,
264 1559 329 1631 quis
357 1559 469 1631 capiet?
500 1559 685 1626 Quantumvis
741 1559 851 1627 videas;
877 1558 1000 1631 quodsi
1029 1559 1142 1626 videris,
1158 1561 1273 1619 allevies
1301 1567 1329 1619 et

37 1629 46 1645 “
132 1628 234 1688 linbilis
250 1630 347 1702 itaque
366 1635 395 1687 et
407 1630 561 1687 inellahilis
580 1630 686 1688 amoris
741 1647 866 1699 excuses
888 1635 918 1687 ct
938 1630 1006 1713 ipsis
1025 1631 1207 1701 compatiaris
1221 1639 1249 1689 et
1272 1649 1330 1690 suc·

37 1708 48 1733 *
131 1698 216 1759 tleclus
225 1702 399 1760 considerari
413 1709 511 1774 queat,
522 1701 597 1758 inter
609 1704 686 1759 huuc
741 1719 838 1759 curras
859 1718 911 1775 pro
935 1701 1052 1770 vrrihus,
1071 1703 1198 1774 cogitans
1217 1721 1330 1777 semper

37 1778 42 1785 “
130 1770 189 1829 talem
205 1780 290 1830 tantm
317 1773 415 1830 Matris
439 1773 593 1842 Filium,et
612 1774 686 1830 hauc
741 1774 816 1846 quod
836 1781 866 1830 tu
885 1774 993 1830 laceres
1017 1775 1108 1846 pejus,
1125 1775 1179 1831 nisi
1199 1779 1259 1833 sola
1278 1792 1329 1834 sua

126 1841 186 1921 ltlen
200 1845 266 1902 tanti
287 1845 348 1902 Filii
371 1848 490 1902 Matrem
509 1846 686 1917 perpendant
739 1845 832 1916 gratia
851 1852 878 1902 te
899 1850 1079 1902 conservaret
1092 1849 1174 1903 lesus
1191 1849 1327 1906 Christus.

120 1904 249 1992 bicallem
295 1932 391 1990 uoquo
417 1918 513 1987 modo,
552 1917 579 1974 ui
601 1917 685 1974 unico
739 1919 842 1974 liverte
864 1917 960 1974 oculos
980 1924 1042 1974 tuos
1061 1923 1089 1974 et
1111 1919 1329 1977 mentisctcor-

118 1975 255 2045 irmionis
275 1933 393 2071 Xervore
419 2004 495 2070 saepe
508 1933 686 2071 ‘aXtrinserus
739 1988 818 2071 poris
843 1990 879 2046 ab
901 1994 1016 2071 aspectu
1035 1989 1168 2059 aliorum,
1186 1999 1215 2048 ut
1235 1992 1266 2048 in
1287 1993 1328 2049 lu·

108 2059 306 2128 ‘uranthlater
330 2061 440 2118 scilicet
464 2060 576 2129 Filium,
593 2066 621 2116 et
641 2063 684 2116 Fr·
741 2077 816 2116 mine
843 2060 936 2117 vultus
965 2062 1015 2118 [lei
1043 2061 1206 2134 conspicere
1236 2063 1327 2136 possis

101 2110 158 2187 ¹ius
169 2134 293 2189 llatrem.
309 2133 365 2188 Nec
388 2136 504 2204 putetur
523 2131 684 2203 abaliquo,

101 2198 255 2275 {elparum
278 2203 346 2274 quid
368 2203 474 2260 sentire
494 2203 521 2259 in
538 2220 568 2259 se
584 2219 684 2285 quem-

87 2252 167 2352 lthet
183 2276 217 2331 de
236 2275 341 2331 allectu
367 2275 448 2332 istius
473 2274 571 2331 llatris
591 2291 620 2330 in
644 2275 687 2331 Fi·

89 2324 166 2402 llum
194 2362 288 2402 suum.
319 2347 401 2402 Nullo
430 2346 571 2417 siquidem
600 2347 685 2403 modo

85 2417 266 2475 Qrediderim
281 2418 357 2489 quod
372 2416 396 2473 is
411 2417 458 2489 qui
472 2418 509 2474 ad
524 2434 588 2474 eum
603 2417 686 2474 intel-

78 2469 240 2561 ligendum
271 2488 369 2546 rovehi
380 2488 568 2557 meruerit,ah
579 2489 685 2545 amoris

81 2544 184 2633 fflpsius
217 2505 366 2642 ancedine
395 2567 551 2643 ‚extraneus
580 2577 683 2642 usquc·

79 2643 206 2704 'quaque
236 2633 298 2688 lieri
325 2637 425 2704 possit.
452 2633 503 2699 Qui
532 2637 627 2688 autern
654 2648 684 2687 ιιι

86 2695 178 2760 lru'us
199 2702 361 2759 dilectionis
382 2703 551 2760 suavitatem
571 2702 683 2772 transit,

97 2790 133 2831 nu
146 2777 173 2831 lo
188 2781 273 2848 pacto
289 2775 512 2842 defendendum,
527 2774 596 2845 quin
611 2780 638 2830 et
655 2774 685 2830 in

96 2845 290 2904 retributionis
305 2848 366 2919 ejus
389 2846 568 2918 participium
594 2851 685 2902 trans

96 2917 184 2975 iturus
199 2917 237 2974 sit
256 2935 291 2973 z»
308 2919 370 2975 haec
384 2921 541 2975 anselmus.

131 3012 163 3047 ιο
177 2991 345 3054 Saounnnmr
364 3009 411 3046 nsr
432 2991 541 3045 Canisrr
558 3007 589 3044 ss
604 3006 683 3045 num-

95 3078 197 3120 unrvrrs
211 3080 364 3119 exerrans.
379 3092 413 3104 -
432 3060 531 3117 Vidisti
549 3065 684 3132 quautam

94 3133 481 3261 paupertatemvilitatemet
490 3132 683 3215 asperitatem,

95 3205 147 3277 vigi
159 3205 248 3275 ando,
260 3205 440 3273 dormiendo,
459 3204 639 3272 abstinendo,
657 3210 685 3261 et

94 3275 122 3334 iu
140 3277 275 3334 omnihus
295 3277 353 3333 suis
371 3277 481 3333 actibus
496 3278 553 3332 ilex
572 3291 681 3346 regum,

94 3352 121 3404 ct
147 3348 287 3405 Dominus
319 3354 444 3405 aeternus
476 3346 683 3404 dominantium

93 3433 142 3490 per
157 3425 219 3476 tam
244 3419 402 3492 longissimi
418 3418 553 3490 temporis
578 3417 680 3490 spatia,

93 3505 142 3562 pro
166 3489 263 3559 nobis,
279 3492 421 3549 sustinuit.
448 3490 500 3548 Ubi
526 3495 592 3546 sunt
613 3505 681 3560 ergo

93 3568 257 3633 quaerentes
282 3562 341 3620 otia
369 3568 397 3619 et
421 3563 582 3630 commoda,
603 3576 680 3632 quae-

92 3638 188 3690 rentes
200 3636 345 3705 superllua
360 3639 389 3690 et
398 3630 509 3701 ornata,
522 3637 684 3715 quaerentes

93 3703 207 3762 curiosa
230 3711 258 3760 et
278 3706 368 3762 vana‘l
388 3707 448 3762 Non
477 3703 628 3761 didicimus
652 3702 683 3758 in

94 3776 198 3833 scholis
217 3777 244 3831 ld
283 3776 344 3832 istri
362 3778 457 3859 hujus,
478 3775 524 3847 qui
545 3774 614 3832 talia
632 3791 681 3830 vo-

95 3845 196 3904 lumus.
219 3849 255 3905 Se
294 3849 432 3920 numquid
447 3846 633 3919 sapientiores
648 3862 682 3902 eo

94 3918 215 3975 sumus?
242 3921 305 3990 lpse
333 3936 385 3976 nos
413 3917 507 3976 docuit
538 3919 626 3975 verbo
654 3922 683 3974 et

94 3991 224 4063 exemplo
246 3991 446 4057 humilitatem,
468 3994 681 4063 paupertatem,

93 4076 126 4118 ac
148 4062 279 4134 corporis
304 4069 332 4120 et
356 4061 462 4120 laboris
488 4060 681 4118 alllictionem.

94 4133 255 4206 Sequemur
268 4150 336 4207 ergo
350 4149 491 4191 summum
504 4132 681 4204 Magistrum,

94 4205 140 4276 qui
155 4222 210 4262 nec
225 4205 323 4263 tallere
343 4207 410 4276 vult,
428 4222 480 4262 nec
499 4205 557 4262 lalli
577 4210 681 4278 potest,

93 4280 121 4332 et
144 4278 295 4346 habentes,
320 4279 401 4351 jutta
420 4276 581 4336 doctrinam
608 4279 681 4350 Apo-

740 2132 871 2204 teipsum.
888 2132 960 2189 Nihil
982 2131 1058 2189 enim
1077 2135 1114 2190 ad
1127 2139 1156 2191 te
1171 2135 1327 2193 humilian-

740 2204 807 2260 dum
824 2203 918 2261 utilius
933 2205 1057 2276 reperire
1072 2206 1189 2277 poteris,
1201 2224 1286 2279 quam
1303 2207 1326 2264 si

739 2275 861 2346 teipsum
882 2277 954 2332 hene
981 2275 1146 2348 inspexeris.
1176 2280 1257 2335 Unde
1287 2279 1327 2334 ait

739 2348 912 2429 herrardus:
926 2367 949 2428 ,ιι
965 2347 1043 2428 ιῐιιιιιΙ
1058 2349 1176 2419 proinde
1200 2350 1326 2406 animam

739 2434 831 2490 primo
855 2433 984 2473 omniurn
1006 2434 1078 2474 serre
1104 2419 1237 2490 seipsam,
1259 2421 1326 2492 quia

740 2489 805 2545 talis
828 2488 945 2544 scientia
969 2504 1025 2543 non
1048 2488 1139 2557 inllat,
1161 2491 1211 2546 sed
1234 2491 1327 2546 humi-

741 2561 800 2623 liat,
817 2565 845 2615 et
873 2565 917 2614 est
942 2559 1072 2628 quaedam
1096 2562 1266 2631 praeparatio
1291 2563 1327 2618 ad

741 2629 950 2686 aedificandum.
968 2628 1024 2684 Nisi
1043 2629 1119 2685 enim
1139 2647 1224 2702 super
1238 2632 1330 2688 humi-

741 2701 829 2758 litatis
842 2699 942 2756 stabile
955 2700 1166 2757 fundamentum
1180 2702 1328 2773 spirituale

740 2772 891 2830 aedillcium
906 2776 982 2827 stare
998 2771 1114 2828 minimc
1123 2780 1225 2845 potest.
1238 2776 1326 2832 Porro

740 2845 820 2902 adse
835 2842 1041 2901 humiliandam
1052 2844 1123 2900 nihil
1137 2845 1234 2903 anima
1247 2847 1327 2902 inve·

740 2917 802 2972 nire
812 2914 934 2971 vivacius
950 2932 1000 2972 scu
1014 2918 1254 2975 accommodatius
1267 2924 1326 2991 pot·

740 2994 793 3055 est,
810 3003 895 3060 quam
915 2987 938 3043 si
960 3005 990 3044 se
1015 2988 1045 3045 in
1070 2989 1189 3047 veritate
1213 3007 1326 3063 perspe-

738 3060 824 3128 xerit;
850 3065 962 3116 tantum
988 3077 1045 3117 non
1070 3061 1239 3132 dissimulet,
1267 3079 1323 3119 uon

739 3132 775 3187 sit
801 3131 829 3187 in
853 3131 953 3213 spiritu
977 3133 1038 3203 eJus
1057 3133 1149 3202 dolus,
1170 3141 1275 3191 statuat
1294 3150 1326 3191 se

738 3209 804 3259 ante
823 3204 921 3259 lactem
941 3220 1033 3273 suam,
1053 3222 1102 3260 noc
1115 3222 1132 3262 a
1147 3223 1177 3261 se
1197 3212 1326 3262 avertere

737 3276 918 3331 abducatur:
942 3294 955 3326 n
976 3276 1036 3330 hac
1059 3278 1226 3331 Bernordus.
1249 3276 1326 3332 Unde

737 3352 766 3402 et
791 3346 965 3414 Aupnatinus
993 3345 1069 3412 dicit,
1095 3347 1170 3416 quod
1198 3361 1256 3400 non
1284 3351 1327 3402 est

736 3433 840 3488 parvus
850 3417 886 3471 ad
897 3414 1099 3472 beatitudinem
1113 3431 1254 3482 accessus,
1262 3431 1327 3487 cog·

736 3486 807 3543 nitio
821 3485 995 3542 infelicitatis
1014 3502 1081 3541 suae.
1100 3485 1232 3558 Tcipsum
1257 3501 1326 3557 ergo

736 3558 798 3614 sine
818 3556 974 3613 cessatione
999 3557 1155 3628 considera,
1169 3563 1197 3613 et
1213 3574 1326 3629 semper

736 3629 798 3686 sinc
825 3628 1005 3685 simulatione
1031 3629 1165 3700 dijudica.
1191 3632 1222 3685 ln
1248 3629 1325 3686 omni

736 3706 801 3757 actu
827 3705 887 3769 tuo,
904 3700 932 3755 in
955 3699 1033 3757 omni
1056 3701 1197 3757 locutione
1220 3706 1279 3770 tua,
1296 3707 1325 3759 et

736 3773 862 3829 inomni
886 3772 1058 3843 cogitatione
1075 3777 1125 3828 tuo
1144 3771 1265 3844 teipsum
1284 3790 1325 3831 rc·

736 3845 891 3917 prehende,
908 3849 935 3900 et
954 3843 983 3898 in
1011 3848 1038 3900 te
1058 3860 1169 3916 scmpcr
1188 3860 1325 3917 compun-

737 3916 839 3973 ctionis
868 3915 1003 3971 materias
1036 3915 1149 3972 studeas
1177 3916 1322 3985 inveniro,

737 3987 887 4060 cogitando
918 3987 996 4059 quod
1034 3988 1119 4044 etiam
1152 3988 1240 4056 hona,
1260 4004 1323 4059 quan

737 4059 817 4127 lacis,
832 4075 888 4114 nou
912 4064 977 4115 sunt
1004 4060 1040 4115 ad
1063 4060 1176 4132 plenum
1197 4066 1322 4125 excocta,

737 4148 789 4187 nec
803 4130 851 4186 illo
872 4131 981 4187 lervore
1000 4147 1055 4203 quo
1077 4132 1213 4187 deberent
1237 4131 1322 4196 lacta,

737 4203 787 4259 sed
810 4202 906 4259 multis
924 4202 1071 4273 inquinata
1084 4200 1277 4273 negligentiis,
1291 4206 1322 4256 ut

737 4273 838 4333 merito
852 4273 945 4333 omnis
956 4274 1066 4348 justitia
1078 4278 1125 4330 tua
1137 4287 1233 4346 panno
1245 4285 1324 4327 meu·
