2790 4912
161 352 165 365 .
266 318 352 381 DUDD
380 318 465 372 inin
493 320 592 373 testis
620 320 786 374 ttvtlttts
814 319 874 373 list
903 321 937 374 tt
964 321 1107 377 tentio.
1263 323 1310 380 ite

102 431 167 486 tenter
192 425 378 481 ascenderent
408 439 472 480 moi
507 426 659 494 reversuri,

102 506 181 568 utnec
194 495 374 553 solemnitate
393 498 595 568 praetermissa,
614 513 660 553 es·

102 576 145 629 sent
161 567 316 652 irreligiosi,
337 583 390 624 nec
408 567 495 640 longa
514 566 662 626 mansione

103 659 149 700 cons
163 657 223 697 icui.

123 658 263 770 sinceros
277 729 412 770 onereris
427 730 555 768 ascsrmir
569 730 597 768 in
616 715 661 770 Je-

102 803 189 842 iesimii
205 803 239 840 ab
259 802 324 840 nisii
343 786 467 842 nisena.
491 815 525 827 -
546 787 583 840 lit
600 801 660 840 cum

102 860 164 927 luctus
177 861 242 912 esset
258 859 337 912 Jecur
354 872 488 912 annuum
505 856 659 922 duodecim,

102 929 274 985 neumatibus
284 929 557 997 illisterosotpmam,
568 944 662 984 secuu-

103 1000 147 1056 lsu
163 1003 236 1069 chic
260 999 482 1056 consuetudinem
502 1000 558 1054 diei
581 1002 659 1067 sesti,

103 1071 199 1128 ascendit
216 1071 278 1143 ipse
306 1087 370 1127 cum
396 1070 562 1143 parentibus
590 1070 658 1127 suis.

104 1143 192 1199 leiboc
205 1142 339 1211 ostendit,
354 1143 430 1214 quod
445 1158 462 1199 a
477 1141 599 1215 pueritia
614 1143 661 1201 de·

104 1215 151 1271 beit
167 1215 290 1270 homines
306 1229 470 1271 assuescere
498 1213 534 1269 ad
552 1213 658 1283 divina,

104 1285 158 1366 etad
168 1285 236 1342 idem
256 1285 323 1366 lacit
339 1285 426 1366 quod,
441 1284 505 1342 aliis
522 1286 658 1343 receden-

104 1356 164 1424 tibus,
175 1357 200 1413 in
217 1358 279 1414 loco
295 1356 384 1413 divini
401 1357 492 1414 cultus
507 1357 656 1414 remansit.

104 1427 217 1485 laborarit
232 1445 301 1500 ergo
319 1427 405 1484 etiam
425 1445 501 1485 nunc
519 1445 591 1500 puer
608 1432 658 1487 le·

103 1499 276 1557 susitineribus
293 1499 397 1571 longis,
415 1506 444 1556 et
458 1501 545 1567 vadit,
560 1506 591 1557 ut
605 1501 657 1556 ho·

103 1576 161 1627 noret
176 1574 280 1628 Patrem
300 1588 384 1628 suum
404 1572 547 1629 coelestem
570 1571 600 1627 in
621 1572 659 1628 le-

104 1640 140 1697 stis
149 1642 207 1711 suis3
226 1645 382 1700 observans
395 1643 541 1700 humiliter
555 1645 658 1726 Legem

104 1711 208 1770 Dominus
224 1715 314 1787 Legis.
335 1714 407 1782 Quia
424 1717 500 1771 enim
521 1717 658 1772 Dominus

104 1785 166 1847 iecit.
179 1792 204 1842 nt
222 1787 303 1843 daret
319 1785 411 1843 omnis
434 1786 617 1859 perfectionis
631 1791 658 1843 et

103 1851 237 1913 humilitatis
252 1861 424 1931 exemplum,
439 1859 528 1915 voluit
543 1861 656 1930 Legem,

130 1929 206 1984 audin
222 1935 326 1986 statum
349 1929 459 1999 habuit,
478 1946 657 1986 conservare.

134 1995 246 2057 iDedo:
275 2001 441 2071 asservavit
469 2000 529 2074 ipse
557 2003 659 2084 Legem

101 2073 313 2141 quindeciens
339 2075 433 2143 nobis,
455 2076 501 2146 qui
528 2075 659 2130 homines

102 2149 177 2197 sunus
198 2143 270 2216 puri,
299 2147 464 2202 ostenderet
489 2146 658 2204 servandum

101 2221 141 2276 per
150 2219 229 2273 omnia
241 2215 358 2288 quiquid
370 2217 544 2289 Deusjubet.
557 2220 660 2289 Sequa·

100 2291 211 2370 tqtrcrgo
228 2288 282 2345 iter
293 2289 424 2345 humanae
436 2287 660 2345 conversationis

99 2361 155 2427 ptus,
171 2373 191 2414 si
207 2358 321 2416 deitatis
339 2359 460 2433 gloriam
484 2360 661 2417 delectamur

99 2425 200 2499 intueri:
215 2454 228 2481 o
248 2433 308 2487 haec
323 2433 406 2488 Dedo.
422 2434 477 2487 Nos
491 2430 586 2503 itaque
600 2448 660 2488 ser-

98 2502 128 2558 D,
148 2500 177 2555 ad
199 2502 358 2575 exemplum
386 2501 510 2573 Domini,
525 2504 662 2560 debemus

98 2572 178 2636 magno
197 2574 291 2631 studio
320 2576 460 2631 bonorum
488 2591 606 2647 operum
635 2580 663 2630 et

97 2642 227 2701 tierenire
240 2645 446 2713 solemnitates,
461 2651 490 2703 et
505 2647 661 2716 celebrare,

97 2712 121 2756 Μ
142 2714 250 2773 sollicite
277 2717 375 2774 omnia
399 2717 497 2774 divina
520 2725 663 2790 praecepta

97 2771 235 2845 ⁰bteriare.
258 2789 336 2845 Unde
356 2788 472 2861 quidam
496 2789 585 2845 trater
603 2795 662 2845 tam

95 2853 182 2925 Digne
200 2859 360 2916 devotionis
375 2860 411 2916 ad
428 2860 501 2916 testa
515 2859 618 2917 Christi
634 2865 663 2916 et

92 2907 663 3002 b{ltlaeilariaeVirginis,etadlestnmom-

89 2996 153 3056 ”ltin
180 3004 348 3060 Sanctorum
378 3008 450 3072 crat,
485 3003 560 3075 quod
593 3010 661 3059 ante

82 3063 216 3148 ‘ittodlibet
236 3074 350 3143 testum,
366 3073 484 3156 jejuniis
503 3091 537 3131 ac
553 3074 662 3131 oratio·

81 3134 166 3214 ¹ttius,
180 3153 208 3202 et
223 3145 469 3216 castigationibus,
486 3148 521 3203 ad
541 3144 660 3217 suscipi-

77 3213 174 3273 mlum
193 3216 287 3289 ipsum
307 3217 410 3274 testum
425 3233 455 3274 se
471 3219 661 3289 praeparabat,

71 3286 106 3341 el
120 3288 252 3360 quamdiu
272 3287 386 3360 aliquod
410 3289 512 3345 testum
539 3288 661 3356 duravit,

73 3352 178 3417 iamdiu
192 3359 268 3416 circa
285 3359 353 3417 illud
372 3359 617 3429 meditationibus,
634 3365 662 3416 et

73 3430 247 3488 erationibus
262 3447 291 3487 se
307 3431 464 3504 occupavit.

106 3509 123 3570 d
142 3504 324 3571 Meminisse,
348 3521 381 3558 nn
401 3521 490 3559 resris
509 3519 661 3558 encaeniis·

71 3590 126 3642 ὓῐθζ
142 3592 175 3629 ΕΤ
186 3592 309 3643 mistica,
325 3592 611 3632 bn.iirnii:bt10nisrti:.
627 3603 660 3615 ···

68 3645 213 3703 lloraliter
228 3645 273 3701 hic
288 3645 466 3715 instruimur,
483 3647 558 3728 quod
573 3644 662 3717 speci·

65 3717 148 3775 iliter
163 3716 192 3772 iu
205 3717 308 3773 diebus
318 3717 436 3786 festivis,
451 3717 568 3789 quilibet
580 3715 660 3774 Chri-

716 427 795 506 Nam
811 424 846 482 de
870 425 915 507 liis
939 426 987 499 qui
1009 445 1090 486 secus
1109 430 1215 489 iaciunt
1236 434 1310 492 dicit

715 498 851 552 Dominus
869 513 899 552 in
921 498 1016 556 lsaia:
1042 503 1233 561 Solemuitetes
1260 523 1307 562 oe-

714 572 787 622 strus
800 573 825 624 et
838 573 991 626 neomenias
999 577 1103 629 cestros
1111 576 1199 631 odivit
1211 581 1307 634 auimo

714 655 784 695 mea.
799 641 951 722 Postquain
967 659 1035 716 ergo
1049 646 1131 703 lesus
1145 648 1181 703 ad
1192 654 1307 707 aetatem

714 710 864 793 duodecim
882 728 1022 771 annorum
1042 717 1141 788 uenit,
1159 735 1240 776 suam
1259 736 1308 778 sa·

714 787 851 864 pientiam
859 785 1041 866 manifestare
1050 789 1145 861 coepit,
1158 791 1307 863 claperire

715 855 782 925 quid
798 856 874 910 Patri
890 857 1009 927 coelesti,
1027 860 1094 931 quid
1109 865 1231 919 terrenae
1250 866 1307 921 illa·

715 924 751 980 tri
769 925 895 983 deberet.
911 931 989 985 AEtas
1007 931 1083 987 enim
1102 932 1241 991 duodenis
1262 940 1306 1007 ty-

714 1012 767 1068 pus
782 1002 845 1053 erat
861 999 1010 1057 duodecim
1027 1004 1239 1075 Apostolorum,
1256 1023 1310 1079 per

715 1083 787 1139 quos
801 1069 934 1127 divinitas
948 1076 975 1128 et
990 1073 1152 1131 humanitas
1169 1078 1230 1149 ejus
1245 1082 1308 1134 erat

715 1155 767 1211 per
799 1143 897 1199 orbem
931 1144 1089 1201 nuntianda
1125 1148 1306 1206 universum:

715 1216 791 1268 recte
806 1229 874 1284 ergo
890 1213 920 1269 iii
936 1214 1111 1272 duodenario
1128 1235 1247 1277 numero
1260 1221 1307 1293 ju·

714 1282 767 1338 bar
776 1283 959 1355 perfectionis
972 1287 1180 1358 eJnsdeclarari
1189 1291 1306 1363 incepit,

715 1369 861 1424 perquem
877 1356 957 1425 qnasi
972 1373 1023 1428 per
1038 1358 1187 1415 duodecim
1202 1362 1307 1432 tribus,

714 1428 744 1479 et
758 1440 809 1495 per
824 1425 974 1482 duodecim
993 1429 1145 1499 Apostolos
1164 1431 1306 1489 universi·

714 1499 758 1551 tas
773 1496 974 1555 salvandorum
987 1498 1176 1570 significatur.

750 1571 765 1622 5
792 1569 935 1638 Cnnisrns,
959 1588 1123 1628 rinnnrmns
1146 1590 1254 1641 insciis,
1280 1592 1308 1630 is

712 1639 868 1697 teissim-ni
886 1659 1019 1698 nnmiser.
1037 1672 1072 1685 -
1092 1645 1308 1701 consummetis·

713 1727 766 1791 que
775 1713 871 1768 diebus
885 1713 1003 1783 testiviS,
1013 1720 1042 1771 et
1052 1716 1192 1798 completa
1207 1717 1310 1773 solem·

714 1786 801 1839 nitate
817 1786 944 1851 Paschae,
958 1802 1020 1858 quin
1035 1803 1087 1859 per
1100 1788 1161 1844 dics
1176 1793 1239 1844 octo
1255 1789 1309 1844 du·

714 1854 805 1925 rabat,
827 1874 887 1912 cum
901 1859 1021 1914 redirent
1038 1858 1126 1915 Maria
1142 1865 1170 1915 et
1191 1860 1311 1931 ioseph,

713 1932 845 1984 retransit
856 1931 925 1985 Puer
935 1933 1012 1985 lesus
1027 1933 1236 1998 interneciem,-
1253 1947 1311 1988 non

714 2020 732 2060 a
750 2015 828 2069 casii,
846 2016 897 2056 nec
910 2006 1060 2072 parentum
1075 2003 1251 2075 negligentia
1266 2002 1311 2060 vel

714 2071 867 2140 oblivione,
879 2073 929 2128 sed
940 2090 990 2130 sua
1001 2073 1144 2131 voluntate
1157 2080 1185 2131 et
1195 2074 1312 2132 ordina·

715 2145 806 2203 tione:
820 2148 850 2200 ut
863 2144 1010 2215 apncritia
1022 2146 1111 2203 zelum
1122 2163 1204 2203 suum
1213 2153 1309 2203 osten·

715 2218 795 2274 deret
810 2214 885 2270 circa
900 2215 1068 2287 spiritualia,
1079 2223 1108 2274 et
1122 2218 1193 2274 sicut
1207 2233 1310 2289 paren·

714 2289 791 2346 tibus
799 2286 874 2358 quod
888 2288 1011 2345 debebat
1023 2288 1200 2357 exhibuerat,
1210 2305 1310 2346 ascen·

715 2361 786 2418 dens
807 2374 871 2413 cum
894 2357 935 2414 eis
965 2364 1110 2430 tamquam
1131 2361 1216 2416 homo
1245 2374 1310 2416 cum

715 2428 921 2488 hominibusad
932 2429 1079 2486 offerenda
1089 2432 1146 2486 Deo
1158 2430 1311 2497 sacrificia,

716 2503 757 2560 sic
770 2500 855 2557 etiam
867 2500 942 2556 Patri
955 2500 1080 2556 debiturn
1094 2500 1248 2571 spiritualis
1257 2502 1308 2557 do·

716 2573 814 2631 cirine
826 2571 953 2626 vacando
966 2571 1120 2626 eiliiberet.
1133 2576 1169 2626 Et
1179 2589 1233 2626 iren
1248 2588 1309 2640 cop-

716 2647 848 2701 nonerunt
875 2647 1002 2713 poi-entes
1024 2642 1093 2711 ejus,
1116 2641 1145 2697 id
1172 2647 1226 2710 est,
1254 2658 1309 2697 non

717 2716 900 2773 adverterunt
913 2713 989 2783 quod
1002 2712 1030 2769 in
1042 2712 1201 2770 Jerusalem
1215 2729 1310 2770 rema-

718 2792 809 2853 neret,
824 2787 1012 2840 ecistimeutes
1021 2785 1100 2840 illum
1113 2801 1170 2842 esse
1183 2788 1212 2841 iu
1226 2788 1310 2842 corni·

717 2864 788 2922 totu,
806 2857 835 2912 id
852 2861 905 2923 est,
920 2855 994 2912 inter
1017 2856 1129 2929 eosqui
1148 2857 1232 2914 simul
1249 2858 1308 2914 lue·

717 2934 785 2985 runt
809 2926 944 2984 comitati.
966 2929 1080 2986 Secreto
1101 2934 1196 2986 antem
1219 2935 1247 2986 et
1268 2929 1311 2986 eis

716 2999 922 3084 ignorantibus,
933 3017 1081 3057 remanere
1093 3001 1196 3058 voluit:
1214 3018 1250 3058 ne
1261 3005 1310 3058 aut

716 3088 757 3129 eis
777 3071 937 3129 obediendo
951 3075 1098 3141 recedens,
1113 3075 1310 3130 retraheretur

716 3161 733 3201 a
757 3143 968 3216 disputatione;
994 3150 1119 3202 autnon
1144 3144 1308 3202 obediendo

716 3231 878 3283 remanens,
895 3215 1038 3272 videretur
1067 3231 1117 3271 eos
1143 3222 1308 3273 contemne·

716 3304 757 3344 re.
778 3287 846 3342 ltine
863 3287 984 3342 habetur
999 3291 1210 3356 argumentum,
1232 3285 1310 3356 qnod

716 3358 792 3415 lilius
814 3359 921 3427 absque
946 3358 1025 3428 cnjus
1047 3354 1201 3428 prasentia
1227 3360 1311 3427 pater

716 3435 745 3486 et
769 3426 970 3484 matcrvvitam
995 3431 1114 3498 possunt
1138 3425 1310 3497 transigere,

717 3499 785 3572 ipsis
805 3497 891 3554 etiam
908 3496 1101 3554 nescientibus
1120 3501 1169 3554 ant
1187 3500 1310 3554 nolenti·

717 3573 780 3639 bus,
796 3574 890 3642 potest
908 3569 944 3624 ad
964 3567 1132 3640 religionem
1150 3575 1179 3626 et
1199 3570 1235 3626 ad
1252 3575 1310 3627 sta·

718 3648 776 3699 tum
793 3638 976 3713 perfectionis
991 3639 1116 3710 evolare,
1137 3658 1224 3713 seque
1243 3640 1315 3698 divi·

717 3731 753 3770 no
786 3711 872 3768 cultui
907 3711 1099 3783 mancipare,
1130 3712 1312 3770 discretionis

65 3788 564 3860 stianusdehetireadlocumquem
577 3787 662 3858 elegit
712 3783 820 3856 judicio
840 3782 952 3841 comite.
974 3786 1008 3839 Et
1030 3783 1248 3856 impeditoribns
1272 3784 1313 3840 ait

66 3859 216 3927 Dominus,
235 3859 264 3915 id
285 3865 338 3928 est,
359 3861 396 3917 ad
420 3860 585 3927 Ecclesiam,
604 3875 661 3915 non
717 3854 1311 3926 Dominus28iultepureulosreuirecdme,

65 3930 102 3989 ad
118 3932 276 3998 theatrum,
290 3932 333 3987 vel
349 3933 384 3988 ad
397 3934 556 3989 tabernam.
574 3932 662 3987 Debet

66 4018 169 4060 vacare
191 4001 295 4058 divinis
314 4002 455 4072 laudibus,
474 4020 531 4060 nou
550 4002 661 4060 choreis

68 4079 96 4131 ct
114 4073 299 4130 sanitatibus.
321 4075 411 4131 Debet
430 4075 561 4131 insistere
584 4075 660 4131 elee-

69 4144 208 4226 mosynis,
225 4162 282 4201 non
299 4145 405 4215 usuriS,
423 4146 467 4215 sel
483 4145 590 4229 spoliis.
607 4147 661 4202 Dc-

70 4216 117 4274 bet
144 4217 296 4273 intendere
322 4217 406 4275 bonis
432 4220 575 4291 operibus,
605 4233 663 4275 non

72 4287 357 4347 commessationibus
367 4294 454 4362 atque
464 4289 659 4348 ebrietatibus.

166 4376 238 4431 Viri
250 4376 317 4432 Jssc
328 4377 448 4443 Camiri,
464 4393 551 4433 nouus
564 4379 587 4431 l.

717 3931 816 3984 tatium
831 3933 870 3982 est
888 3930 959 3982 enim
974 3945 1087 3997 requiem
1102 3930 1237 3985 celorum.
1257 3928 1313 3986 Sed

717 3999 854 4072 quaeritur
869 3998 924 4067 liic,
942 3999 1084 4071 quomodo
1101 4005 1233 4070 parentes
1251 4001 1313 4073 eius

716 4070 908 4128 obliviscendo
934 4087 999 4127 eum
1022 4071 1184 4142 relinquere
1209 4077 1311 4143 potue·

716 4148 794 4210 runt,
806 4142 853 4214 qui
865 4147 945 4200 tanta
956 4160 1024 4200 cura
1033 4159 1098 4200 eum
1113 4142 1313 4199 nutriverunt?

716 4214 758 4270 itd
773 4215 826 4270 hoc
840 4214 1003 4284 dicendum,
1019 4215 1095 4288 quod
1111 4230 1173 4270 mos
1192 4217 1255 4270 erat
1275 4212 1309 4268 li·

716 4285 763 4344 liis
792 4286 879 4346 lsrael
905 4287 942 4345 ad
972 4287 1045 4346 testa
1073 4283 1313 4354 continentibus,

1190 4377 1205 4423 D
