2790 4912
503 384 613 441 lulltn
638 382 758 439 clitus
782 378 886 435 CAPUT
910 376 961 434 XX

679 559 809 622 culmo

161 714 299 780 loannes,
312 707 475 767 beatissime
490 722 652 781 praecursor
668 703 784 774 christi,
801 718 896 787 praeco
918 698 1037 784 iudicis,
1052 692 1300 780 emicussponsi
1311 708 1358 752 ror

128 780 327 850 verbidium,
342 783 389 852 qui
406 779 539 837 solatium
556 783 661 836 nostrae
674 777 887 848 Redemplronrs
899 779 1068 854 annuntiare
1083 773 1229 851 mernistr‚
1243 768 1356 849 impetro

129 853 200 914 mihi
213 853 318 910 misero
331 853 408 924 apud
422 852 553 909 eumdem
570 849 723 908 Dominum
743 851 872 905 nostrum
888 848 985 904 lesum
1002 845 1157 924 Christum,
1173 845 1233 897 turs
1247 842 1354 896 muas

129 924 210 984 simis
229 923 371 998 precibus.
392 931 433 992 ut,
456 928 577 995 puruato
596 937 613 979 a
631 921 708 977 vitiis
723 925 848 991 pectore,
864 922 893 975 et
906 921 1012 999 ornato·
1022 913 1188 994 virtutibus,
1203 923 1300 994 parem
1312 923 1350 967 st·

129 997 253 1055 cttndum
266 995 392 1052 salulrria
407 1000 455 1052 tua
465 993 573 1050 monita
584 992 659 1049 viam
673 990 796 1057 Domini,
809 995 838 1047 et
851 994 945 1046 rectas
959 988 1061 1044 iactam
1075 990 1194 1067 senories
1209 997 1280 1064 erus,
1292 995 1351 1054 qus·

129 1073 215 1126 tenus
227 1067 258 1124 in
272 1073 396 1124 extremo
408 1065 527 1138 judicio,
543 1080 608 1121 cnm
624 1079 722 1130 aream
734 1060 866 1119 Ecclesia
878 1075 937 1117 suae
953 1058 1148 1138 mundaverit2
1161 1058 1192 1111 el
1206 1058 1348 1136 tritum

178 1138 221 1197 eis
246 1137 431 1211 separaverit,
447 1152 559 1194 merear
583 1135 659 1193 inter
675 1150 768 1207 grana
780 1132 877 1203 tritici,
892 1137 922 1189 et
937 1132 1043 1190 electos
1057 1142 1125 1186 suos
1138 1140 1273 1195 ruvemn,
1284 1126 1350 1187 etro

129 1139 268 1269 fflrreum
285 1209 409 1268 coeleslis
422 1206 578 1267 mansionis
593 1222 658 1266 cum
671 1206 715 1265 eis
728 1205 838 1278 reponi.
854 1205 957 1262 limen.

643 1530 779 1603 CAPUT
794 1528 860 1603 XX

536 1759 576 1807 DE
591 1757 784 1807 emmenum
796 1755 956 1804 raasson.

171 1978 184 2016 1
197 1958 370 2014 Pmurrnurm
384 1973 437 2013 nno
447 1972 584 2020 nsommr.
597 1985 633 1998 -
646 1953 718 2024 Quia

131 2043 200 2085 rero
223 2028 259 2085 de
284 2026 462 2098 poenitentia,
484 2042 536 2098 ρετ
563 2042 648 2098 quam
670 2042 717 2084 re·

153 2113 220 2154 unm
235 2098 372 2155 coelornm
394 2097 615 2169 appropinquat,
630 2103 659 2154 et
672 2098 718 2154 via

130 2114 245 2250 ssomini
258 2174 384 2241 paratur,
399 2173 505 2225 tactum
518 2174 561 2225 est
575 2168 718 2297 infrana·

132 2239 277 2308 donnons,
293 2255 369 2296 nunc
383 2255 469 2296 conse
491 2244 592 2297 uenter
625 2257 641 2297 ε
655 2240 718 2313 ipsa

131 2310 339 2395 aliquantulum
350 2311 434 2393 latins
445 2255 602 2393 rideamus.
617 2312 660 2368 lld
673 2327 719 2368 ve·

131 2398 193 2440 ram
208 2388 303 2456 ltaque
313 2388 521 2455 poenrtentram‚
536 2399 621 2455 quam
638 2398 719 2440 amor

130 2454 182 2512 Dei
197 2454 336 2512 etodium
358 2454 465 2537 peccati
486 2454 562 2523 iacit,
577 2461 643 2512 ante
657 2470 719 2512 om-

131 2525 180 2583 nia
202 2527 259 2584 duo
287 2532 477 2597 requiruntur,
507 2526 614 2583 scilicet
665 2526 719 2582 uod

128 2603 262 2671 peccator
272 2599 308 2656 de
320 2598 443 2672 peccatis
457 2597 607 2681 preteritis
615 2541 720 2666 defferet,

130 2673 160 2726 et
169 2671 500 2742 numquamiterotarrce
513 2670 660 2742 peccandi,
671 2670 720 2725 tir-

130 2754 208 2797 mam
233 2742 409 2798 roluntatem
437 2744 549 2798 lrabeat.
581 2742 647 2799 Sine
675 2739 720 2796 his

131 2810 427 2893 dnobus,poenitentia
437 2829 503 2868 vera
517 2818 639 2881 nonest,
651 2811 720 2882 quia

132 2896 194 2938 stne
217 2898 268 2950 ers,
286 2899 336 2939 nec
360 2886 435 2939 Deus
460 2890 575 2954 peccata
591 2883 719 2951 dimittit,

129 2966 182 3008 nec
191 2952 325 3009 sacerdos
337 2954 484 3009 absolvere
495 2970 513 3010 a
523 2954 646 3026 peccatis
657 2959 718 3025 pot·

130 3027 183 3079 est.
207 3022 288 3080 Unde
308 3024 488 3079 Bernartius:
506 3049 518 3074 o
539 3028 612 3081 Vera
631 3025 719 3096 siqni-

132 3092 199 3175 dem
220 3093 389 3166 poenitentia
408 3099 461 3163 est,
489 3094 549 3152 sinc
574 3095 718 3152 intermis-

130 3180 212 3222 stone
233 3164 382 3236 temporis,
403 3165 438 3221 de
465 3166 617 3236 praeteritis
637 3167 719 3224 malis

131 3236 239 3308 dolere,
266 3241 294 3293 et
323 3236 363 3293 sic
393 3239 528 3311 plangere
556 3238 718 3308 commissa,

130 3312 236 3366 utnon
253 3309 408 3366 committat
427 3309 596 3381 plangenda.
618 3310 720 3367 irrisor

129 3395 253 3455 namque
273 3388 326 3449 est,
342 3386 370 3437 et
392 3398 449 3438 non
475 3398 540 3438 vere
565 3382 718 3454 poenitens,

131 3451 180 3523 qni
194 3454 285 3510 adhuc
301 3453 359 3525 agit
376 3453 450 3525 quod
468 3453 613 3525 poeniteat.
630 3453 658 3512 Si
674 3470 719 3510 cr-

131 3537 168 3593 go
189 3523 232 3579 ris
251 3540 334 3581 verus
353 3524 495 3596 poenitens
512 3541 585 3595 esse,
605 3541 684 3582 cessa
703 3540 720 3582 a

151 3599 257 3662 eccalo,
285 3604 312 3651 et
344 3596 465 3668 amplius
498 3595 556 3653 noli
586 3612 717 3678 peccare.

129 3607 269 3731 Buoniam
283 3665 377 3747 inanis
387 3671 430 3723 est
444 3668 622 3740 poenitentia,
633 3683 720 3794 (Euam

131 3749 252 3806 sequeus
272 3741 436 3808 coinquinat
451 3739 542 3810 culpa.
560 3761 573 3787 υ
596 3741 637 3795 Uu
659 3755 674 3794 ε
691 3744 720 3795 et

131 3804 278 3874 Greqorr'us
304 3827 312 3862 :
346 3830 360 3858 u
390 3809 592 3865 Poeuiteutiam
614 3809 718 3881 qnippe

130 3890 227 3948 agere,
243 3882 287 3932 est
306 3884 334 3934 et
352 3895 403 3951 ρετ
423 3887 514 3937 otrata
534 3881 609 3937 mala
635 3881 717 3952 plan·

131 3951 240 4018 gerent
261 3949 387 4030 plangor
410 3967 427 4007 a
453 3969 509 4008 non
535 3958 717 4024 perpetrare;

129 4032 197 4074 nem
221 4034 267 4090 qur
290 4036 331 4075 src
351 4020 407 4076 ulia
422 4021 561 4093 deplorat,
578 4029 608 4080 ut
622 4028 718 4080 tamen

130 4088 187 4146 alia
205 4090 380 4172 committat,
398 4093 491 4149 adhuc
518 4094 718 4166 poenitentiam

130 4174 227 4232 agere,
244 4167 292 4218 aut
308 4169 430 4233 ignorat,
451 4170 500 4219 aut
516 4165 684 4223 dissimulat.
701 4187 716 4216 u

129 4231 211 4315 Unde
228 4233 316 4289 etiam
340 4235 529 4304 Aequstinus:
545 4237 663 4293 «inanis
676 4242 720 4293 est

127 4304 304 4376 poemtentia,
315 4320 400 4378 quam
414 4321 537 4379 sequeus
551 4306 718 4381 coinquinat

775 1954 869 2026 culpa,
896 1950 971 2012 Nihil
992 1954 1112 2025 prosunt
1126 1949 1263 2018 lamenta,
1278 1943 1385 2028 ἐφ’

774 2027 918 2101 plicantur
932 2027 1059 2098 peccata.
1075 2021 1151 2079 Nihil
1163 2020 1265 2077 valeta
1276 2016 1374 2075 malr!

774 2097 887 2155 veniam
914 2110 1043 2224 ἵζοεεετε,
1061 2098 1090 2150 et
1110 2093 1188 2150 mela
1201 2092 1292 2173 denuo
1303 2087 1373 2145 ite*

775 2186 850 2226 rare.
879 2189 894 2221 u
943 2172 954 2223 t
981 2166 1085 2223 iterum
1114 2163 1361 2229 zenodorus,

775 2233 1361 2316 poenitentes3sitamenestispmnitentoe,

776 2320 805 2371 et
818 2328 876 2368 non
895 2310 1060 2377 irridentes,
1078 2311 1187 2364 mutate
1205 2309 1299 2374 utam,
1310 2316 1359 2358 m-

777 2381 978 2441 conciliamini.
990 2375 1274 2448 poenitentiamagiq
1286 2387 1352 2456 genu

777 2457 853 2528 figis,
869 2459 898 2512 el
912 2453 1001 2522 ridcs3
1023 2452 1184 2509 subsannas
1198 2446 1354 2525 patientum

779 2528 839 2585 Dei.
868 2525 895 2584 si
919 2525 1060 2599 poenitens
1084 2538 1125 2591 es,
1140 2519 1262 2594 poenitet
1282 2522 1314 2585 te,
1327 2527 1350 2570 st

779 2616 837 2656 nou
846 2594 1124 2682 poenitet‚poeuitens
1138 2607 1251 2659 nones3
1261 2588 1351 2670 sierqc

798 2676 906 2740 oenrtet‚
922 2685 973 2726 cur
991 2667 1060 2724 iacis
1075 2665 1150 2738 quod
1165 2662 1240 2720 male
1255 2653 1351 2736 leuel?

778 2687 807 2800 gi
834 2742 932 2799 secisse
957 2738 1086 2812 poenitet,
1116 2734 1175 2792 noli
1206 2733 1348 2800 lacerem

777 2815 869 2871 adhuc
883 2811 963 2880 iacis,
976 2809 1118 2883 poenitens
1134 2822 1190 2862 non
1203 2820 1248 2861 es.
1261 2821 1278 2858 s

814 2907 829 2943 s
857 2887 1029 2941 Pmmrnurts
1058 2898 1092 2936 ne
1121 2895 1220 2943 oumns
1248 2887 1346 2952 nonni·

777 2988 814 2999 -
836 2959 876 3013 lle
901 2955 1005 3028 quibus
1026 2957 1123 3010 nutem
1141 2943 1349 3025 poenitcntiatll

777 3028 899 3100 agenda,
920 3030 1000 3082 notat
1019 3025 1096 3082 idem
1116 3013 1349 3100 sinemurensis

778 3116 859 3157 cens:
873 3100 964 3154 «Tres
972 3094 1171 3155 suntactiones
1177 3090 1351 3175 poenitente

778 3172 840 3229 Una
854 3175 898 3227 cst
912 3185 975 3241 quae
987 3183 1092 3226 novum
1104 3168 1256 3248 lromrnem
1308 3164 1353 3218 rtu-

777 3242 825 3311 rit,
843 3242 934 3298 donec
957 3256 1008 3313 ρετ
1030 3242 1208 3310 Beplrsmum
1276 3239 1355 3297 utare,

778 3312 905 3369 omnium
936 3311 1147 3394 praetcritorum
1179 3301 1356 3390 llatablulio

777 3383 1359 3533 recticulumrestituerem

778 3526 886 3583 accedit
905 3526 942 3582 ad
961 3527 1141 3582 sacramenta
1155 3521 1301 3590 lidehum‚
1315 3530 1360 3577 urst

777 3613 842 3654 eum
865 3596 1002 3671 poeuiteat
1027 3596 1092 3653 vitae
1117 3592 1235 3663 veteris,
1265 3601 1361 3649 noran

777 3670 910 3725 inchoare
919 3685 978 3724 non
988 3673 1090 3742 potest.
1099 3667 1142 3722 Ab
1155 3665 1210 3721 hac
1226 3662 1361 3737 poeniten·

776 3739 826 3808 lia,
856 3739 909 3796 soli
938 3739 1059 3812 parvuli,
1079 3753 1144 3796 cum
1171 3735 1362 3819 baptizentur,

776 3810 918 3867 immunes
930 3817 1005 3881 sunl,
1016 3811 1141 3867 nondum
1156 3824 1235 3865 emm
1247 3812 1291 3865 ut1
1304 3819 1364 3879 pos

777 3888 842 3938 sunt
851 3882 940 3940 libero
953 3882 1071 3939 arbitrio
1083 3900 1090 3950 ;
1102 3880 1206 3952 quibus
1216 3885 1317 3936 umen
1330 3873 1363 3932 ad

776 3953 1020 4010 consecrationem
1035 3951 1295 4023 remissionemque
1308 3947 1362 4005 ori·

776 4024 878 4107 pinalis
899 4025 1017 4097 peccati,
1032 4024 1150 4098 prodest
1171 4038 1272 4080 eorum
1293 4020 1363 4078 tides

776 4097 1364 4249 llllllffltltlllllaltlltlltlt

775 4236 828 4294 bus
847 4244 906 4295 natr
926 4244 1001 4307 sunt,
1017 4243 1230 4307 contraxerunt,
1242 4236 1364 4294 eliorum

775 4308 862 4367 etiam
881 4309 1106 4423 interroqstione
1128 4313 1157 4367 et
1177 4305 1364 4384 responsione
