2790 4912
129 122 160 175 98
508 114 620 172 Pltldd
646 114 764 172 dialis
790 117 895 172 GLPU'l
922 117 977 171 xil

129 237 235 297 magua
256 220 382 304 inocoele
406 223 436 277 et
461 218 496 302 in
521 225 600 302 terra
615 220 714 302 laetitia
767 220 936 289 ostenditur,
955 236 1005 292 per
1033 224 1109 295 quod
1136 222 1278 304 Dominus
1296 223 1380 281 eoel

128 291 715 438 estuarmrsrtstttrea
767 292 1297 436 tenerascere
1310 309 1367 354 r

679 541 808 599 ORATIO

163 685 266 743 Olesu
280 688 367 754 bone,
388 684 436 757 qui
457 684 493 741 de
507 682 624 756 Virgine
642 689 725 741 natus
750 685 873 757 teipsum
896 683 996 756 Magis,
1011 683 1094 742 stella
1113 686 1196 754 duee,
1212 685 1376 747 revelasti

127 761 156 814 et
169 773 218 814 eos
232 773 284 829 per
297 757 382 814 aliam
397 757 470 813 viam
488 755 517 812 in
532 755 678 827 regionem
694 770 775 813 suam
790 756 884 813 redire
897 756 1006 826 lecisti;
1024 755 1176 826 illuminet,
1189 759 1260 815 lesu
1278 757 1378 818 mise

126 828 227 895 ricors,
244 830 339 885 lumen
353 827 452 900 gratie
470 833 526 884 tuae
541 828 675 885 tenebras
689 827 872 885 conscientie
893 843 974 899 meae,
990 833 1020 884 et
1033 843 1085 900 per
1101 832 1181 885 tuam
1196 828 1296 886 laetam
1312 845 1378 903 ep

126 898 308 972 paritionem,
321 900 358 956 da
370 898 440 955 mihi
455 899 569 970 plenam
585 898 624 955 tui
639 899 736 955 etmel
751 897 955 971 cognitionem,
969 903 1000 957 ut
1013 899 1091 956 intus
1105 904 1137 956 te
1150 898 1279 968 videam,
1289 900 1331 956 int

127 974 155 1026 te
170 970 327 1039 inveniam,
347 970 443 1042 ibique
458 971 603 1043 myrrham
618 969 841 1043 compunctionis
855 969 984 1039 internae,
1004 972 1070 1028 thus
1084 970 1224 1029 orationis
1239 972 1390 1034 devotae

128 1057 228 1098 eurum
243 1041 403 1099 dilectionis
427 1041 493 1113 piae,
514 1046 568 1098 tuae
583 1042 724 1113 maiestati
742 1042 880 1110 ollemm;
896 1048 925 1099 et
946 1041 995 1115 qui
1012 1058 1065 1115 per
1083 1041 1157 1098 viam
1175 1044 1339 1100 tenebram
1364 1073 1395 1100 n

128 1118 157 1169 et
173 1114 262 1184 culpae
277 1112 380 1170 recessi
400 1129 418 1170 a
433 1112 527 1185 patria
548 1112 690 1171 felicitatis
704 1128 845 1185 supernae,
864 1129 915 1185 per
928 1116 1004 1171 viam
1023 1111 1151 1172 veritatis
1163 1120 1193 1170 et
1209 1114 1312 1186 gratiae
1326 1131 1395 1175 a·

128 1198 190 1241 eam
202 1185 329 1255 redeam,
342 1190 370 1242 te
385 1184 516 1242 ducente.
530 1187 630 1241 Amen.

639 1495 776 1568 CAPUT
791 1496 851 1567 Xll

417 1717 455 1762 Illi
473 1717 725 1765 remsuarfflodn
747 1717 852 1764 DOHINI
869 1717 900 1764 nt
917 1717 1067 1789 Temenum

636 1901 717 1959 Lucae
736 1916 799 1974 cap.
820 1903 855 1958 ll.

189 2149 198 2184 1
215 2129 316 2184 losnrn
343 2143 376 2181 nr
405 2126 496 2182 llinis
519 2140 720 2187 nemausenses
776 2123 830 2181 bus
844 2122 1019 2196 purgationis
1031 2124 1142 2195 matris,
1157 2141 1229 2197 puer
1241 2127 1280 2184 ed
1296 2132 1325 2186 te
1381 2134 1395 2163 ¹

132 2201 296 2257 Bnrnnnnen
313 2200 468 2255 lenusnnnn
485 2212 718 2253 rnorrcrscuurun.
776 2195 855 2268 plum
869 2194 1038 2266 del'erretur,
1050 2202 1078 2253 et
1091 2212 1143 2268 pro
1158 2213 1192 2254 eo
1207 2198 1341 2258 bostiad
1377 2223 1390 2237 r

134 2302 169 2312 -
182 2274 228 2336 Et,
246 2269 414 2327 adveniente
429 2266 650 2339 quadragesima
662 2266 719 2336 die,
775 2271 864 2324 retur.
882 2267 936 2323 Lex
953 2274 1048 2322 autem
1067 2267 1277 2339 purillcationis
1292 2288 1363 2329 erm
1389 2282 1395 2302 ¹

131 2348 305 2416 postquem,
326 2340 473 2396 secundum
496 2341 593 2408 Legem
617 2341 718 2408 Moysi,
776 2338 851 2409 quod
865 2336 976 2418 'mulier
999 2353 1073 2410 quae,
1089 2346 1220 2412 suscepto
1241 2342 1389 2399 semine

134 2416 242 2486 impleti
254 2418 318 2470 sunt
328 2413 386 2468 dies
398 2413 573 2482 paroecianis
584 2410 654 2480 ejus,
664 2412 720 2466 lila-
774 2414 933 2490 peperisset
947 2409 1114 2476 masculum,
1126 2410 1278 2470 immunda
1291 2423 1376 2471 esse
1391 2426 1395 2442 ⁴

133 2485 185 2542 riee
199 2485 317 2553 scilicet,
330 2482 397 2540 exiit
408 2483 470 2555 ipsa
484 2483 518 2539 de
531 2482 642 2539 stabulo
655 2497 719 2538 cum
776 2486 883 2552 septem
905 2480 1017 2548 diebus,
1037 2487 1168 2552 separata
1184 2498 1202 2539 a
1219 2483 1386 2542 consortio

133 2557 240 2628 loseph
252 2561 279 2613 et
296 2557 398 2622 Puero,
413 2558 442 2610 ut
459 2555 561 2624 Legem
575 2553 718 2625 impleret,
774 2550 932 2620 hominum,
946 2556 973 2607 et
986 2552 1022 2607 ab
1037 2550 1168 2624 ingressu
1181 2554 1295 2628 templi,
1310 2562 1340 2613 et
1358 2565 1375 2610 a

134 2626 165 2683 in
190 2643 246 2699 qua
269 2625 339 2681 nibil
358 2624 536 2696 purgandum
561 2630 633 2694 erat,
653 2624 719 2695 quia
774 2627 997 2679 tactusacrorum
1014 2638 1021 2690 ;
1037 2627 1065 2680 et
1074 2622 1120 2680 die
1133 2629 1233 2682 octavo
1246 2626 1368 2685 circum-

136 2696 199 2754 sine
215 2701 330 2768 peccato
350 2699 529 2765 conceperat.
550 2697 582 2751 ln
599 2695 727 2769 circum·v
776 2693 919 2751 cideretur
939 2693 1104 2764 infantulus,
1120 2701 1148 2751 et
1168 2694 1231 2768 ipsa
1247 2698 1364 2769 quidem

135 2767 243 2824 cisione
265 2765 380 2837 quidem
397 2765 573 2836 purgabatur
594 2780 665 2837 puer
683 2768 719 2822 ab
775 2765 882 2821 munda
901 2765 1063 2821 efficeretur
1077 2767 1169 2838 quoad
1187 2769 1362 2827 consortium

94 2864 97 2869 ·
136 2836 279 2909 originali,
295 2836 403 2907 quoda
425 2835 592 2917 parentibus
607 2840 718 2892 contra·
775 2835 933 2905 hominum,
955 2835 1007 2892 sed
1023 2836 1117 2893 adbuc
1133 2837 1251 2909 triginta
1275 2841 1362 2899 tribus

134 2912 231 2975 xerat;
247 2907 277 2962 in
292 2906 567 2979 purificationcvero
582 2908 721 2989 purgaba-
776 2907 877 2964 diebus
888 2907 1035 2964 immunda
1051 2914 1126 2965 esset
1140 2911 1234 2980 quoad
1251 2910 1360 2983 ingres·

135 2987 182 3037 tur
197 2983 287 3036 mater
301 2995 318 3035 a
330 2984 456 3049 peccato,
475 2977 541 3050 quia
557 2977 587 3034 in
602 2977 721 3035 libidine
777 2994 839 3035 surn
854 2978 951 3050 templi
973 2984 1003 3035 et
1021 2984 1126 3037 tectum
1147 2996 1316 3051 sacrorum;
1337 2989 1363 3040 et

136 3056 322 3123 conceperat;
339 3049 388 3106 sed
407 3049 477 3106 nibil
491 3050 593 3106 horum
612 3049 641 3106 in
667 3050 721 3106 hoc
776 3049 821 3106 his
840 3049 940 3106 diebus
959 3066 1016 3107 non
1037 3050 1139 3108 licebat
1153 3052 1250 3123 egredi
1266 3053 1363 3125 domo,

135 3124 239 3191 Puero,
256 3122 300 3180 rel
318 3121 348 3179 in
364 3124 452 3179 Matre
467 3125 539 3178 erat.
555 3123 590 3178 Et
600 3122 722 3178 rutenae
776 3125 831 3177 etc.
852 3120 1004 3193 Completis
1022 3128 1119 3180 autem
1137 3123 1172 3179 tri
1194 3122 1255 3180 inte
1274 3124 1365 3183 tribus

135 3197 226 3260 illum,
244 3196 368 3252 Puerum
390 3196 458 3251 Jesu
481 3192 559 3266 prius
578 3191 723 3250 circumci-
777 3191 877 3249 diebus
889 3208 954 3248 cum
964 3196 1072 3276 septem
1084 3139 1368 3266 praecedentibus&

136 3282 200 3324 sum
216 3267 252 3322 de
266 3267 443 3335 Bethlehem,
461 3268 491 3321 in
504 3266 666 3330 Jerusalem,
679 3269 721 3328 ut,
777 3269 856 3331 tunc,
869 3263 1086 3336 quadragesima
1096 3265 1152 3335 die,
1166 3265 1269 3322 mulier
1279 3265 1368 3326 intra·

136 3337 294 3394 secundum
316 3339 432 3408 Legem,
461 3340 597 3404 sisterent,
619 3335 721 3404 idest,
778 3334 827 3391 bat
842 3334 989 3406 templum,
1009 3342 1038 3393 et
1059 3339 1251 3409 praesentabat
1263 3342 1365 3397 natum

136 3409 285 3476 ollerrent,
298 3408 505 3465 seuollerendo
518 3410 724 3479 praesentarent
778 3421 909 3477 puerum,
932 3407 1053 3463 Domino
1077 3407 1199 3465 ollerens
1223 3408 1369 3469 sacrificia

137 3478 352 3534 eumbomiaoin
363 3479 658 3550 templo,etutdorerrt
670 3493 722 3551 pro
778 3492 831 3549 pro
846 3493 876 3533 se
895 3481 924 3533 et
945 3493 996 3549 pro
1013 3494 1110 3550 puero.
1128 3477 1157 3536 Si
1171 3484 1268 3536 autem
1282 3480 1369 3537 temi-

137 3565 171 3606 eo
185 3551 312 3613 bestiam,
327 3549 433 3606 scilicet
444 3567 500 3622 por
513 3554 663 3614 turturum,
675 3553 724 3604 out
779 3563 847 3604 nem
869 3547 1036 3620 peperisset,
1064 3548 1283 3622 duplicabantur
1306 3550 1372 3610 dies

137 3621 206 3677 duos
224 3620 315 3690 pullos
329 3621 525 3676 columborum.
780 3619 874 3691 quoad
887 3619 1030 3677 consortia
1045 3621 1192 3678 hominum
1220 3627 1249 3678 et
1271 3624 1371 3695 quoad

174 3711 187 3747 r
201 3692 282 3746 Lners
298 3709 438 3748 rnncerra
452 3709 528 3748 cinca
542 3708 723 3748 rumrmnrm·
779 3689 878 3762 templi
892 3688 1063 3773 ingressum.
1074 3723 1110 3733 -
1119 3663 1203 3750 aliud
1215 3699 1278 3750 erat
1292 3708 1369 3767 prae-

136 3778 191 3818 nnn
204 3779 340 3819 uunrnnun
353 3781 385 3818 er
401 3780 725 3820 rnrnoeeumonuuonm-
779 3766 893 3833 ceptum
904 3761 1027 3832 speciale
1040 3764 1074 3820 de
1087 3763 1296 3836 primogenitis,
1308 3768 1371 3823 tam

136 3851 293 3889 nonen-
306 3835 347 3890 Ad
361 3833 530 3891 evidentiam
541 3836 625 3907 hujus
636 3834 725 3890 scien·
780 3832 808 3888 in
830 3831 994 3890 hominibus
1013 3848 1099 3905 quam
1119 3833 1148 3890 in
1165 3835 1317 3907 iumentis,
1336 3842 1372 3894 ut

137 3904 215 3971 dum,
230 3904 306 3977 quod
320 3904 355 3961 de
368 3905 450 3976 prole
464 3913 533 3963 nata
547 3905 650 3979 duplex
663 3909 725 3963 erat
781 3909 878 3960 sancta
897 3903 1016 3961 Domino
1036 3905 1148 3975 tierent,
1161 3905 1228 3979 quia
1244 3906 1371 3965 Domino

136 3980 322 4049 praeceptum.
340 3977 432 4033 Unum
442 3976 576 4049 gencrale
587 3981 725 4048 quantum
780 3980 946 4032 consecrata
957 3980 1050 4032 erant.
1066 3977 1104 4033 Ex
1118 3993 1151 4034 eo
1166 3982 1295 4108 tempore
1310 3995 1371 4052 quo

139 4048 174 4105 ed
190 4063 300 4117 omnes,
316 4052 346 4104 ut
365 4047 473 4105 scilicet
491 4048 639 4121 completis
663 4046 724 4105 die·
779 4045 969 4119 primogenita
1004 4048 1198 4121 AEgyptiorum
1253 4050 1371 4109 ominus
