2790 4912
98 215 129 267 ia
463 170 467 175 ·
498 214 608 267 Philisti
636 215 755 270 Pluris
782 213 888 267 citur
913 212 932 262 t

98 326 185 389 terra,
203 320 278 391 quod
295 317 387 387 interi,
404 319 480 390 quod
502 319 566 376 coeli
586 336 683 391 eispe-
741 336 785 376 nae
802 316 950 375 familiaris
964 315 1054 374 virtus
1072 316 1247 373 humilitas:
1262 321 1327 379 Dein

99 395 185 448 etant.
207 391 357 462 Responde
378 392 506 458 verbum,
527 395 555 447 et
574 391 683 463 suscipe
740 389 816 446 enim
830 388 955 461 superbis
977 391 1091 452 resistit,
1110 389 1265 445 aumatium
1278 406 1325 447 aii·

99 463 243 529 Verbum;
270 462 366 533 proter
393 466 495 530 tuum,
516 467 544 518 et
574 463 684 533 suscipe
741 467 793 516 tem
808 462 857 516 dut
871 462 1001 529 gratiam.
1024 459 1174 516 llumiliter
1189 475 1260 531 ergo
1283 476 1332 519 rs·-

99 532 245 591 dirinum:
262 532 359 587 emitte
371 532 576 602 transitorium,
586 538 615 589 et
628 549 684 589 am·
741 533 873 604 spondet,
890 535 919 587 ut
933 530 1015 587 sedes
1047 529 1126 586 ratiae
1141 536 1324 613 praeparetur.

98 604 222 677 plectere
237 602 439 674 sempiternum
450 621 457 658 :
468 625 482 653 D
498 606 559 660 haec
571 607 686 660 Dernnr-
742 606 823 671 Ecce,
838 601 938 674 inquit,
952 546 1056 683 ancilia
1072 601 1196 682 Domini.
1207 603 1274 670 Qua
1284 606 1324 661 ast

99 676 162 731 dus.
185 673 262 730 Unde
285 679 313 728 ot
327 674 427 730 beatus
440 675 615 744 Augustinus
638 691 685 731 ex·
742 676 802 730 haec
829 678 888 730 tam
914 672 1043 754 sublimis
1067 672 1239 754 humihtas,
1266 689 1324 746 qna

99 745 226 802 clamat:
253 745 304 801 «0
331 745 414 801 beata
441 744 540 814 Maria,
561 746 686 802 seculum
741 745 842 802 cedere
859 759 916 800 uon
934 749 1012 800 noint
1028 744 1196 813 hononhus,
1224 744 1321 803 insola-

100 831 186 873 omne
202 815 340 888 captivum
362 821 440 872 tuum
461 816 629 889 deprecatur
640 832 686 873 as·
742 833 820 873 scere
835 813 927 886 gloria
941 814 1051 872 nescit?
1065 816 1126 871 Non
1140 820 1322 886 magnumest

101 901 230 954 sensiim3
261 892 299 954 te,
330 886 459 955 Domina,
483 887 607 945 mundus
628 904 687 944 suae
741 904 804 943 esse
819 885 954 943 humilem
981 885 1012 941 in
1033 885 1255 957 aDJectione3m
1337 918 1340 923 ·

101 957 167 1014 fldei
176 956 392 1026 obsidemlecit;
404 958 460 1014 noli
469 957 574 1014 morari
585 959 685 1030 Virgo;
741 974 858 1031 prorsus
872 962 901 1013 et
918 973 985 1013 rara
1005 956 1094 1013 virtus
1115 957 1262 1015 humilitas
1293 974 1340 1017 o·.

102 1028 201 1085 nuntio
221 1029 388 1085 festinanter
402 1029 542 1102 responde
557 1031 686 1097 verbum,
743 1035 844 1086 norata
855 1046 861 1085 :
872 1051 886 1079 ii
903 1029 963 1084 haec
977 1028 1144 1084 Bemurdus.
1160 1031 1250 1085 Beata
1261 1044 1323 1103 ergo
1338 1058 1342 1071 =

101 1104 129 1156 et
141 1099 251 1171 suscipe
266 1099 367 1155 filiuni.
385 1122 400 1149 i»
742 1101 846 1172 Virgo,
877 1116 941 1172 qum
968 1098 1044 1155 ultra
1070 1115 1172 1155 omnes
1198 1100 1323 1157 homiues

138 1175 171 1226 αὖ
187 1170 352 1228 Unenieiirii
367 1188 398 1226 rr
418 1188 560 1227 riniiimris
579 1174 685 1229 Minis.
741 1171 839 1227 mundi
867 1187 919 1242 per
952 1169 1198 1227 annuntiationem
1228 1173 1269 1227 ilii
1313 1168 1320 1184 ⁸

101 1271 136 1284 -
150 1241 274 1298 Tandem
289 1242 509 1313 prudentissima
523 1243 620 1315 Virgo,
636 1260 686 1300 au·
740 1243 932 1309 attollebatur,
955 1246 1052 1298 tamen
1071 1241 1102 1297 in
1120 1257 1151 1298 se
1166 1242 1269 1313 profuii
1288 1241 1295 1252 ’

101 1311 274 1384 ditisitngeli
288 1312 390 1382 verbis,
402 1314 553 1384 consensit,
565 1320 593 1370 et
605 1319 688 1386 prout
741 1313 811 1371 sime
826 1312 1046 1380 humiliabatur;
1063 1312 1126 1368 ideo
1141 1314 1204 1384 ejus
1217 1312 1321 1370 humili

101 1382 217 1453 dicitur,
245 1383 384 1456 protunda
410 1384 562 1442 devotione
594 1401 687 1456 genua
740 1390 784 1441 tas
817 1383 1072 1455 incomparabilis,
1101 1398 1161 1455 prae
1198 1383 1322 1441 omnihus

102 1455 187 1519 flexit,
206 1470 240 1511 ac
268 1455 398 1511 manibus
421 1455 563 1528 expansis,
583 1456 686 1513 deinde
740 1455 804 1513 aliis
831 1455 981 1511 virtutibus
1005 1454 1232 1511 commendatur.
1253 1458 1322 1511 luter

99 1525 216 1596 junctis,
237 1531 265 1582 et
283 1526 371 1582 oculis
390 1527 427 1582 ad
442 1527 543 1583 coelum
558 1527 685 1596 elevatis,
740 1542 839 1583 omnes
857 1526 933 1583 enini
953 1525 1070 1581 virtutes
1094 1529 1205 1581 tantuin
1225 1525 1323 1597 placuit

100 1611 164 1652 cum
186 1596 377 1653 inestimabili
394 1597 552 1653 hnmilitate
571 1598 688 1669 protulit
740 1597 885 1655 humilitas
909 1598 998 1653 beatae
1022 1595 1148 1668 Virginis
1170 1595 1239 1654 Filio
1267 1596 1321 1663 Dei,

99 1666 371 1723 desideratissimum
391 1669 519 1737 verbum,
544 1672 603 1724 toto
623 1684 686 1725 cor·
740 1669 816 1741 quod
839 1668 953 1725 attraxit
973 1666 1064 1740 ipsum
1091 1667 1127 1723 de
1146 1667 1228 1736 coelo,
1243 1672 1273 1723 ut
1291 1683 1321 1723 ex
1357 1692 1361 1711 ι

100 1736 145 1794 dis
172 1738 276 1794 ellectu
309 1737 491 1806 audiendum,
506 1740 686 1797 uiritantem
740 1741 789 1797 Vir
809 1739 854 1796 ine
873 1753 988 1796 carnem
1006 1744 1176 1805 assumeret,
1189 1738 1319 1810 quemad·
1359 1782 1361 1787 .

100 1810 194 1863 Maria
223 1827 231 1862 :
263 1811 331 1864 Eece
360 1811 464 1864 unalia
489 1813 608 1876 Domini,
637 1815 687 1882 (iat
740 1757 856 1868 mofium
870 1809 1318 1866 terrumtrahiturahadamanta.
1358 1846 1361 1865 .

101 1880 171 1934 milii
198 1880 345 1935 acuendum
370 1881 481 1935 iicrbum
507 1887 593 1937 tuum.
616 1884 686 1939 Ecce
740 1883 818 1939 Unde
833 1882 1052 1950 Augustinuez«
1067 1880 1169 1938 Uvera
1181 1879 1319 1937 humilitas

101 1950 545 2078 tacihildislidtll
567 1953 685 2078 ‘llil’
740 1953 909 2080 Vbi-iffi
928 1950 1225 2079 titillabit
1239 1951 1320 2079 llil

101 2063 233 2172 Domini;
250 2062 310 2147 non
337 2063 418 2175 inea,
438 2064 492 2149 sed
508 2039 586 2151 „¹3:1⁵1
602 2039 688 2165 ’poltlenl
741 2040 937 2176 &ohoiiiilinuiime
947 2038 1057 2175 anima}
1075 2038 1320 2175 iiheigvitfracu'

101 2163 686 2229 statissum;siatmihiseoundumverhum
742 2173 785 2224 est
804 2168 899 2222 blariae
923 2165 1067 2222 humilitas
1089 2164 1168 2221 scala
1194 2163 1320 2232 ooelestis,

102 2237 193 2314 tuum,
203 2232 301 2315 idest,
316 2235 472 2291 secundum
487 2237 564 2308 quod
576 2243 606 2293 tu
619 2236 687 2293 mihi
760 2253 887 2308 ecquam
898 2238 972 2293 Deus
985 2236 1130 2293 descondit
1144 2236 1181 2292 ad
1197 2241 1319 2292 terras.»

103 2309 251 2360 nuntiasti.
275 2307 342 2372 Quae
366 2313 457 2362 mater
483 2307 594 2364 Domini
610 2308 689 2381 eligi·
741 2254 865 2365 Placebat
889 2307 976 2376 enim,
999 2311 1030 2364 ut
1053 2306 1121 2363 dicit
1139 2307 1225 2370 Beda,
1251 2304 1322 2379 quod

102 2379 160 2443 tur,
175 2391 233 2431 sure
248 2376 417 2433 conditionis
432 2382 461 2433 et
473 2379 577 2435 divinae
590 2378 689 2452 digna·
742 2380 815 2436 sicut
835 2394 887 2450 per
915 2378 1078 2449 superbiam
1103 2379 1168 2434 Diae
1192 2394 1270 2434 mors
1296 2375 1323 2432 in

103 2445 189 2503 tionis
206 2462 257 2517 per
273 2448 368 2505 omnia
383 2464 501 2518 memor,
518 2449 649 2507 ancillam
657 2467 688 2506 se
742 2449 880 2507 mundum
895 2448 1020 2517 intravit,
1031 2450 1070 2505 ita
1080 2449 1322 2521 perhumilitatem

102 2522 258 2590 nuncupat,
278 2525 306 2575 et
325 2535 389 2577 cuin
412 2535 517 2592 magna
537 2521 688 2578 devotione
741 2521 859 2589 llariae,
889 2521 952 2576 vitre
980 2518 1113 2577 introitus
1135 2520 1321 2648 panderetur.

120 2588 271 2648 remissurn
292 2591 393 2662 Angeli
412 2591 523 2664 impleri
539 2597 628 2664 optat.
646 2593 689 2649 hd
741 2594 863 2649 Tantum
884 2596 979 2648 autem
1008 2590 1114 2664 placuit
1158 2590 1248 2647 hristo
1273 2590 1323 2646 ista

101 2603 175 2717 flauo
202 2678 300 2718 rocem
319 2662 414 2719 llariae
436 2664 575 2720 exclamat
593 2667 689 2745 dupu-
742 2680 795 2720 vox
810 2663 934 2736 Virginis
949 2679 1012 2719 cuni
1025 2662 1115 2719 dicit:
1139 2664 1209 2718 Ecce
1224 2661 1324 2718 ancilla

99 2734 197 2813 otinas·
210 2732 332 2789 diceus:
355 2755 369 2784 «
386 2735 407 2790 0
427 2732 492 2790 telix
506 2734 685 2791 ohediential
742 2734 865 2802 Domini,
881 2734 956 2816 quod
973 2751 1005 2790 ex
1023 2735 1076 2790 hoc
1095 2733 1185 2805 magis
1204 2732 1324 2805 appellat

102 2816 119 2856 o
144 2816 197 2857 insi
221 2802 265 2859 nis
285 2802 395 2871 gratia!
442 2819 484 2859 ure
509 2804 579 2860 dum
594 2805 686 2861 humi·
741 2823 771 2863 se
789 2807 816 2862 in
839 2808 983 2876 Scriptura
1001 2805 1091 2862 tilium
1106 2805 1226 2871 ancillae,
1244 2819 1324 2876 quam

102 2869 167 2926 liter
181 2818 267 2953 chlem
282 2872 370 2940 dedit,
386 2820 449 2929 coeqi
466 2874 494 2929 in
510 2890 540 2930 se
556 2875 686 2945 opificem
741 2877 874 2950 Virginis.
891 2879 929 2932 Ex
943 2893 999 2947 quo
1014 2876 1138 2932 trahitur
1152 2875 1271 2958 evidens
1284 2891 1325 2931 ar

102 2949 286 3013 comparavit.
317 2965 331 2992 >i
363 2945 442 3000 Unde
461 2949 489 3000 et
507 2946 686 3003 Ansetmus:
740 2954 916 3021 gumentum,
938 2947 1014 3017 quod
1041 2947 1104 3019 plus
1132 2947 1239 3017 placuit
1269 2949 1324 3003 Deo

102 3033 117 3061 «
133 3012 155 3068 0
179 3012 251 3068 sides
265 3015 323 3069 Deo
343 3020 459 3085 accepta
474 3015 481 3070 l
506 3032 523 3072 o
543 3017 687 3075 humilitas
741 3020 835 3076 llariae
850 3017 994 3075 humilitas
1009 3033 1094 3090 quam
1109 3017 1266 3089 virginitas.

103 3084 160 3163 Deo
174 3088 255 3153 grata
263 3085 274 3166 l
292 3102 309 3139 o
324 3085 495 3165 ohedientia,
506 3087 584 3143 omui
600 3089 687 3145 sacri·
777 3096 810 3159 24
828 3091 881 3146 Sex
898 3106 985 3145 venai
1000 3107 1034 3145 aa
1049 3107 1109 3146 insi
1127 3106 1259 3155 rnomra,
1273 3103 1326 3144 nm

101 3154 166 3235 ticio
185 3156 241 3235 Deo
257 3156 411 3226 iucundius
432 3158 548 3215 oblatal
569 3159 688 3217 osubli·
740 3179 877 3219 issu-isui
892 3178 1009 3219 rinner.
1027 3192 1064 3202 -
1084 3162 1118 3216 Et
1132 3159 1199 3216 licet
1215 3158 1326 3230 singula

102 3238 155 3280 mis
170 3241 213 3280 vir
233 3242 249 3282 o
269 3228 359 3283 litator
373 3227 440 3284 Deil
457 3245 473 3284 o
492 3235 583 3286 mater
597 3231 688 3287 humi·
741 3235 827 3290 verba
841 3233 925 3304 hujus
936 3230 1081 3302 Evangelii
1096 3230 1153 3287 sint
1166 3231 1253 3302 plena
1267 3244 1324 3301 my·

100 3292 135 3353 lis
149 3242 254 3378 aricifla
269 3298 341 3380 Deli
363 3299 435 3382 Quid
453 3301 604 3358 sublimius
623 3318 686 3359 esse
740 3304 843 3371 stertis,
858 3303 913 3359 ista
935 3307 1030 3359 tamen
1050 3302 1138 3358 verba
1153 3317 1219 3382 ,quae
1235 3300 1264 3357 in
1285 3298 1326 3382 sui

99 3369 214 3439 possit?
239 3370 311 3438 Quid
329 3371 465 3429 humilius
490 3373 594 3430 sentire
620 3389 686 3444 pos·
739 3391 894 3431 consensus
919 3373 1099 3446 expressione
1127 3375 1212 3454 Virgo
1249 3376 1327 3444 ponit

98 3440 280 3522 sotlpUnde
294 3442 380 3499 etiam
397 3444 576 3500 Ambrosius:
589 3445 686 3502 «Vide
738 3446 880 3518 precipue
895 3444 1024 3502 redolent
1044 3444 1162 3500 virtutes
1181 3457 1325 3515 incompa-

99 3508 299 3593 humilitatem,
320 3514 389 3593 'vide
415 3514 610 3584 devotionem;
634 3533 685 3573 aii·
739 3517 853 3573 rabilos.
874 3516 956 3572 Ponit
977 3515 1054 3572 enim
1076 3532 1124 3572 sex
1143 3516 1241 3583 verba,
1265 3529 1326 3586 quaa

99 3580 195 3663 sillam
215 3597 244 3638 se
272 3583 339 3639 dicit
359 3585 481 3652 Domini,
511 3603 574 3658 qua
595 3593 686 3643 niater
740 3588 870 3644 redolent
893 3603 941 3643 sex
959 3587 1077 3643 virtutes
1101 3585 1219 3642 eximias
1238 3585 1325 3643 inea.

99 3650 226 3731 eligitur,
235 3669 287 3709 nec
296 3655 470 3728 redemptiva
484 3658 607 3714 exaltata
622 3674 686 3731 pro·
739 3659 811 3714 Dicit
821 3675 942 3730 namque
954 3680 960 3715 :
970 3658 1084 3721 Deraia
1095 3674 1150 3729 quo
1163 3657 1327 3714 obedientia

99 3721 243 3804 missione,
265 3723 347 3805 simul
376 3726 509 3785 ancillam
539 3728 682 3796 dicendo,
738 3728 1327 3803 prompta3ancitta,inquohumilitasper·

98 3790 206 3874 nullam
221 3796 273 3875 sibi
289 3797 507 3877 praerogativam
523 3804 609 3856 tantm
621 3814 684 3872 gra·
737 3803 824 3869 t'ecta;
841 3800 1058 3871 Domini,inquo
1068 3799 1327 3871 uirginitasimma-

97 3868 144 3944 tiae
162 3866 322 3934 vindicavit,
343 3867 457 3938 quando
483 3870 587 3926 taceret
607 3871 683 3942 quod
738 3873 848 3940 culnta;
867 3875 926 3942 fiat,
942 3872 971 3928 in
986 3887 1041 3943 quo
1054 3871 1190 3927 'charitas
1215 3870 1327 3927 intlam·

92 3934 251 4015 iuberetur.
276 3936 372 4018 Mitem
387 3938 463 3995 enim
491 3941 684 4013 humilemque
738 3950 824 4011 mata,
836 3948 890 3999 etc.
901 3965 907 4010 ;
920 3944 999 4007 miti,
1012 3941 1043 3998 iu
1057 3957 1113 4013 quo
1128 3957 1194 4013 spes
1207 3957 1328 4009 secura;

96 4008 234 4085 paritura,
262 4008 451 4066 humilitatem
476 4010 573 4093 debuit
596 4012 682 4069 etiam
736 4015 885 4070 secundum
904 4015 1015 4069 uerbwn
1030 4019 1120 4077 mum,
1136 4013 1164 4069 in
1180 4029 1238 4084 quo
1253 4012 1327 4094 tldes

95 4078 684 4225 iu,istun‘sichardus
737 4085 1327 4228 iiiii,Eiiiaiilduiuureu

78 4430 116 4544 i
