2790 4912
290 330 330 383 bt
356 330 581 385 cotentitotti
609 331 810 385 SALVATORIS
838 332 973 385 NOS'l'lll.
1218 341 1251 392 ts

54 438 58 451 ¹
101 482 111 507 ,
136 438 241 495 dicens
266 453 274 490 ι
300 436 371 497 Aac,
391 436 495 490 llario
524 436 604 493 Unde
658 435 694 493 lis
711 436 808 494 anima
830 437 916 494 debet
931 454 994 495 esso
1009 439 1194 513 desponsata,
1219 452 1250 502 ut

133 526 168 565 as
186 529 195 564 ε
221 529 236 559 ι
261 508 312 563 Est
324 504 387 573 tibi,
404 504 492 577 Virgo
506 506 606 575 Maria,
658 508 745 564 tidem
766 513 938 564 clamorem
957 510 994 566 ad
1010 510 1125 569 unicum
1141 515 1249 574 bonum

83 579 255 648 ’osculum
272 576 374 634 audire
396 577 474 633 bunc
493 593 607 635 versum
659 578 849 647 restrinxerit,
870 580 946 651 quod
972 587 1016 638 est
1043 584 1127 652 Deus,
1154 602 1190 642 ne
1217 586 1249 644 in

105 652 181 709 'cuin
197 653 269 707 Aac.
283 647 381 730 Toties
400 646 479 705 enim
498 647 606 706 beatis·
659 648 770 706 incerto
786 655 914 733 uagetur¹
931 667 1006 708 nunc
1021 652 1107 723 istud,
1125 672 1200 713 nunc
1215 657 1248 714 il-

102 721 254 790 oscularis,
270 724 383 792 quoties
401 734 455 792 per
472 719 532 776 Ave
554 719 607 778 de·
660 721 710 778 lud
723 723 877 778 amansii
891 729 1041 793 signanter
1055 725 1160 783 dicitur
1172 729 1248 800 quod

91 793 235 853 salutaris.
244 794 331 862 Ergo,
341 790 446 848 iratres
455 790 606 859 carissimi,
660 792 745 849 debet
761 809 824 850 esso
851 793 1024 865 desponsata
1038 799 1104 854 lose
1126 798 1155 866 b,
1171 800 1249 871 quod

67 864 234 937 -lmaginem
260 863 323 945 ejus
336 859 487 944 ‚accedit-e,
514 878 608 934 genua
660 862 863 946 interpretatur
878 872 1054 934 augmentum
1071 814 1247 942 refopposi'·

86 936 95 951 '
159 935 260 992 oscula
282 949 309 989 ει
335 937 510 1005 imprimite,
535 934 606 997 itae,
661 937 719 1002 tio;
734 941 808 991 utin
827 935 884 992 llde
910 942 939 992 ct
966 953 1064 996 amore
1089 956 1246 1013 apponens,

72 1014 75 1019 '
123 1006 220 1064 dicite.
234 1026 250 1055 a
264 1006 299 1061 lit
313 1003 415 1061 iterum
430 1020 437 1059 :
454 1025 468 1054 a
482 1003 551 1061 cati
566 1020 608 1061 re·
661 1021 828 1078 semperque
856 1006 1008 1077 proliciens
1027 1017 1246 1082 augmentetur:

125 1083 167 1145 nt,
178 1076 278 1149 itngeli
287 1074 553 1157 jubilantmundus
563 1090 609 1132 ex·
661 1076 729 1203 guia
740 1075 768 1133 in
777 1077 881 1135 talibus
893 1093 951 1135 non
965 1082 1116 1151 proficere,
1127 1089 1170 1140 est
1180 1100 1249 1156 quo

128 1150 277 1207 daemones
294 1151 528 1216 contremiscunt,
544 1162 607 1203 ciini
681 1164 728 1204 ani
743 1149 828 1205 modo
845 1148 979 1207 delicere.
996 1154 1028 1207 Et
1040 1152 1187 1224 signanter
1200 1155 1250 1212 ad·

99 1222 163 1285 dcc,
186 1220 305 1277 Uaria:
326 1236 340 1269 ι
360 1218 422 1274 liaec
437 1218 606 1274 bernardus.
660 1217 738 1275 ditur
751 1220 787 1275 de
804 1219 890 1276 donio
902 1220 1002 1291 David,
1019 1224 1095 1293 quod
1109 1224 1248 1298 interpre-

63 1312 94 1369 η
107 1294 266 1349 ilonaiirni
285 1306 335 1344 εει
356 1305 532 1345 counirioucs
547 1307 607 1345 ιιιι-
660 1294 738 1346 tatur
751 1306 835 1345 manu
848 1293 932 1359 fortia
950 1311 958 1346 :
984 1293 1050 1363 quia
1069 1310 1249 1365 pergressus

108 1362 246 1421 Cniisiuii
290 1376 436 1415 concinnius
481 1377 607 1416 vomani.
661 1359 848 1432 spirituales,
876 1376 928 1433 per
957 1363 1044 1420 sortes
1073 1371 1192 1423 conatus
1221 1374 1249 1424 et

52 1366 381 1709 ἓωὶιειῑειιῇιιιωι
394 1429 610 1488 hicaexcondi-
662 1431 861 1504 operationes,
891 1431 921 1488 in
948 1433 1088 1505 spirituali
1115 1437 1249 1495 exercitio

143 1520 215 1579 quas
239 1503 274 1560 de
311 1502 452 1558 thabere
475 1501 609 1584 quaelibet
662 1507 873 1574 augmentatur.
893 1535 928 1545 —
951 1504 1054 1572 Quinto
1081 1507 1251 1565 describitur

134 1579 243 1644 sancta,
264 1572 408 1631 Christum
425 1572 610 1645 spiritualiter
663 1574 725 1630 haec
742 1572 840 1631 anima
856 1578 887 1630 ut
909 1579 969 1632 tota
992 1575 1162 1647 illuminata,
1183 1578 1250 1651 quia

102 1646 336 1731 ptura-Debet
343 1642 421 1701 enim
429 1643 521 1716 primo
532 1641 610 1700 babi·
663 1660 768 1701 nomen
780 1645 842 1716 ejiis
854 1651 898 1702 est
911 1646 1094 1719 blaria,quod
1108 1649 1250 1723 interpre-

52 1714 86 1781 ἰε
101 1734 130 1776 ιιι
148 1716 272 1791 quadam
288 1714 468 1787 separatione
490 1721 519 1772 et
537 1714 608 1796 alie-
663 1720 740 1772 tatur
753 1717 930 1772 illuminata.-
941 1717 1048 1775 scilicet
1064 1725 1094 1776 ut
1106 1720 1249 1794 signatum

52 1788 138 1855 itione
162 1787 258 1845 omnis
280 1792 384 1843 creatas
403 1785 609 1854 delectationis,
663 1786 700 1842 sit
714 1802 800 1858 super
814 1803 876 1844 eam
897 1788 991 1846 vultus
1008 1791 1131 1861 Domini,
1155 1798 1183 1849 et
1197 1793 1248 1850 ha·

52 1859 110 1921 tac
121 1860 231 1917 habitet
244 1857 275 1915 in
290 1856 417 1925 Galilaea,
431 1857 506 1929 quod
520 1856 609 1938 inter·
663 1858 731 1915 beat
758 1857 885 1915 laetitiam
911 1860 1087 1931 spiritualem
1106 1862 1135 1919 in
1161 1864 1247 1922 corde

52 1934 149 2007 tetam
162 1928 444 1998 commorationis
458 1927 535 1984 enini
550 1944 610 1985 ani-
664 1944 725 1985 suo.
750 1960 784 1971 -
802 1930 884 1986 Serto
907 1930 1086 2000 describitur,
1106 1939 1171 1990 uta
1189 1937 1248 1992 Deo

51 2012 77 2061 Ι
91 2002 212 2076 perlecto
236 2000 345 2057 habitat
374 1999 404 2056 in
420 1997 608 2071 transmigra·
663 1999 822 2057 confortata
852 2017 903 2073 per
934 2002 1041 2060 donum
1072 2004 1249 2062 tortitudinis

51 2070 125 2141 bne,
165 2088 229 2144 quae
269 2069 465 2152 transmeavit·
493 2085 608 2128 omnem
663 2069 784 2143 Spiritus
808 2071 915 2141 Sancti,
942 2073 1009 2156 quia
1027 2074 1186 2147 ingreditur
1212 2077 1248 2134 ad

51 2150 149 2203 tutam
186 2141 428 2210 delectationem,
457 2146 499 2198 ita
531 2141 608 2214 quod
663 2157 727 2198 eam
741 2142 860 2214 angelus
874 2144 999 2214 Gabriel,
1018 2147 1093 2217 quod
1108 2147 1247 2220 interpre-

51 2214 107 2275 nlla
124 2232 156 2273 re
176 2221 272 2271 creata
291 2211 414 2286 amplius
439 2212 607 2279 delectatur,
663 2217 740 2269 tatur
764 2216 900 2282 tortitudo
922 2218 986 2283 Dei}
1002 2222 1030 2273 et
1055 2233 1106 2288 per
1131 2234 1197 2274 cum
1216 2219 1249 2275 lit

51 2284 125 2343 'liin
140 2283 318 2359 quantumin
339 2299 373 2340 ea
394 2284 502 2340 relucet
515 2282 609 2355 imago
663 2283 854 2353 annuntiatio,
875 2286 982 2343 scilicet
1006 2288 1120 2357 quando
1153 2288 1250 2346 anima

51 2356 203 2431 itpcrtectio
218 2354 377 2414 creatoris:
394 2354 471 2427 quod
485 2370 543 2411 non
563 2370 609 2410 so·
662 2355 884 2427 contemplativa
903 2357 1086 2415 tortilicataa
1107 2361 1177 2428 Deo,
1197 2375 1249 2432 per

51 2428 200 2486 annullant
216 2443 276 2484 rem
286 2425 377 2498 diligit
394 2430 494 2483 contra
508 2427 609 2493 Deum,
663 2441 742 2508 spani
755 2426 892 2495 elevatur,
907 2433 938 2484 ut
950 2433 1064 2509 appetat
1075 2429 1174 2499 gratia
1187 2431 1248 2503 ple·

51 2495 609 2570 ndnccullamdiligit‚nisiinquantum
662 2497 833 2566 nitudinem,
862 2499 973 2554 Domini
1003 2499 1197 2570 praesentiam,
1220 2508 1249 2558 et

51 2566 109 2627 liei
120 2572 191 2628 Deua
206 2569 323 2638 relucet,
337 2568 380 2625 vel
394 2567 490 2640 imago
504 2566 564 2637 Dei,
579 2573 610 2624 ut
662 2569 815 2639 quamdam
833 2567 1060 2639 singularitatem
1078 2570 1250 2629 benedictio·

51 2640 251 2713 ponimumuel
264 2641 291 2696 in
302 2643 609 2722 quantumpotestesso
662 2638 707 2695 nis
723 2638 798 2695 inter
814 2654 914 2695 omnes
933 2646 1087 2696 creaturas.

51 2713 206 2769 toeonimoda
220 2711 356 2769 ultimate
367 2709 609 2777 saluti,aicutalia
697 2715 733 2768 So
752 2711 894 2767 Srnciariii
912 2728 1008 2766 neniis
1027 2728 1180 2768 straminis
1204 2732 1251 2771 rin·

50 2794 137 2841 na-
161 2782 290 2841 Secundo
320 2782 406 2839 debet
425 2780 491 2839 talis
513 2780 610 2838 anima
662 2798 793 2838 cnssnis.
810 2813 845 2822 -
864 2782 1030 2854 Specialiter
1060 2789 1155 2841 autem
1175 2784 1251 2842 circa

50 2850 153 2913 unare
167 2854 195 2911 in
211 2854 332 2925 quadam
347 2851 490 2910 lloritione
506 2851 610 2910 deiior·
661 2852 775 2910 tertiam
801 2853 993 2911 conditionem
1024 2861 1067 2912 est
1091 2855 1248 2926 sciendum,

50 2924 89 2981 nii
101 2924 280 3000 operationis,
295 2923 403 2981 scilicet
421 2929 453 2980 ut
469 2922 610 2980 inhabitet
662 2925 738 2996 quod
754 2923 871 2996 mystice
890 2942 942 2997 per
959 2928 1013 2984 hoc
1032 2928 1108 2999 quod
1122 2928 1251 2986 Christus

50 2990 216 3065 bilizaretli,
231 2995 307 3068 quod
324 2996 529 3067 interpretatur
547 2998 607 3064 pos,
662 3000 813 3068 conceptus
838 3002 868 3052 et
892 2998 1030 3055 iormatus
1047 2998 1098 3055 suit
1119 2999 1149 3056 in
1166 3006 1250 3058 utero

50 3068 183 3138 mutam,
198 3069 344 3131 sauctitas,
357 3066 401 3122 vel
416 3067 607 3123 consecratio:
661 3065 792 3137 virginali
820 3083 873 3139 per
902 3073 1098 3140 operationem
1130 3071 1251 3144 Spiritus

50 3138 169 3197 dacilicet
185 3141 297 3206 lloreat,
309 3137 353 3194 vel
370 3136 399 3193 in
413 3138 485 3194 llore
499 3135 609 3193 habitet
663 3137 768 3205 Sancti,
783 3137 959 3209 signincatur
974 3142 1051 3212 quod
1066 3141 1252 3212 spiritualiter

50 3211 204 3268 ucandore
225 3207 417 3277 innocentiie;
438 3207 476 3264 sit
502 3207 608 3279 virgul-
661 3207 822 3281 concipitur
866 3215 894 3266 et
924 3210 1064 3268 formatur
1090 3212 1120 3267 in
1155 3218 1251 3270 mente

50 3294 94 3352 an,
109 3281 227 3339 dulcore
246 3278 350 3337 divinae
369 3277 524 3336 influentiae
543 3294 609 3334 san·
662 3295 744 3352 pura,
759 3280 888 3337 e'usdem
905 3281 1025 3353 Spiritus
1040 3281 1134 3338 Sancti
1149 3298 1251 3354 opera-

50 3350 249 3421 distentiore
272 3348 610 3417 divinaecharitatis3et
661 3349 749 3407 tione.
773 3297 890 3423 llportot
910 3351 986 3407 enim
1012 3358 1137 3408 montem
1152 3353 1250 3408 aterni

50 3422 162 3483 iliibltet
185 3422 216 3479 in
233 3422 356 3494 quadam
384 3420 609 3487 consecratione,
662 3420 747 3478 Verbi
776 3421 971 3492 conceptivam
999 3437 1063 3478 csse
1082 3421 1125 3478 vir
1145 3422 1250 3490 neam,

50 3495 173 3553 ιΙειιᾱοιε
198 3492 338 3551 ueritatis.
358 3490 521 3560 -Tertio,
545 3490 610 3547 talis
662 3491 760 3561 idest,
776 3508 833 3549 non
849 3492 1073 3562 solumavitiis,
1092 3510 1123 3550 se
1164 3493 1251 3551 etiani

50 3566 116 3625 iima
140 3566 227 3623 debet
244 3580 307 3621 esse
327 3562 419 3635 virgo,
434 3568 466 3620 ut
479 3564 516 3619 ab
531 3561 609 3619 omni
663 3579 680 3619 a
704 3562 852 3635 speciebus
866 3568 1025 3621 creatarum
1046 3581 1151 3634 rerum,
1170 3572 1199 3622 et
1214 3568 1251 3623 ab

50 3644 172 3696 otunon
195 3635 287 3693 solum
302 3633 508 3717 sensuum,sed
523 3633 609 3716 etiam
662 3633 825 3716 huiusmodi
845 3634 1003 3717 specierum
1019 3637 1208 3695 delectatione
1223 3645 1252 3695 et

49 3727 57 3767 ι
74 3707 155 3767 οιιιιιί
170 3714 250 3764 motu
267 3706 371 3763 animai
390 3705 493 3762 virium
509 3709 546 3761 sit
564 3720 609 3761 re-
664 3710 845 3777 corruptione
861 3721 1017 3763 immunem
1041 3724 1104 3765 esse
1128 3713 1157 3765 et
1184 3711 1251 3768 abs-

49 3780 131 3849 ricta,
147 3778 188 3835 ita
201 3783 232 3834 ut
242 3777 312 3835 nihil
327 3776 356 3833 in
371 3791 406 3833 ea
420 3775 611 3848 corruptionis
664 3780 795 3832 tractam.
816 3778 885 3834 Cum
907 3777 984 3834 enim
1005 3779 1099 3836 omnis
1121 3784 1252 3838 creatura

49 3850 115 3910 ileat
138 3848 319 3931 subintrare}
334 3864 387 3905 nec
404 3862 456 3920 per
471 3846 530 3903 vias
543 3863 611 3903 sen·
664 3847 782 3904 vanitati
795 3849 832 3904 sit
846 3849 985 3920 subjecta,
1000 3851 1093 3908 omnis
1108 3852 1215 3923 species
1235 3869 1253 3909 a

49 3938 102 3982 iuni
123 3920 211 3978 intret
232 3919 340 3992 aliquid
355 3919 431 3990 quod
448 3923 561 4000 moveat
574 3918 611 3974 ad
665 3934 696 3976 re
711 3923 807 3975 creata
821 3920 973 3990 abstracta,
991 3923 1107 3979 vanitati
1123 3928 1166 3980 est
1185 3939 1252 3981 con-

49 3991 238 4060 .rnalitatem;
265 4006 318 4048 nec
346 4005 398 4062 per
426 3988 488 4046 vias
509 3989 611 4045 vinum
663 3990 773 4061 iuncta,
788 4005 883 4062 acper
897 3992 951 4048 hoc
963 4000 1086 4050 mentem
1099 3994 1135 4050 ad
1150 3994 1253 4051 altiora

49 4064 261 4124 tellectivarum
280 4060 375 4119 veniat
399 4059 507 4134 aliquid
536 4060 612 4132 quod
666 4059 830 4143 tendentem
851 4062 967 4119 abducit
983 4066 1106 4136 quodam
1121 4067 1254 4124 modoet

49 4137 120 4195 ndat
135 4136 166 4192 in
186 4133 390 4192 curiositatem.
409 4131 611 4189 litsecundum
666 4137 831 4204 corrumpit.
862 4133 904 4190 Ad
931 4135 1004 4192 hanc
1032 4141 1126 4193 autem
1149 4136 1254 4194 mentis

49 4210 222 4281 apastinam,
235 4219 422 4278 quacumque
437 4202 533 4260 anima
545 4201 611 4259 talis
665 4202 909 4285 abstractionem,
943 4207 1074 4263 hortatur
1105 4210 1255 4278 Dionysias

49 4281 120 4349 erit,
136 4278 218 4351 virgo
233 4281 377 4334 censetur.
392 4276 557 4344 -Quarto,
573 4279 614 4331 ta·
664 4275 844 4331 'limotbcum
874 4275 971 4334 dicens
1004 4295 1010 4333 :
1048 4280 1126 4334 «Τιι
1145 4285 1253 4347 autem,
