2790 4912
129 360 175 415 tta
508 353 619 408 PRINAE
645 354 766 446 alaris
793 354 900 409 CAPUT
927 354 987 407 ltlt

125 468 188 538 ejus
204 465 272 531 duo,
285 461 393 518 scilicet
403 460 529 517 Herodes
542 459 671 533 Antipas,
684 464 713 517 et

127 537 284 609 Philippus,
300 533 346 604 qui
363 547 425 588 cum
438 532 499 603 ipso
512 538 577 603 post
591 538 712 588 mortem

126 608 216 683 patris
240 603 407 677 superstites
434 607 525 671 erant,
550 603 617 675 quia
641 602 713 659 alios

126 686 186 737 tres
203 676 290 743 tilios,
306 674 414 731 scilicet
432 673 610 747 Antipatrem
629 689 713 731 suum

125 748 360 825 primogenitum,
377 752 405 802 et
421 746 611 802 Alexandrum
629 750 714 818 atque

126 819 419 889 Aristobulum,pater
427 823 493 873 ante
505 821 624 874 mortem
631 831 714 873 suam

128 891 320 952 miserabilem
350 892 511 956 necaverat,
542 887 629 945 etiam
656 890 715 943 Ro·

127 980 204 1022 marn
230 966 377 1023 venerunt,
401 966 429 1016 et
449 964 575 1032 pateruae
599 957 715 1016 heredi·

127 1036 195 1093 tatis
213 1039 323 1106 partem
346 1031 498 1104 petierunt.
515 1032 640 1088 Tandem
663 1032 717 1087 lm-

147 1111 243 1164 erator
261 1110 290 1161 et
306 1105 428 1161 Senatus
447 1105 650 1171 Romanorum,
665 1117 715 1158 vo-

126 1123 218 1236 fantes
228 1177 360 1247 frangere
370 1175 533 1231 ludaeorum
542 1172 714 1247 superbiam,

128 1255 158 1307 et
190 1248 302 1306 auterre
334 1246 375 1302 eis
404 1244 560 1302 rebellandi
591 1244 716 1302 occasio·

127 1336 206 1389 nem,
225 1318 401 1377 abstulerunt
418 1316 459 1374 eis
474 1315 584 1387 regium
598 1331 715 1384 nomen,

128 1397 158 1450 et
172 1390 329 1450 diuiserunt
343 1405 460 1460 regnum
476 1387 506 1443 in
522 1393 644 1460 quatuor
654 1403 717 1459 par·

128 1468 183 1534 tes,
208 1461 316 1520 scilicet
336 1460 365 1516 iu
389 1465 511 1532 quatuor
536 1459 714 1526 tetrarchias,

151 1550 251 1593 aarum
284 1534 365 1599 duas,
394 1530 501 1587 scilicet
530 1531 659 1587 Judaeam
689 1535 718 1585 et

173 1606 272 1663 ilinam
300 1604 441 1660 dederunt
467 1602 627 1671 Archelao,
655 1599 716 1682 illio

130 1677 253 1744 seniori;
279 1674 393 1732 tertiam
411 1690 489 1741 vero,
511 1673 617 1730 scilicet
640 1672 716 1730 Gah-

131 1749 213 1805 laeam
241 1746 388 1818 regionem
417 1747 643 1812 transfluentem,
667 1743 716 1800 de·

130 1820 234 1877 derunt
245 1817 348 1874 Herodi
360 1815 480 1888 Antipae,
493 1817 546 1873 sub
564 1832 620 1887 quo
635 1817 718 1873 Joan-

132 1907 183 1948 nes
192 1889 369 1962 Baptistaest
380 1887 571 1944 decollatuset
584 1887 718 1944 Dominus

130 1977 247 2035 passus3
257 1960 306 2017 sed
319 1966 460 2028 quartam,
470 1959 717 2015 scilicettturaeam

130 2037 160 2090 et
177 2030 384 2088 traconitidem
404 2032 560 2100 regionem,
579 2029 719 2086 dederunt

131 2102 274 2175 Philippo,
295 2102 374 2171 cujus
388 2116 504 2157 uxorem
524 2100 641 2157 abstulit
657 2101 718 2172 ipse

131 2173 259 2233 Herodes
278 2171 407 2241 Antipas,
424 2173 512 2227 trater
533 2173 603 2243 ejus.
624 2174 658 2228 Et
676 2170 717 2227 sic

131 2244 288 2304 Archelaus
305 2248 367 2300 erat
380 2243 517 2312 Diarcha;
533 2243 583 2300 sed
597 2242 645 2299 alii
660 2243 717 2299 duo

131 2318 246 2374 luerunt
273 2319 384 2371 tantum
415 2315 586 2371 Tetrarchae.
618 2315 718 2370 Adhuc

115 2406 119 2417 ·
151 2386 718 2456 raeterilerodemAscalonitam,etllero·

130 2404 196 2518 gem
208 2457 275 2516 Anti
297 2474 354 2525 am,
369 2457 547 2530 supradictus
562 2456 646 2515 etiarn
659 2462 717 2513 ter-

130 2473 718 2613 tiusileroriies,dictus·Agrippa,tiliusAri-

130 2603 246 2671 stobuli,
265 2603 318 2658 filu
334 2602 452 2658 tterodts
468 2601 638 2658 Ascalonita
655 2600 717 2668 luit,

131 2674 181 2748 qui
198 2675 336 2733 iacobum
351 2674 466 2729 tratrem
483 2672 599 2729 loannis
621 2671 717 2744 gladio

131 2746 246 2814 occidit,
273 2751 302 2801 et
331 2745 445 2800 Petrum
465 2743 661 2800 incarceravit.
685 2743 719 2799 Et

131 2816 199 2889 quia
215 2816 370 2873 Archelaus
384 2814 477 2871 luerat
490 2829 508 2870 a
520 2820 611 2886 patre,
627 2829 718 2886 quan·

131 2893 192 2943 tum
206 2887 235 2942 in
250 2901 281 2942 se
294 2891 366 2953 erat,
382 2885 411 2941 in
426 2889 485 2940 toto
499 2901 589 2956 regno
603 2885 717 2941 Judaeo-

133 2973 198 3014 rum
212 2956 391 3023 substitutus,
412 2955 476 3011 ideo
500 2955 591 3026 magis
606 2957 718 3012 favebat

134 3027 247 3085 iactisa
264 3031 363 3098 patre;
379 3031 496 3098 propter
514 3026 590 3098 quod
613 3028 717 3099 ioseph

133 3098 228 3155 timuit
241 3097 283 3153 ire
302 3096 332 3153 in
348 3097 486 3153 Judaeam.

168 3175 185 3226 8
201 3171 302 3226 iosaru
322 3185 441 3223 secessu
470 3185 497 3223 ur
516 3185 616 3225 rueras
635 3168 717 3226 alu-

133 3259 197 3298 mna
223 3243 366 3297 Nazannru
398 3257 593 3297 umrrzrunus.
624 3271 659 3282 -
682 3243 719 3297 at

133 3315 290 3370 admonitas
312 3315 342 3367 in
366 3315 479 3375 somnis,
504 3328 556 3384 per
577 3311 719 3381 Angelum

133 3385 252 3454 scilicet,
264 3385 374 3440 secessit
397 3399 460 3438 cum
477 3384 568 3465 Puero
584 3389 612 3439 et
629 3385 719 3464 Matre

130 3455 568 3608 iilli”aill⁶iiii²,²‘iild¹l¹
581 3454 718 3597 illiti,

134 3598 183 3670 qui
210 3602 340 3678 portione
368 3599 422 3655 sthi
449 3597 555 3664 debita,
580 3612 598 3653 a
623 3601 718 3678 patre,

134 3675 324 3740 quantumin
349 3683 379 3723 se
405 3673 476 3737 erat,
503 3673 568 3724 ante
591 3672 719 3740 privatus

133 3740 236 3797 iuerat.
253 3739 373 3809 Propter
395 3739 471 3820 quod
491 3740 597 3809 loseph
612 3737 718 3796 ibidem

133 3825 198 3868 cum
218 3810 309 3865 Puero
326 3825 451 3867 securius
470 3809 594 3878 mansit;
611 3814 719 3881 quaet

134 3881 197 3953 ipsa
219 3885 297 3936 terra
321 3882 406 3937 lsrael
422 3885 494 3951 erat,
510 3879 577 3954 quia
595 3895 659 3937 eam
681 3882 719 3937 ts·

134 3951 195 4009 rael
219 3950 370 4008 incolebat.
384 3955 420 4009 ut
443 3955 563 4016 veniens,
580 3953 718 4008 habitavit

134 4025 166 4079 in
178 4026 291 4079 civitate
306 4039 366 4091 qua
380 4030 493 4079 vocatur
508 4026 671 4083 Nazareth:
687 4029 718 4081 ut

136 4091 176 4151 ibi
204 4092 331 4151 Christus
358 4093 523 4162 nutriretur,
551 4094 599 4152 ubi
625 4095 718 4152 iuerat

135 4169 297 4244 conceptus,
313 4162 377 4220 licet
392 4163 421 4220 in
437 4165 602 4221 Bethlehem
625 4166 718 4223 tuerat

134 4240 229 4293 natus.
255 4236 296 4291 lbi
326 4234 402 4290 euim
430 4235 556 4292 securius
587 4236 716 4294 habitare

134 4310 248 4379 poterat
262 4319 346 4379 quam
356 4304 387 4361 in
397 4306 565 4377 Jerusalem,
576 4307 620 4364 rel
629 4307 716 4364 Beth·

774 461 880 530 lehem,
893 459 941 517 ubi
956 459 1113 517 Archelaus
1128 460 1275 518 manebat.
1284 462 1354 521 Unde

775 534 982 602 chrysostomus
997 551 1005 588 :
1020 530 1129 589 «Venit
1140 531 1230 602 igitur
1244 532 1355 591 tamin

774 604 924 671 Nazareth,
938 619 996 660 non
1009 603 1101 660 solum
1117 602 1238 675 periculi
1251 602 1353 676 timore,

775 690 875 733 rerum
893 673 979 731 etiam
997 675 1099 748 patriae
1117 691 1218 732 amore
1233 681 1350 750 oogenh,
1389 694 1391 699 ·

775 746 882 804 scilicet
910 749 942 803 ut
970 745 1101 803 securius
1130 745 1170 803 ibi
1199 747 1348 819 habitaret,

775 824 804 875 et
826 816 944 889 gratius.
961 837 975 868 a
992 819 1050 875 Hoc
1070 821 1168 875 autem
1185 818 1291 876 lactum
1305 824 1348 890 ert,

774 895 806 945 ut
820 890 1018 960 adimpleretur
1039 890 1113 960 qaod
1127 891 1234 945 dictam
1257 894 1296 946 est
1308 907 1348 964 per

774 963 925 1032 Prophetas
949 979 957 1016 :
983 961 1117 1028 Quoniam
1143 963 1293 1019 Nazarata
1311 976 1345 1020 ro

776 1033 894 1089 cabitur.
912 1034 969 1088 tloc
984 1036 1026 1095 at,
1046 1035 1160 1088 tenetur
1173 1033 1344 1103 consecutive,

776 1120 833 1160 non
859 1102 1020 1171 causaliter,
1045 1102 1111 1175 quia
1136 1103 1343 1176 prophetianon

776 1179 820 1232 est
840 1191 927 1232 rausa
951 1178 1070 1231 eventus
1091 1173 1145 1242 rei,
1166 1176 1217 1232 sed
1243 1180 1343 1234 eventus

776 1262 862 1304 causa
894 1244 1068 1319 impletionis
1104 1245 1272 1317 prophetia.
1300 1248 1342 1305 Na·

776 1334 884 1375 zaraeus
910 1323 1005 1374 autem
1028 1316 1157 1375 Christus
1182 1322 1226 1374 est
1252 1332 1343 1376 nuncn-

775 1395 869 1462 patus,
884 1394 942 1446 tam
965 1405 998 1445 ex
1021 1387 1075 1444 loci
1094 1388 1294 1460 appellatione,
1306 1387 1342 1448 ul

776 1466 929 1533 conceptus
951 1465 995 1517 est
1022 1464 1051 1516 et
1075 1460 1211 1528 nutritus,
1226 1476 1304 1534 quam
1317 1476 1342 1518 ez

776 1538 955 1589 sacramento
976 1530 1074 1603 Legis,
1097 1532 1254 1589 secundum
1276 1545 1341 1605 quan

776 1606 926 1660 Nazaraeus
951 1604 1069 1661 Sanetus
1095 1601 1342 1675 interpretatur,el

778 1675 1043 1732 Dominum'omnes
1060 1673 1118 1730 Scri
1142 1677 1342 1733 turaeSanatun

776 1746 885 1814 dicunt,
901 1751 930 1802 et
948 1749 1099 1827 testantur.
1122 1689 1200 1803 Eicut
1220 1763 1286 1819 ergo
1301 1744 1341 1806 alr.

776 1818 818 1889 git
840 1818 932 1874 locum
954 1833 985 1872 1n
1005 1832 1061 1888 quo
1088 1823 1263 1887 nasceretur,
1273 1816 1342 1875 sicel

777 1889 930 1957 civitatem,
951 1887 980 1944 in
1002 1903 1059 1959 qua
1084 1888 1284 1946 coadolescens
1303 1902 1341 1946 nu·

777 1959 903 2017 triretur.
929 1960 1016 2042 Cuius
1044 1975 1148 2015 nomen
1175 1966 1217 2017 est
1244 1957 1341 2040 indicio,

777 2031 853 2104 quod
873 2030 1064 2089 essentialiter
1087 2030 1149 2102 ipse
1172 2033 1237 2088 tous
1261 2034 1343 2088 sancit·

778 2101 892 2160 latisin
913 2101 1062 2163 sanctitate
1094 2102 1230 2173 nutritus,
1246 2104 1344 2161 Sanetus

777 2179 951 2243 sanctorum,
962 2173 1044 2246 quasi
1055 2176 1207 2231 Nazaraeus
1219 2176 1344 2232 Naum

777 2261 852 2314 rum,
879 2251 955 2301 recte
985 2243 1098 2301 dicitur.
1122 2246 1262 2303 Nazareth
1285 2243 1345 2302 enim

776 2320 826 2387 stas
838 2319 939 2388 campi,
955 2315 999 2373 vel
1021 2333 1131 2386 gamen
1156 2319 1303 2382 novellam,
1315 2309 1348 2368 rel

777 2391 911 2444 sanctitas
926 2387 1141 2459 interpretatur,
1156 2389 1192 2444 de
1214 2389 1295 2461 cujus
1312 2399 1350 2442 m·

777 2458 839 2516 dice
862 2457 1011 2532 germinis,
1036 2460 1155 2516 Sanctus
1181 2463 1355 2518 sanctorum,

776 2529 806 2587 id
825 2535 869 2586 est
885 2532 1045 2600 Nazaraeos,
1064 2530 1229 2587 ascendisse
1248 2531 1275 2587 le
1296 2529 1359 2587 tur·

778 2601 859 2658 Unde
872 2607 900 2658 et
914 2618 946 2658 ex
962 2602 1014 2658 hoc
1034 2602 1109 2683 quod
1127 2601 1258 2660 Christus
1291 2601 1366 2678 ictus

776 2678 821 2730 est
839 2675 998 2754 Nazaraas,
1018 2672 1147 2744 discipuli
1163 2674 1225 2745 ejus
1239 2678 1270 2730 et
1284 2672 1373 2731 Chrt‘

777 2743 974 2816 stian1,prius
998 2747 1142 2800 communi
1160 2743 1278 2802 nomine
1300 2753 1378 2801 con‘

776 2820 930 2872 sueverunt
953 2815 1077 2872 Nazaraei
1094 2816 1199 2872 vocari.
1215 2816 1273 2873 Sed
1290 2810 1384 2888 posi‘

777 2901 863 2958 quam
891 2888 994 2944 Petrus
1021 2886 1229 2943 Antiochenam
1265 2887 1388 2944 sederss

776 2958 879 3026 tenuit,
895 2957 1039 3014 communi
1061 2959 1179 3015 consilio
1198 2959 1298 3014 Graeco
1313 2970 1390 3015 ω’

778 3028 893 3099 mine,a
904 3029 1025 3097 Christo,
1037 3028 1190 3086 Christiani
1204 3029 1273 3086 dicti
1286 3029 1391 3098 sunt:

777 3102 810 3157 ln
832 3101 972 3157 Nazareth
994 3117 1062 3172 ergo
1086 3100 1196 3171 concipi
1219 3106 1247 3157 et
1261 3101 1391 3158 nutris!

778 3171 908 3228 Christus
927 3171 1025 3240 voluit,
1042 3177 1072 3228 ut
1085 3188 1137 3245 per
1153 3173 1207 3228 hoc
1222 3171 1308 3229 daret
1325 3170 1391 3227 in*

777 3242 877 3314 telligi,
893 3243 968 3314 quod
983 3242 1085 3300 tlorida
1103 3243 1155 3299 tuit
1175 3248 1203 3298 et
1219 3244 1283 3314 ejus
1298 3259 1390 3299 con‘

777 3319 881 3386 ceptro,
897 3313 964 3386 quia
986 3312 1047 3370 sine
1072 3321 1187 3387 peccato
1207 3313 1342 3385 originali
1360 3321 1382 3377 ς

776 3389 806 3441 et
817 3385 880 3442 e'us
890 3384 1078 3451 conversatio,
1093 3385 1161 3457 quia
1175 3385 1236 3441 sine
1246 3383 1379 3442 actuali.

777 3402 857 3513 nocie
881 3454 950 3512 dicit
977 3458 1152 3537 berrardus,
1181 3456 1260 3529 quod
1286 3456 1381 3513 amat

777 3526 940 3599 florigeram
967 3531 1101 3599 patriam,
1126 3529 1179 3584 tlos
1206 3527 1243 3583 de
1266 3527 1374 3584 radice

775 3600 866 3656 Jesse.
883 3599 915 3654 ln
938 3599 992 3655 hoc
1009 3604 1104 3655 autem
1120 3599 1196 3670 quod
1211 3598 1303 3655 dereli
1344 3597 1371 3653 ‘t

776 3670 939 3741 AEgyptum,
955 3675 984 3725 et
1002 3670 1122 3726 venitin
1137 3670 1296 3737 Galilaeam,
1332 3685 1364 3726 a·

776 3739 933 3813 bitavitque
950 3739 981 3797 in
1000 3742 1153 3810 Nazareth,
1175 3742 1262 3798 datur
1280 3741 1366 3798 nobis

776 3812 947 3884 exemplum,
966 3812 1042 3883 quod
1066 3812 1305 3940 ⁸¹³¹UN..⁰¹¹¹gae.
1317 3811 1363 3869 de·

776 3883 877 3940 bemus
888 3882 1032 3953 deserere,
1047 3884 1122 3940 etde
1137 3888 1212 3939 utus
1226 3898 1244 3939 a
1278 3887 1363 3939 virtu

776 3956 819 4010 tes
831 3953 964 4022 transire,
978 3952 1008 4010 in
1027 3953 1300 4026 perseverantiaque
1314 3955 1363 4011 ho·

776 4040 878 4082 norum
897 4040 1015 4096 operum
1030 4028 1144 4093 llorere,
1160 4030 1192 4082 ut
1205 4024 1247 4082 sic
1262 4025 1299 4083 ad
1314 4040 1361 4097 pa·

775 4095 860 4152 triam
879 4096 1023 4153 caelestem
1038 4097 1184 4153 valeamus
1199 4098 1360 4167 pervenire.

811 4191 827 4240 9
840 4170 880 4225 Du
893 4185 1054 4224 sununrrrrs
1067 4170 1164 4231 Numa
1175 4185 1202 4223 m
1213 4169 1319 4225 Fiunt.
1329 4195 1362 4208 -

774 4239 846 4296 Ecce
872 4239 1035 4297 reduximus
1059 4255 1179 4312 puerum
1204 4240 1301 4297 Jesum
1327 4238 1361 4295 de

775 4311 903 4384 AEgypto.
916 4312 955 4367 Eo
965 4325 1091 4382 reverso,
1100 4325 1213 4368 sorores
1223 4308 1360 4376 Domina,
