2790 4912
301 254 303 258 ’
381 250 547 308 steteris
575 249 607 304 l!
631 249 741 304 lom
768 250 1011 307 thil'litbfltl.
1272 260 1322 315 tet

100 357 176 415 omni
189 357 294 417 bomini
317 356 349 414 in
363 356 412 415 tali
429 353 596 436 necessitate
611 355 671 412 exi·
726 372 806 413 mum
833 372 841 411 :
872 359 989 427 nante
1026 362 1153 415 trrtmi‘coe
1184 368 1322 436 eabae,

39 486 42 507 Ι
108 429 196 486 stenti:
212 431 274 486 ideo
305 429 391 486 etiam
421 426 545 495 inimico,
566 426 671 484 nisiex
725 434 825 485 contra
836 430 1011 487 secuudum:
1029 433 1185 489 benedicite
1202 438 1322 495 moledi-

108 498 155 554 lioc
177 502 296 559 deterior
313 501 405 569 tieret,
423 504 453 556 et
465 498 551 556 [idem
577 496 672 569 impu·
724 500 849 556 centibus
862 500 950 569 codis,
964 510 991 559 et
1002 510 1080 559 erute
1091 520 1144 575 pro
1158 522 1323 579 pei-sepecie-

144 574 296 641 aret,debet
312 571 397 629 intali
413 570 578 627 necessitate
590 570 674 627 beno-
725 573 800 626 tibias
822 578 848 627 et
873 574 1109 631 eufemiiinntibus
1121 592 1190 647 cos,
1218 586 1322 639 contra

143 642 188 701 'uin
201 644 335 702 exbiberi.
351 641 494 699 Beneficia
506 657 584 703 iero,
609 658 673 712 quae
725 642 863 699 tertium:
891 647 1047 714 benefacite
1074 649 1119 703 tiis
1135 652 1186 718 qui
1202 651 1321 710 ademit

113 720 164 771 suut
178 716 254 787 signa
274 715 434 772 dilectionis
459 711 598 786 specialis,
615 729 672 769 non
726 732 781 769 ros.
798 715 878 771 Unde
892 716 1007 773 Gtosso:
1024 720 1153 776 «Contra
1165 722 1322 781 Ecclesiam

112 787 200 844 tenetur
212 787 327 844 inimico
341 785 673 854 exhibere,extracasum
728 786 819 842 tribus
836 786 928 843 modis
947 797 1103 861 pugnatur,
1118 792 1197 861 odio,
1212 793 1322 866 verbis,

111 859 278 927 necessitatis;
292 859 342 915 sed
357 859 411 914 lioc
424 863 469 914 est
482 855 672 929 perfectionis.
727 864 757 912 et
771 856 899 914 cruciatu
917 862 1062 932 corporis;
1078 879 1094 919 e
1110 870 1212 921 contra
1226 866 1322 925 liccle·

110 927 204 987 llilectio
220 946 299 1004 ergo,
314 929 371 987 alia
386 928 515 996 interior,
529 927 587 985 alia
599 934 674 984 eito-
727 928 771 984 sia
785 927 889 999 diligit,
904 938 978 999 orat,
993 938 1021 988 et
1037 935 1189 992 benefacit.
1207 937 1236 994 Si
1248 954 1323 1011 ergo

109 1000 160 1059 n'or.
183 1002 338 1059 Dilectione
356 1000 497 1068 interiori,
522 1006 550 1057 et
577 999 673 1071 perfe-
726 999 858 1056 uolumus
870 1016 933 1057 esso
948 1004 1077 1083 perfecti,
1093 1006 1232 1065 debemus
1245 1011 1321 1083 inju-

108 1075 181 1131 ctione
191 1073 380 1141 sufficientiae,
390 1071 507 1145 quilibet
521 1071 607 1128 etiam
617 1072 672 1127 ini·
725 1071 865 1129 riantibus
890 1074 972 1129 nobis
991 1075 1162 1134 beneficium
1176 1080 1247 1138 dare
1261 1097 1322 1139 cor·

107 1148 228 1226 perfectus
256 1152 368 1202 tenetur
394 1143 550 1215 quemlibet
585 1143 672 1199 etiam
725 1143 781 1211 dis,
795 1143 1045 1224 ipsosdiligendo;
1061 1148 1236 1208 beneficium
1250 1152 1321 1224 orie,

105 1215 236 1274 inimicum
256 1217 392 1289 diligere3
407 1215 562 1296 dilectione
576 1221 672 1295 autem
725 1230 776 1296 pro
790 1230 832 1271 eis
841 1216 951 1272 orando
964 1233 972 1284 ;
988 1223 1017 1273 et
1030 1220 1202 1278 beneficium
1212 1223 1320 1296 operis,

101 1288 228 1356 exteriori,
243 1288 272 1344 id
287 1295 331 1344 est
348 1287 480 1344 beneficii
500 1286 672 1343 exhibitione
725 1286 795 1358 ipsis
809 1287 1023 1345 benefaciendo.
1042 1314 1056 1341 i

100 1364 124 1416 et
133 1360 301 1431 perfectione
314 1357 583 1431 supererogationis,
596 1364 674 1414 tene·
765 1380 797 1414 ιο
823 1360 970 1416 Exeuriuii
997 1378 1141 1418 suunsuuir
1181 1382 1199 1419 u
1228 1366 1322 1424 Pam

98 1436 138 1487 tur
149 1437 257 1488 tantum
275 1432 418 1502 perfectus
429 1431 482 1486 hoc
496 1429 599 1485 facere.
616 1431 672 1485 lm·

97 1503 227 1575 perfectus
248 1503 324 1559 enim
343 1506 454 1559 tenetur
471 1500 586 1557 inimico
605 1516 671 1557 ran·

94 1590 180 1632 eurem
195 1573 254 1631 odii
271 1573 422 1639 dimittere,
447 1578 475 1629 et
500 1573 606 1629 bonum
620 1588 670 1643 op·

96 1651 161 1714 tate,
175 1645 234 1702 sive
253 1645 366 1717 petierit
380 1643 504 1713 ueniam,
523 1643 583 1700 sire
599 1660 671 1710 non,

94 1717 154 1775 etsi
172 1719 285 1790 petierit
304 1718 426 1783 veniam,
443 1720 555 1772 tenetur
569 1714 595 1771 ei
614 1714 672 1771 eol·

91 1787 174 1861 loqui,
190 1796 219 1847 et
228 1789 323 1845 dicere
336 1808 345 1843 ε
360 1790 417 1845 Are
431 1805 438 1855 ;
453 1787 504 1843 sed
519 1802 577 1843 non
592 1792 671 1843 tene·

88 1863 132 1917 tur
148 1860 291 1918 beneficia
306 1859 474 1931 temporalia
498 1857 672 1916 ministrare.

90 1932 234 1990 Perfectus
246 1937 340 1988 autcm
355 1938 466 1988 tenetur
477 1929 563 1986 etiam
578 1929 674 2001 prasi-

88 2002 134 2061 dia
151 2003 321 2086 temporalia
339 2004 478 2063 conferre.
497 2008 525 2059 et
544 2017 672 2057 necessa·

87 2074 128 2132 ria
145 2075 321 2142 ministrare,
338 2075 398 2130 sire
426 2073 463 2129 ab
491 2089 526 2129 eo
559 2072 672 2129 reniam

86 2146 211 2220 petierit,
231 2146 290 2204 sire
307 2162 373 2202 non.
390 2144 462 2212 Quia
487 2145 511 2201 si
525 2144 672 2202 inimicum

86 2218 318 2276 acommuuione
336 2222 433 2274 nostra
447 2232 622 2289 separemus,
637 2233 672 2272 eo

85 2288 94 2345 i
126 2290 191 2347 oei
213 2290 415 2358 benefacimus,
438 2289 506 2345 dum
525 2288 595 2345 illud
619 2289 673 2344 hoc

123 2378 140 2419 e
154 2360 303 2427 faciamus
321 2367 350 2417 ut
375 2376 441 2416 euni
457 2362 493 2418 ab
512 2376 610 2417 errore
626 2376 672 2416 re-

86 2448 229 2490 vocemus.
249 2432 328 2490 Unde
343 2433 438 2489 tltossu
452 2452 461 2488 .·
477 2452 492 2485 u
513 2431 672 2489 benefacite

86 2504 271 2561 ministrando
303 2503 398 2561 cibum
422 2504 536 2573 mentis,
563 2503 592 2559 id
618 2510 672 2574 est,

85 2574 299 2634 instructionem
317 2576 360 2631 iel
387 2575 591 2632 correctionem
610 2590 673 2631 cor-

87 2648 180 2721 poris:
194 2648 290 2704 omnia
306 2648 381 2704 enim
395 2650 423 2703 iii
437 2647 570 2715 Ecclesia,
586 2646 673 2702 etiam

87 2719 350 2787 excommunicatio,
366 2735 400 2775 eo
416 2724 558 2790 spectarit,
573 2724 604 2774 ut
619 2719 674 2774 fra·

87 2795 146 2849 tres
169 2795 200 2848 et
227 2791 310 2847 amici
335 2791 416 2847 liant.
432 2814 446 2843 i
476 2793 509 2847 Et
537 2789 604 2861 quia
631 2794 675 2846 est

84 2862 229 2945 quoddam
244 2862 412 2919 beneficium
427 2862 464 2917 ad
479 2862 599 2918 salutem
612 2877 675 2933 per-

84 2938 194 3003 tinens,
221 2935 296 3006 quod
321 2950 339 2991 a
369 2934 497 3006 quolibet
541 2939 674 2989 uantum·

81 3020 206 3090 eumque
222 3021 347 3078 paupere
361 3011 454 3087 potest
468 3004 531 3061 eibi
571 3004 605 3073 ri,
621 3003 675 3060 sci·

725 1446 840 1486 cuirsri
865 1447 986 1487 reccsre
1002 1449 1087 1489 senen
1102 1452 1199 1490 iusros
1220 1454 1253 1492 er
1276 1454 1321 1497 ui·

725 1519 830 1558 irsrus.
857 1534 891 1542 -
918 1506 953 1560 Et
980 1504 1048 1574 quia
1076 1521 1213 1577 magnum
1241 1508 1321 1566 dedit

726 1578 911 1645 praeceptum,
935 1576 1105 1647 praeclarum
1132 1579 1228 1635 subdit
1246 1596 1320 1652 prte-

726 1644 825 1701 mium.
836 1648 889 1713 lta,
902 1644 1006 1728 inquit,
1016 1647 1138 1719 diligite,
1148 1650 1320 1723 benefacite,

726 1722 807 1772 orate
836 1733 888 1788 pio
914 1718 1037 1774 inimicis
1063 1720 1177 1790 restris,
1197 1728 1227 1778 et
1255 1726 1320 1781 rite

725 1789 781 1858 ptri
795 1791 980 1869 Ruti-taceant
990 1789 1134 1860 altissimi,
1148 1796 1321 1865 peritnentiis

725 1865 776 1941 eet.
792 1860 865 1929 Filii,
888 1860 1016 1932 iuquam,
1042 1878 1092 1934 per
1107 1864 1246 1923 bonitatis
1259 1863 1322 1923 imi·

726 1936 874 2001 tationem,
888 1933 1046 2004 pergratiue
1059 1935 1253 2008 adoptionem,
1268 1953 1320 2010 per

726 2003 935 2074 educationem,
948 2022 1000 2077 per
1012 2006 1181 2064 hereditatis
1192 2008 1322 2082 adoptio·

725 2090 807 2143 nem;
824 2081 865 2144 ut,
880 2076 954 2159 sicut
967 2077 1094 2135 estistilii
1110 2080 1158 2136 bei
1173 2097 1226 2162 pcr
1240 2085 1322 2139 natu·

725 2162 787 2228 rain
806 2153 834 2204 et
862 2157 1048 2219 creationem,
1076 2151 1117 2207 sic
1142 2160 1229 2208 etiam
1258 2151 1321 2209 sitis

726 2218 775 2299 filii
791 2220 853 2290 ejus
868 2237 919 2292 per
937 2222 1060 2292 gratiam
1075 2230 1104 2280 et
1118 2221 1319 2293 imitationem,

726 2306 753 2344 in
781 2306 815 2346 eo
845 2292 921 2361 quod
950 2299 993 2348 est
1015 2293 1041 2349 ei
1070 2294 1233 2364 proprium:
1253 2308 1319 2351 nam

726 2360 876 2432 proprium
890 2368 933 2417 est
950 2362 976 2417 ei
993 2364 1132 2430 misereri,
1148 2368 1178 2419 et
1191 2380 1254 2421 csse
1269 2366 1320 2422 be·

728 2432 860 2488 beticum.
882 2433 960 2489 b'nde
978 2434 1052 2489 ltedo
1065 2454 1073 2488 ι
1088 2456 1102 2485 «
1122 2433 1204 2490 Nulla
1228 2436 1320 2507 major

728 2508 823 2583 potest
847 2519 1045 2584 essemerces,
1069 2520 1155 2629 ‹puam
1175 2503 1250 2561 titios
1264 2506 1319 2563 lio-

729 2589 839 2629 niinum
857 2580 1027 2646 terrigenas,
1048 2576 1077 2630 ef
1088 2574 1122 2629 ici
1144 2575 1219 2631 filios
1233 2576 1320 2633 itltis-

726 2644 801 2713 simi,
817 2644 866 2716 qui
891 2644 921 2700 in
934 2645 1014 2701 ecelis
1040 2652 1092 2701 est.
1110 2648 1166 2701 Nos
1180 2646 1257 2703 enim
1272 2662 1321 2719 po·

726 2721 827 2772 testate
846 2722 962 2788 accepta
976 2717 1117 2773 efficimur
1130 2717 1180 2772 tilii
1206 2717 1267 2786 liei,
1288 2717 1319 2775 in

727 2794 865 2859 quantum
877 2804 912 2845 ea
924 2806 987 2861 quae
1003 2790 1039 2845 ab
1054 2805 1088 2845 eo
1104 2788 1319 2861 praecipiuntur,

727 2858 890 2931 implemus.
913 2882 927 2913 t)
961 2863 996 2917 Et
1014 2860 1177 2932 subjungit:
1207 2863 1261 2929 (lui
1273 2876 1321 2917 eo-

728 2934 781 2987 lem
797 2947 877 2988 sirum
902 2935 974 3001 facit
998 2935 1069 2989 oriri
1095 2948 1178 3004 super
1194 2935 1277 2990 bonos
1292 2937 1319 2989 et

728 3006 827 3073 malos,
841 3010 867 3060 et
871 3007 948 3077 pluit
956 3022 1040 3078 super
1045 3005 1137 3073 iustos
1150 3010 1175 3060 et
1188 3005 1318 3075 injustos,

80 3073 151 3135 licet
164 3094 249 3135 orare
258 3093 310 3151 pro
322 3091 482 3134 animarum
494 3077 595 3144 salute,
610 3075 675 3132 ideo

79 3149 252 3221 subiungit:
279 3150 443 3217 benedicite,
470 3148 577 3204 scilicet
599 3148 677 3204 bona

80 3221 187 3295 gratiae
203 3226 231 3278 et
245 3220 343 3292 gloriae
362 3220 544 3292 imprecando
558 3220 676 3275 moledi-

83 3294 210 3351 centibus
229 3294 317 3361 uobis,
331 3298 407 3350 retro
427 3289 676 3372 detrahendo,·vel

84 3361 676 3507 indefectae”ltif‘itftnltft

83 3525 138 3581 pro
148 3509 375 3580 persequentibus
400 3513 426 3565 ct
440 3505 677 3564 calumniantibus

85 3596 145 3648 eoa,
161 3578 264 3636 falsum
279 3580 386 3636 crimen
400 3577 480 3636 vobis
492 3576 675 3649 imponendo.

85 3652 177 3723 liujus
204 3651 362 3722 exemplum
390 3650 469 3707 dedit
488 3648 628 3707 Dominus
645 3646 677 3702 in

88 3738 173 3780 cruce
195 3738 244 3779 sus
265 3738 360 3791 ousiis,
378 3726 407 3777 et
426 3723 586 3805 Stephanus
604 3716 676 3789 lapi·

728 3091 762 3131 ac
776 3081 874 3158 gratos
888 3082 917 3134 et
944 3077 1085 3148 iiigratos;
1102 3082 1131 3132 ot
1150 3094 1208 3133 non
1228 3076 1320 3133 solum

728 3148 839 3217 amieis,
855 3148 1006 3204 sedetiam
1022 3147 1143 3203 inimicis
1167 3145 1318 3203 benefacit.

729 3218 775 3275 Sic
800 3219 877 3275 enim
893 3218 1023 3274 inimicos
1038 3218 1127 3273 nutrit
1147 3222 1178 3272 nt
1201 3217 1320 3285 amicos,

729 3305 762 3346 ac
777 3291 830 3344 lios
845 3296 873 3345 et
888 3289 953 3343 illos
968 3288 1011 3343 sui
1028 3288 1096 3343 solis
1118 3287 1270 3355 splendore
1284 3285 1321 3341 il·

729 3359 861 3427 luminat,
878 3364 906 3414 et
923 3373 1039 3414 suarum
1059 3356 1218 3428 pluviarum
1233 3355 1319 3410 inuu-

729 3431 846 3487 datione
864 3429 1018 3496 foecundat,
1033 3432 1061 3483 et
1075 3425 1217 3483 beneficia
1241 3440 1320 3482 com·

731 3500 829 3557 munia
844 3515 902 3556 non
916 3498 1068 3568 subtrabit,
1079 3497 1165 3554 etiam
1177 3495 1260 3554 malis
1271 3500 1321 3553 tio

731 3571 870 3640 minibus,
890 3571 938 3653 qui
954 3577 1050 3627 tamen
1073 3568 1099 3625 oi
1126 3569 1156 3625 in
1185 3574 1322 3640 quantum

731 3644 763 3700 in
780 3645 821 3701 eis
835 3647 879 3700 est
894 3643 1097 3709 inimicantur,
1114 3640 1166 3698 sed
1190 3657 1245 3770 Ero
1272 3656 1323 3698 sua

733 3714 931 3773 misericordia
944 3713 1099 3770 indiscrete
1112 3712 1188 3769 ouini
1211 3730 1243 3771 us
1257 3712 1323 3769 uitta

87 3793 180 3865 datus,
200 3799 229 3851 et
242 3739 362 3851 flantia
385 3794 479 3851 Semei
496 3790 675 3850 maledictus.
731 3787 881 3861 praesentis
895 3785 1036 3844 beneficia
1050 3785 1179 3867 largitur.
1210 3784 1262 3843 Ubi
1281 3782 1323 3842 ait

86 3864 138 3922 Ubi
154 3869 222 3922 nota
235 3866 311 3937 quod
324 3864 477 3936 tripleiest
491 3863 607 3937 injuria,
622 3860 676 3917 sci·
732 3863 941 3939 flieronpmae:
972 3878 987 3909 ι(
1015 3857 1075 3915 Noli
1109 3872 1214 3938 negare
1285 3855 1322 3912 od

88 3935 175 3993 licet:
192 3938 297 4007 cordis,
317 3951 381 4008 quae
395 3952 497 3993 rancor
521 3934 564 3992 iel
580 3932 677 3990 odium
731 3934 806 3987 Deus
829 3930 899 3986 nulli
922 3932 1018 4001 negat,
1049 3945 1178 4057 (Quamuis
1199 3927 1235 3985 sit
1279 3926 1323 3983 le·

89 4007 212 4080 dicitur;
225 4009 295 4077 oris,
306 4023 370 4080 quai
382 4007 520 4064 detractio
533 4005 576 4062 iel
591 4003 678 4060 male·
732 4004 867 4074 spbemus
883 4005 912 4057 et
926 3999 1040 4072 impius.
1077 4000 1123 4057 ine
1141 3997 1324 4057 distinctione

89 4079 307 4163 debopoperis,
320 4079 426 4137 scilicet
437 4078 515 4161 laesio
525 4073 675 4159 manualis.
731 4073 864 4156 omnibus
891 4071 1049 4128 tribuamus
1075 4088 1133 4128 nou
1165 4073 1325 4198 pjuaerentes

90 4153 139 4209 liis
155 4157 244 4224 igitur
263 4152 357 4209 tribus
372 4151 525 4223 generibus
549 4154 605 4205 trra
625 4148 679 4203 Do-
732 4161 787 4214 cui,
808 4143 859 4201 sed
888 4159 977 4215 quare
1004 4145 1144 4201 demus.»
1193 4147 1205 4196 t
1227 4142 1323 4196 autem

87 4222 183 4282 minue
197 4223 316 4297 apponit
327 4222 477 4291 remedie;
495 4224 593 4278 eontra
612 4216 677 4292 pri·
733 4215 845 4275 dictum
862 4220 906 4274 est
921 4230 1019 4289 supra,
1043 4230 1127 4272 orare
1148 4208 1323 4284 generaliter
