2790 4912
106 335 139 389 'la
502 329 614 383 Phthla
641 328 761 383 Pluris
788 325 890 380 attur
919 323 956 376 lx

109 437 185 495 libus
204 434 374 492 eleuterius
398 449 518 506 puerum
542 434 700 492 secundum

110 523 238 576 carnem,
257 511 442 579 cognorerunt
465 505 636 578 cogitatione
654 505 700 560 in·

110 577 276 646 tellectuali,
297 585 325 633 et
345 593 396 648 par
418 577 505 632 tidem
524 575 648 632 interius
667 577 702 631 de

113 651 212 713 Verbo,
233 649 330 715 idest,
350 647 420 703 Filio
437 647 486 703 Bei
503 648 610 704 dictum
626 663 700 717 esse,

112 722 187 792 quod
203 721 307 775 dictura
330 724 389 773 erat
405 720 463 774 illis
487 720 521 774 de
541 734 625 790 puero
641 721 700 783 hoe,

112 791 194 848 etsie
212 806 264 862 per
286 789 479 860 cognitionem
499 789 701 857 humanitatis,

113 867 254 918 venerunt
282 860 317 916 ad
346 860 537 931 cognitionem
565 860 700 928 deitatis;

112 931 190 1004 quia,
207 938 237 989 ut
255 931 422 1003 praedictum
447 936 500 999 est,
526 948 583 987 nen
609 931 701 987 solum

112 1004 247 1068 exterius,
262 1003 313 1059 sed
337 1002 424 1059 etiam
448 1002 569 1058 interius
586 1004 701 1059 luerunt

113 1073 264 1131 illuminati
281 1074 316 1129 de
330 1072 492 1143 cognitione
508 1073 593 1130 Verbi
609 1073 702 1129 iucar-

113 1146 182 1202 nati.
202 1147 235 1201 Et
258 1145 413 1201 adorantes
440 1146 575 1212 Puerum,
596 1145 702 1201 relere-

114 1218 183 1274 baut
200 1232 262 1288 quae
291 1216 328 1272 ab
355 1216 471 1286 Angelis
493 1215 653 1271 audierant.
667 1219 703 1270 Bt

111 1303 205 1343 omnes
225 1290 275 1357 qui
293 1287 444 1343 audierunt
462 1290 561 1342 mirati
579 1291 654 1350 aunt,
675 1291 703 1342 et

113 1358 149 1414 de
175 1356 380 1414 incarnationis
403 1358 547 1429 mysterio,
566 1363 592 1413 ct
611 1358 645 1412 da
661 1359 705 1412 his

114 1445 175 1511 quae
189 1429 266 1485 dieta
276 1435 354 1485 eram
365 1447 382 1484 a
393 1431 552 1500 pastoribus
567 1429 605 1484 ad
617 1433 704 1500 ipsas,

115 1501 144 1556 td
158 1504 201 1557 est
212 1500 247 1556 de
262 1507 406 1572 pastorum
422 1500 614 1557 attestatione.

153 1593 183 1644 17
199 1574 358 1628 Monaucnn
384 1590 416 1627 ar
442 1589 594 1627 sandaraca
623 1572 704 1627 Cunt-

116 1659 184 1698 sruu
211 1661 239 1698 is
267 1661 361 1698 aarum
392 1661 518 1698 iuramus
540 1660 705 1698 ronsnrinus

117 1730 289 1771 necessarus.
307 1745 341 1753 -
361 1713 507 1768 llloraliter
526 1730 559 1769 ax
576 1713 706 1784 praemis·

117 1783 157 1840 sis
167 1788 246 1851 nom,
259 1783 332 1854 quod
346 1785 506 1839 volentihus
520 1784 706 1855 spiritualiter

117 1853 245 1910 invenire
267 1853 419 1921 Christum,
438 1854 493 1910 tria
513 1861 580 1911 sunt
603 1871 703 1911 neces·

117 1924 208 1992 saria,
226 1924 334 1980 scilicet
353 1942 360 1979 :
378 1925 501 1996 colloqui
519 1942 570 1997 per
584 1925 704 1982 medita-

116 1995 223 2051 tionem
250 1995 478 2067 Scripturarum,
503 1996 624 2053 transire
653 2013 706 2068 per

116 2066 386 2137 contemplationem
401 2074 605 2135 creaturarum,
620 2073 648 2124 et
664 2069 704 2124 le·

117 2136 223 2192 stinare
239 2152 289 2206 per
300 2136 526 2218 degustationem
537 2138 703 2209 gratiarum.

118 2206 167 2262 Vel
188 2207 317 2263 volentes
340 2208 467 2264 invenire
490 2210 705 2277 Christum,de-

117 2278 217 2335 bemus
237 2278 359 2350 colloqui
375 2295 425 2360 per
441 2287 621 2351 peccatorum
636 2296 704 2337 con-

117 2348 282 2417 tessionem,
299 2356 420 2406 transire
436 2367 487 2432 per
502 2352 656 2408 carnalium
676 2357 704 2408 et

117 2420 316 2491 temporalium
345 2423 545 2493 abjectionem,
570 2423 704 2479 festinare

117 2506 169 2563 par
197 2491 332 2548 ferventis
360 2493 493 2550 desiderii
520 2494 701 2551 acceleratio·

116 2578 197 2630 nem;
212 2569 241 2619 et
257 2564 310 2621 hoc
326 2580 414 2635 usquc
434 2565 463 2621 in
479 2566 655 2632 Bethlehem,
676 2564 704 2620 id

116 2639 159 2690 est
191 2636 300 2691 domum
330 2640 431 2706 panis,
462 2653 514 2708 per
545 2636 704 2693 divinorum

116 2704 354 2775 degustationem.
379 2710 411 2762 Bt
438 2713 504 2764 tunc
529 2707 706 2763 inveniemus

116 2776 259 2832 Christum
282 2777 311 2831 in
337 2778 476 2849 praesepio
499 2778 591 2834 cordis
615 2777 704 2834 nostri

154 2862 168 2901 r
187 2846 350 2902 deliciosam
374 2865 432 2904 succ
451 2851 612 2919 prasentia
631 2849 706 2904 exhi·

138 2917 268 2983 itionem,
299 2919 379 2988 cujus
409 2918 518 2975 deliciae
551 2925 617 2975 sunt
643 2934 705 2975 esse

117 3001 182 3042 cum
192 2987 258 3042 filiis
267 2987 425 3044 hominum.
439 3021 472 3031 -
484 2991 644 3061 anagogice
654 3006 704 3046 au-

117 3060 175 3112 tem
200 3072 251 3128 per
282 3059 457 3128 Bethlehem,
477 3077 540 3131 quae
566 3063 704 3132 iuterpre-

117 3130 194 3182 tatur
218 3129 314 3183 domus
342 3134 435 3200 panis.
464 3133 555 3201 patria
583 3131 705 3187 coelestis

118 3197 306 3269 designatur;
328 3202 395 3272 quia
417 3202 456 3257 ihi
476 3207 518 3257 cst
538 3203 584 3258 ille
606 3204 705 3259 beatus

118 3272 211 3340 panis,
231 3270 266 3327 de
286 3286 341 3343 quo
361 3271 435 3328 inira
454 3273 558 3329 dicitur
577 3290 583 3328 :
604 3276 705 3330 Beatus

116 3343 169 3467 Καὶ
187 3343 367 3399 manducabit
381 3361 480 3414 panem
503 3347 533 3400 in
547 3361 630 3414 repno
643 3347 703 3401 Bet.

141 3410 159 3467 d
181 3412 253 3470 hanc
270 3415 445 3484 Bethlehem,
459 3415 564 3488 triplici
585 3417 704 3472 transitu

116 3486 282 3564 pervenitur
297 3502 303 3539 :
321 3487 432 3556 primus
447 3492 500 3555 est,
520 3486 555 3543 da
576 3487 649 3544 vitiis
668 3487 705 3543 ad

116 3559 250 3622 virtutes3
267 3556 417 3626 secundus,
432 3557 467 3614 de
487 3557 590 3615 virtute
605 3560 634 3613 in
646 3557 705 3614 vir-

116 3625 225 3691 tutem3
241 3628 342 3704 tertius
357 3633 410 3697 est,
427 3645 460 3684 ex
477 3630 531 3685 hoc
547 3630 653 3686 mundo
668 3630 705 3686 ad

117 3693 244 3775 Patrem,
271 3711 331 3752 sive
358 3698 393 3754 de
423 3705 514 3755 morta
542 3700 579 3756 ad
606 3701 702 3756 vitam.

116 3763 218 3834 lgitur,
246 3767 402 3824 secundum
434 3770 583 3826 consilium
614 3772 704 3835 Beda,

115 3838 298 3891 transeamus
316 3841 402 3895 etiam
427 3856 479 3897 nes
501 3841 630 3912 exemplo
652 3843 704 3899 ho-

116 3921 180 3986 rum
200 3911 346 3977 pastorum
370 3911 517 3981 usquein
539 3912 704 3969 Bethlehem

115 3980 259 4032 civitatem
276 3979 365 4035 David
384 3983 546 4052 cogitando,
572 3998 605 4039 ac
626 3999 705 4041 reeo-

116 4045 219 4128 lamus·
239 4049 387 4118 amando,
414 4058 442 4107 et
475 4054 703 4111 incarnationem

115 4117 220 4174 Christi
235 4118 329 4190 dignis
349 4121 505 4181 honeribus
519 4125 701 4182 celebrando.

115 4189 306 4269 Transeamus
330 4194 427 4263 etiam,
451 4196 570 4266 abjectis
601 4213 702 4254 carna-

114 4256 189 4316 libus
209 4261 457 4335 concupiscentiis,
474 4271 532 4322 toto
559 4267 702 4324 desiderio

755 434 861 489 mentis
885 445 975 501 usque
1004 429 1032 484 in
1055 426 1225 483 Bethlehem
1255 439 1356 496 super·

755 520 834 572 uam,
851 501 880 558 id
895 508 949 569 est,
964 500 1082 556 domum
1102 498 1185 567 panis
1204 496 1275 564 vici,
1295 511 1353 551 non

758 591 845 631 manu
866 574 980 639 iactam,
998 570 1047 626 sed
1062 573 1200 625 aeternam
1220 567 1352 634 incoatis,

757 652 785 703 et
805 645 967 702 recolamus
985 641 1124 706 amando;
1140 640 1208 709 quia
1224 639 1351 695 Verbum

758 733 824 774 caro
852 717 978 782 lactum,
1003 712 1070 768 illuc
1097 725 1182 765 carne
1208 708 1351 776 ascendit,

758 789 853 859 ibique
869 786 959 853 sedet,
979 788 1007 840 in
1022 783 1138 838 dextera
1153 781 1266 847 Patris,
1284 779 1351 836 illuc

758 875 823 916 eum
847 863 906 914 tota
928 857 1064 911 virtulum
1094 853 1230 908 instantia
1248 864 1350 931 sequa·

758 946 834 998 mur,
846 935 874 985 et
881 926 1004 985 sollicita
1013 925 1108 982 cerdis
1118 938 1150 979 ac
1162 937 1293 993 corporis
1306 936 1350 977 aa·

757 999 909 1073 stigatione
924 1011 1120 1071 procuremus,
1128 999 1160 1075 ut
1169 1008 1258 1064 quem
1270 992 1311 1074 illi
1321 993 1351 1049 in

758 1072 1079 1144 praesepiameruerunt
1108 1064 1204 1120 ridere
1231 1079 1351 1144 ragien-

759 1149 827 1212 tem,
839 1158 892 1198 nos
903 1143 931 1197 in
946 1141 1039 1196 Patris
1052 1137 1123 1194 solio
1134 1150 1300 1192 mereamur
1308 1150 1351 1190 u·

759 1214 827 1271 dere
840 1217 1017 1285 regnantem.
1029 1212 1090 1266 h'on
1102 1213 1145 1263 est
1158 1211 1241 1262 tanta
1259 1205 1350 1263 heati-

759 1276 1353 1359 tudocumdesidiaactorporequaecenda,

760 1357 809 1412 sed
831 1356 964 1411 alacriter
984 1357 1050 1410 sunt
1078 1349 1180 1407 Christi
1202 1347 1353 1420 sequenda

759 1428 890 1499 vestigia.
908 1428 942 1482 Et
956 1426 1029 1481 sicut
1042 1422 1083 1478 illi
1099 1421 1227 1476 videntes
1242 1434 1353 1491 cogno·

761 1503 873 1566 verunt,
887 1499 927 1553 sic
941 1503 970 1553 et
988 1511 1041 1552 nos
1059 1508 1122 1565 quae
1141 1492 1217 1547 dicta
1234 1495 1303 1546 sunt
1314 1489 1353 1545 de

761 1570 906 1627 Salvatore
923 1574 1022 1624 nostro
1036 1565 1120 1637 plena
1138 1562 1294 1642 dilectione
1311 1560 1353 1616 le-

760 1643 900 1696 stinemus
917 1638 1061 1710 amplecti,
1080 1640 1110 1691 ut
1129 1635 1190 1715 haee
1205 1649 1234 1688 tn
1252 1632 1352 1689 sutura

761 1713 891 1782 perteue
923 1707 1093 1780 cognitionis
1121 1721 1183 1761 risu
1214 1717 1352 1774 compre·

759 1783 886 1839 bendere
900 1781 1054 1837 valeamus

798 1858 829 1910 18
860 1856 950 1908 blanca
982 1869 1050 1908 recca
1083 1865 1180 1904 errius
1207 1862 1352 1903 ntsmrcus

759 1943 830 1994 rctr,
857 1941 891 1981 ur
914 1940 1014 1980 restas
1037 1924 1282 1977 Evasasusranmt
1301 1935 1353 1973 n-

760 2014 854 2052 orsam
879 2012 1033 2051 stanam-
1051 1995 1144 2048 uaria
1167 1995 1262 2072 autem
1284 2004 1353 2071 prta·

759 2067 930 2124 dentissima
965 2063 1146 2121 commeabat
1178 2076 1207 2116 tn
1241 2075 1352 2116 scrinio

779 2139 882 2194 actoris
902 2137 957 2205 sui,
981 2138 1073 2192 emnia
1095 2133 1177 2188 umba
1202 2133 1270 2198 hacc,
1291 2132 1350 2187 sei-

759 2154 825 2265 iicet
843 2209 879 2265 de
907 2207 1125 2264 annuntiatione
1147 2202 1297 2274 angelica,
1311 2202 1351 2259 da

759 2279 945 2336 exsultatione
959 2278 1078 2335 loannis
1089 2278 1116 2332 in
1127 2280 1217 2342 utero,
1230 2275 1269 2329 de
1282 2278 1351 2330 ortu

759 2350 924 2418 Salvatoris,
956 2350 991 2406 de
1020 2349 1130 2404 cantico
1158 2345 1348 2415 Angelorum,

759 2439 792 2479 ac
806 2423 841 2479 de
860 2422 1040 2494 apparitione
1064 2424 1093 2476 et
1110 2417 1166 2474 lide
1185 2421 1349 2497 pastorum,

759 2497 900 2561 contuens
916 2509 950 2549 ea
969 2496 999 2548 in
1019 2491 1098 2548 corde
1116 2505 1174 2553 suo,
1194 2503 1260 2544 cum
1280 2503 1352 2568 scri-

760 2568 816 2636 ptis
832 2565 1049 2636 Prophetarum.
1070 2564 1138 2617 Ecce
1154 2575 1221 2630 ergo
1236 2565 1351 2630 optima

760 2635 908 2706 discipula,
938 2651 1002 2705 qum
1029 2633 1127 2689 audita
1159 2630 1349 2711 conservabat

761 2706 904 2762 momoriae
920 2703 1144 2761 commendando
1156 2716 1263 2770 omnia,
1275 2700 1348 2756 uthil

760 2776 896 2833 oblivioni
913 2777 1018 2844 dando,
1035 2780 1064 2831 et
1080 2774 1229 2830 conterens
1245 2773 1348 2829 obser-

759 2853 825 2905 vata
838 2848 1003 2919 frequenter
1016 2845 1188 2928 repetendo,
1202 2842 1281 2899 unde
1295 2843 1350 2925 luit

760 2935 827 2975 arca
854 2919 1003 2975 continens
1031 2917 1191 2974 duinerum
1221 2914 1350 2986 eloquio-

759 3007 823 3047 rum
845 3006 960 3047 arcana.
981 2989 1171 3048 conservabat
1194 3001 1263 3056 ergo
1285 3000 1349 3041 om·

760 3063 808 3117 nia
837 3067 865 3117 et
895 3063 1041 3118 memoriae
1067 3056 1300 3123 commendabat,
1317 3060 1350 3136 ut

759 3138 868 3260 antea,
880 3131 942 3204 ipsa
951 3132 1070 3189 docente
1081 3136 1108 3186 et
1120 3133 1268 3195 narrante,
1281 3142 1351 3183 scri-

779 3210 907 3271 erentur,
924 3208 953 3259 et
968 3204 996 3259 in
1013 3204 1145 3259 universo
1160 3198 1266 3255 mundo
1277 3213 1351 3278 praej

759 3274 932 3330 dicarentur.
964 3275 1005 3331 hb
1028 3276 1091 3345 ipsa
1116 3273 1191 3328 enim
1217 3268 1350 3341 Apostoli

760 3345 882 3417 plurima
897 3345 932 3401 de
947 3346 1035 3417 gestis
1049 3345 1160 3400 Bumini
1176 3339 1350 3408 didicerunt,

760 3417 881 3473 maxime
896 3432 929 3473 ea
944 3433 1007 3488 qum
1024 3415 1111 3486 gessit
1125 3417 1280 3485 antequam
1297 3425 1350 3467 ena

758 3494 889 3555 vocaret;
905 3493 933 3544 et
948 3487 984 3544 ad
999 3487 1089 3559 ipsam
1103 3499 1202 3541 omnes
1213 3483 1297 3564 quasi
1311 3481 1350 3539 ad

761 3561 928 3631 magistram
943 3559 1136 3616 recurrebant.
1156 3557 1189 3610 Et
1205 3568 1274 3625 quia
1286 3568 1353 3610 san·

760 3634 821 3686 ctas
837 3629 997 3702 Scripturas
1011 3630 1130 3699 legerat,
1147 3631 1176 3682 et
1190 3624 1352 3696 Prophetas

762 3702 881 3768 sciehat,
899 3702 1065 3757 conterebat
1084 3715 1147 3770 quae
1166 3711 1261 3753 secum
1281 3699 1351 3752 suut

760 3776 825 3828 acta
839 3772 876 3828 de
890 3773 1022 3841 Domino,
1037 3787 1101 3828 cum
1116 3771 1161 3825 his
1180 3783 1244 3839 quae
1263 3781 1353 3823 nove·

761 3847 807 3899 rat
823 3858 841 3899 a
856 3846 910 3899 Pro
932 3844 1006 3900 betis
1020 3843 1127 3913 scripta
1141 3840 1177 3896 de
1193 3855 1240 3907 ao,
1255 3842 1351 3894 atten-

761 3914 833 3970 dens
867 3859 1002 3970 rudenter
1020 3912 1163 3984 quomodo
1188 3909 1352 3981 prophetia

761 3929 955 4056 implebantur
981 3987 1011 4042 in
1036 4000 1126 4056 puero
1150 3987 1229 4038 nato.
1246 3980 1353 4062 Boule-

762 4071 828 4114 reus
842 4072 911 4127 erga
927 4072 961 4113 aa
976 4071 1039 4127 quae
1054 4057 1083 4111 in
1095 4069 1183 4126 puero
1198 4051 1262 4108 tien
1274 4050 1355 4133 ride-

762 4128 822 4196 hat,
837 4143 902 4184 cum
922 4127 978 4184 illis
1012 4143 1056 4184 uae
1070 4127 1106 4182 de
1125 4140 1159 4182 eo
1178 4125 1207 4180 in
1225 4121 1357 4182 oraculis

764 4199 970 4271 Prophetarum
992 4143 1121 4271 (legerat,
1148 4200 1228 4253 tanto
1255 4194 1355 4252 verius

764 4284 830 4326 eum
845 4270 936 4328 Beum
949 4284 1014 4328 esse
1029 4269 1175 4337 credebat,
1189 4271 1296 4339 quanto
1317 4278 1358 4322 ea
