2790 4912
387 111 554 166 subiturus
581 114 614 167 ll
641 115 752 168 tiburs
781 113 1017 167 uutrtuutmu.
1273 115 1319 170 31³

99 215 161 286 agit,
176 219 232 275 hoe
240 222 369 274 removet
396 217 536 275 Dominus
552 220 681 292 exemplo

105 281 214 371 duorum
242 289 452 345 contrariorum
481 290 680 362 dominorum,

110 364 262 429 mantano
269 365 359 431 potest
370 364 473 416 servire
481 362 587 417 duobus
597 363 682 418 dorni-

114 431 155 495 κὴ,
165 431 267 489 scilicet
279 431 432 488 contrariis
443 438 472 488 et
484 432 646 504 disparatis,
654 441 683 491 et

117 514 159 559 uon
183 504 431 576 superalternatim
462 504 571 576 positis.
600 507 681 575 Nam,

120 573 180 630 utait
190 576 263 631 bodo
279 595 287 630 :
302 597 313 624 ι
327 577 389 631 Non
402 575 479 631 ualet
493 575 576 631 simul
593 581 683 633 trans-

122 643 183 701 ituria
192 652 219 702 et
238 651 347 702 aterna
361 646 488 719 diligere.
506 670 518 695 n
535 648 613 704 Unde
640 654 682 704 et-

124 717 286 796 dupustinus:
299 740 309 767 r
322 719 402 774 Unus
416 718 513 774 oculus
524 735 580 774 non
591 724 683 791 potest

125 787 195 866 plere
206 787 235 845 in
251 789 324 845 conto
339 794 368 845 et
382 789 411 845 iu
427 794 513 846 terra.
530 811 544 842 n
561 792 641 847 Unde
656 797 684 846 et

125 871 164 915 ran
178 861 345 932 dpprianus:
357 884 370 911 a
386 861 481 916 Mundi
494 877 576 917 amor
590 868 617 918 et
633 862 683 918 Dei

124 929 205 998 pariter
224 932 251 987 in
272 948 329 988 uuo
341 931 470 988 babitare
483 949 540 988 uon
554 938 683 1005 possunt,

74 1028 78 1035 ·
123 1003 340 1069 quemadmodum
357 1004 430 1059 oculi
456 1003 560 1060 cmlum
582 1010 610 1061 et
626 1009 683 1061 ter-

70 1136 73 1141 ,
123 1084 168 1129 um
187 1090 367 1156 nequaquam
394 1075 615 1146 conspiciunt.»
639 1076 684 1133 Sic

119 1149 195 1202 tutem
212 1145 281 1202 droit
305 1148 488 1217 Philosophus
507 1146 536 1202 in
558 1146 632 1204 libro
649 1148 684 1203 de

116 1214 289 1274 animalibus:
312 1219 413 1273 «lives
433 1217 568 1275 claudunt
588 1219 685 1275 oculos

112 1293 167 1343 tutu
178 1287 313 1360 palpebra
322 1287 461 1357 interiori,
473 1289 683 1346 animaliavero

106 1363 198 1419 grossa
210 1376 274 1415 cum
288 1359 424 1431 palpebra
438 1360 613 1433 superiori.»
630 1364 684 1417 Per

105 1434 167 1485 v'tves
191 1430 389 1502 intelliguntur
415 1430 467 1487 riri
497 1432 683 1504 spirituales,

96 1499 150 1563 ‘lui
170 1502 204 1558 ad
230 1502 367 1558 inferiora
394 1508 421 1558 et
447 1508 563 1560 terrena
588 1504 684 1560 oculos

92 1565 251 1642 §tlauduut3
272 1589 324 1645 per
343 1573 478 1630 animalia
492 1591 559 1631 uero
586 1592 684 1646 grossa

89 1643 297 1716 ¹nteliiguntur
322 1645 374 1700 viri
401 1645 548 1714 mundani,
570 1646 618 1718 qui
633 1648 684 1702 ha-

81 1698 167 1771 bent
182 1715 282 1773 oculos
309 1715 421 1773 clausos
447 1717 483 1772 ad
501 1717 638 1786 cmlestia,
658 1721 686 1772 et

84 1790 213 1857 apertos
245 1787 282 1843 ad
318 1793 432 1843 terrena
467 1792 495 1843 et
535 1788 684 1844 secularia.

79 1848 257 1916 Secunwm
269 1860 497 1928 Cbrpsostomum,
507 1859 578 1916 duos
594 1859 685 1915 domi·

77 1932 149 1986 ttos
175 1929 243 1985 dicit
269 1931 317 2000 qui
346 1930 490 1986 contraria
517 1929 685 2003 injungunt,

84 2000 195 2072 plures
214 2004 310 2057 autem
331 2000 405 2057 idem
421 2001 612 2072 injungentes
629 2018 685 2057 non

88 2078 164 2128 sunt
177 2071 285 2144 plures,
302 2073 351 2128 sed
366 2088 470 2140 unum;
488 2089 554 2129 nam
568 2089 684 2129 coneor-

91 2143 145 2201 dia
166 2143 273 2200 multos
297 2143 364 2200 lacit
382 2159 481 2200 unum.
508 2144 556 2201 lsti
579 2142 684 2201 domini

98 2214 201 2287 quibus
216 2231 274 2270 non
288 2221 381 2287 potest
396 2215 480 2271 simul
497 2215 608 2284 serviri,
622 2218 687 2271 sunt

96 2286 164 2343 vitia
185 2289 215 2342 et
239 2285 357 2342 uirtutes
374 2327 381 2352 ,
398 2286 525 2343 coelestia
546 2292 575 2343 et
594 2293 684 2343 terre·

99 2356 180 2426 stria;
198 2358 273 2412 Deus
288 2362 314 2413 ot
330 2357 469 2425 diabolus,
484 2374 549 2414 caro
566 2363 594 2414 et
603 2356 687 2430 spiri·

96 2433 162 2485 tus:
186 2443 254 2484 uam
278 2428 313 2484 ad
342 2428 486 2485 contraria
511 2430 628 2486 trahunt
659 2433 687 2484 et

97 2498 242 2556 contraria
270 2498 440 2571 injungunt3
461 2505 490 2556 et
506 2499 570 2556 ideo
586 2515 686 2556 conse-

97 2585 187 2698 qgeens
199 2574 244 2626 est
264 2577 300 2696 tut
314 2586 402 2697 ιὲιιιᾶιῃ
419 2571 543 2698 ἀθεεςαὲ,
559 2576 586 2697 el
605 2569 687 2697 attelri

97 2656 113 2696 o
162 2655 284 2713 mpere.
340 2658 494 2713 aequasi
535 2657 687 2698 ecarano

97 2711 244 2784 subjungit
260 2729 267 2767 :
281 2715 340 2770 Non
348 2717 463 2784 potestis
473 2717 526 2769 lire
534 2716 645 2775 seruire,
663 2717 689 2768 et

98 2784 689 2856 mummonaedtammouaauteminlingua

99 2854 117 2910 S
152 2852 226 2922 'aca,
242 2853 346 2911 dicitur
360 2854 466 2911 diviuae
481 2856 511 2911 in
527 2854 644 2924 Latina,
661 2859 689 2910 et

126 2939 245 2981 ammon
259 2925 427 2982 blammonis
449 2941 554 2983 nomeu
574 2930 618 2983 est
631 2927 688 2982 dre·

100 2995 205 3064 monis,
222 2995 268 3068 qui
290 3000 394 3068 praest
419 2996 536 3066 divitiis,
553 3002 582 3054 et
599 3002 691 3054 tentat

99 3066 133 3124 de
147 3064 219 3123 uitio
231 3066 403 3139 cupiditatis,
421 3084 480 3125 non
494 3068 571 3139 quod
585 3067 614 3125 in
628 3071 690 3141 ejus

100 3137 208 3194 ditione
228 3138 286 3195 siut
298 3138 415 3206 divitiae,
431 3143 463 3195 ut
476 3140 544 3196 dare
560 3156 608 3196 eas
625 3156 689 3213 pos-

100 3208 147 3277 sit,
168 3209 212 3265 vet
240 3210 364 3280 auferre,
392 3210 448 3266 nisi
478 3213 591 3293 quando
615 3214 690 3268 Deus

100 3279 261 3361 permittit3
290 3282 341 3337 sed
368 3282 443 3353 quod
468 3283 514 3338 brs
535 3287 631 3339 utatur
653 3281 690 3338 ad

100 3351 301 3422 decipiendum
316 3357 345 3408 et
357 3351 542 3409 irretiendum
559 3353 691 3409 homines

96 3421 218 3493 laqueis,
235 3438 307 3493 quos
321 3423 350 3479 iu
359 3423 465 3479 diuitiis
478 3424 644 3495 praetendit.
656 3426 690 3480 Et

98 3492 266 3574 ¹599¹J¹⁰m⁰
283 3510 342 3550 non
359 3494 449 3567 possit
464 3495 571 3552 servire
587 3497 645 3551 Deo
662 3501 691 3551 et

96 3564 213 3633 drutus,
262 3569 335 3622 otest
365 3572 461 3621 tamen
493 3565 600 3622 servire
625 3582 690 3622 cum

98 3633 216 3691 divitiis.
237 3580 348 3692 Bivitiis
366 3637 443 3693 enim
466 3639 512 3707 qui
535 3637 632 3705 servit,
648 3637 688 3693 illi

95 3705 196 3784 utique
212 3706 300 3762 servit
315 3708 362 3779 qui
385 3708 422 3764 de
444 3707 598 3789 cupiditate
618 3707 690 3764 diri·

97 3782 204 3834 trarum
228 3782 319 3834 tentat
342 3783 370 3834 et
393 3777 508 3850 deripit.
528 3779 578 3835 llte
594 3784 689 3836 autem

101 3847 207 3904 divitiis
222 3849 310 3906 seruit
325 3849 372 3921 qui
396 3866 446 3906 eas
468 3854 587 3932 propter
601 3867 643 3920 se,
663 3857 691 3907 et

102 3923 133 3974 ut
145 3919 233 3976 finem
248 3920 381 3977 ultimum
395 3920 498 3992 diligit,
516 3926 565 3977 aut
580 3921 626 4003 qui
643 3938 691 3978 eas

102 3989 205 4062 cupide
224 3992 355 4064 acquirit,
373 3992 417 4049 vel
442 4008 527 4049 avare
544 3996 648 4049 retinet
664 3999 692 4050 et

100 4064 132 4116 ut
147 4076 248 4119 servus
263 4063 406 4132 eustodit3
426 4062 474 4120 ille
489 4070 584 4121 autem
598 4063 691 4136 quiin

737 221 872 294 operibus
889 219 944 292 piis
964 217 1076 276 divitias
1100 219 1243 292 expendit,
1263 238 1321 278 non

737 293 823 349 servit
837 291 951 360 divitiis,
967 290 1017 347 sed
1036 291 1127 362 magis
1142 291 1246 348 divitia
1267 308 1325 349 see

737 364 818 421 viuut
831 363 868 433 ei,
884 362 952 436 quia
967 378 1015 418 cas
1031 361 1173 418 distribuit
1186 368 1217 419 ut
1235 363 1325 420 domi·

737 453 800 502 nus,
817 442 846 492 et
865 434 906 492 eis
922 434 1009 490 utitur
1031 434 1067 489 ad
1083 450 1170 505 opera
1187 436 1324 491 virtutum

738 507 810 563 sicut
831 505 1038 562 instrumentis
1067 507 1148 575 Nam,
1169 506 1324 562 secundum

737 579 923 640 ztmbrosium,
945 577 1016 633 sicut
1030 575 1135 632 divitiae
1151 580 1216 634 sunt
1233 577 1324 650 impe-

738 650 865 705 dimenta
889 648 1047 719 improbis3
1070 647 1110 704 ita
1129 647 1226 721 probis
1256 652 1323 705 sunt

738 721 902 792 adJnmenta
919 719 1043 774 uirtutis.
1059 720 1138 776 Unde
1163 720 1325 789 dtrmsosro-

738 809 799 847 mers
814 811 822 846 ε
839 811 852 842 «
873 793 933 847 Duo
952 806 1019 861 ergo
1034 797 1100 845 suut
1120 790 1201 847 nobis
1215 789 1325 847 domiui

739 861 888 935 propositi,
904 864 978 917 Deus
1002 867 1030 916 et
1052 864 1223 931 blammona,
1239 863 1268 920 id
1284 866 1327 919 est

739 935 879 1002 diabolus,
903 932 950 1004 qui
967 948 1138 988 mammonae
1158 938 1201 989 est
1215 938 1325 990 auctor.

740 1006 788 1062 lile
805 1022 857 1060 nos
874 1004 910 1059 ad
935 1002 1157 1059 misericordiam
1179 1009 1325 1075 prouocat,

740 1077 787 1132 hie
809 1077 844 1132 ad
863 1074 1028 1142 avaritiam3
1045 1074 1093 1130 ille
1107 1075 1143 1130 ad
1167 1075 1264 1143 vitam,
1280 1074 1327 1131 bie

740 1149 775 1205 ad
791 1154 928 1214 mortem;
957 1145 1004 1201 ille
1020 1146 1056 1201 ad
1076 1147 1207 1217 salutem,
1224 1145 1270 1201 hie
1288 1144 1326 1202 ad

739 1217 939 1292 perditionem.
956 1217 1004 1274 Cui
1028 1218 1062 1273 de
1083 1217 1194 1273 duobus
1216 1217 1325 1273 obtem-

740 1307 840 1363 perare
855 1291 991 1346 debemus
1000 1289 1057 1344 tut
1073 1288 1181 1359 utique,
1210 1287 1258 1360 qui
1273 1303 1326 1344 nos

740 1363 776 1418 ad
791 1362 878 1417 uitam
895 1360 1005 1425 inritat,
1023 1376 1079 1415 uon
1096 1361 1121 1415 ei
1137 1358 1185 1430 qui
1202 1376 1253 1415 nos
1266 1363 1325 1415 tra·

740 1433 781 1489 bit
795 1434 831 1490 ad
848 1436 977 1488 mortem.
994 1431 1066 1498 Quid
1081 1430 1156 1486 euim
1172 1429 1327 1487 terribilius

740 1511 792 1574 est,
810 1503 929 1576 etiamsi
946 1509 1062 1575 propter
1075 1499 1326 1574 pecuniasaClrri·

740 1576 775 1632 sti
791 1576 905 1632 seruitio
914 1573 1042 1631 dicamur
1055 1573 1194 1640 excidere3
1206 1570 1327 1644 velquid

740 1646 969 1714 desiderabilius
985 1662 1070 1717 quam
1086 1644 1110 1700 si
1127 1645 1262 1715 despectu
1276 1657 1326 1714 pe·

741 1719 887 1775 caniacum
914 1722 974 1773 tota
998 1717 1038 1773 illi
1065 1732 1215 1789 possumus
1232 1717 1329 1771 mente

740 1796 768 1846 et
783 1789 932 1846 dilectione
945 1789 1104 1860 conjungi?
1131 1810 1141 1839 ι
1156 1789 1217 1844 haee
1243 1788 1328 1868 Cirp-

740 1866 882 1918 sostornus.
898 1863 931 1917 Et
956 1876 1019 1917 cum
1043 1860 1120 1916 nullo
1139 1859 1224 1915 modo
1238 1860 1328 1931 poss1t

741 1933 806 2004 quis
828 1933 938 1989 duobus
962 1931 1087 1988 dominis
1106 1931 1224 2001 servire,
1245 1927 1326 1987 multi

741 2011 837 2060 tamen
866 2004 934 2060 latui
964 2009 1106 2060 conantur
1128 2006 1229 2058 contra
1255 2001 1329 2058 hane

742 2074 1027 2157 impossibilitatem,
1057 2073 1165 2129 similes
1205 2072 1262 2128 illis
1291 2071 1328 2127 de
1371 2096 1375 2103 ·

741 2147 843 2216 qrubus
858 2145 887 2199 in
907 2145 979 2200 libro
998 2148 1105 2214 Regum
1118 2143 1232 2210 dicitur,
1252 2140 1328 2212 quod

741 2217 855 2271 luoruut
870 2221 970 2285 gentes
982 2217 1070 2270 Deum
1083 2213 1226 2280 timentes,
1241 2217 1268 2267 et
1282 2211 1327 2267 ni·

741 2286 895 2342 bilomiuus
910 2285 993 2340 idolis
1006 2284 1169 2340 servientes.
1186 2285 1221 2338 Et
1235 2280 1326 2339 seien-

740 2358 819 2424 dum,
847 2356 922 2425 qnod
939 2355 1057 2427 diligere
1072 2353 1185 2410 divitias
1212 2355 1330 2425 propter

742 2446 782 2498 se,
799 2435 827 2484 et
844 2430 933 2483 Deum
947 2431 1063 2498 propter
1076 2441 1116 2488 se,
1130 2429 1158 2480 et
1174 2427 1325 2494 utrumque

741 2505 773 2556 ut
792 2499 878 2554 tinem
896 2497 1036 2565 ultimum,
1054 2502 1086 2552 ut
1104 2494 1135 2551 in
1157 2495 1210 2550 hoc
1229 2508 1328 2550 seruus

743 2578 889 2642 utriusque
915 2570 1036 2636 dicatur,
1066 2570 1110 2623 est
1136 2563 1326 2637 impossibile·

742 2642 808 2698 licet
822 2639 910 2714 possit
926 2656 1012 2696 unum
1033 2639 1061 2694 in
1077 2637 1177 2695 ordine
1197 2637 1234 2693 ad
1251 2607 1329 2693 aliud

742 2711 1083 2785 appetere,putadivitias
1097 2714 1214 2782 propter
1228 2710 1328 2790 Deum:

743 2784 823 2841 Actio
848 2800 916 2855 ergo
943 2782 1099 2855 corporalis
1137 2787 1210 2838 otest
1229 2780 1329 2836 relern

744 2857 780 2912 ad
795 2857 880 2912 linem
899 2855 1096 2928 temporalem,
1109 2798 1264 2911 dummodo
1278 2866 1329 2923 po·

744 2932 806 2984 stea
830 2927 902 2983 illud
932 2928 1087 2999 temporale
1123 2926 1262 2982 referatur
1293 2921 1331 3005 ad

744 3001 845 3056 Deum.
863 2998 891 3055 Si
915 3003 1010 3054 autem
1031 2998 1061 3052 in
1083 2995 1243 3052 actionibus
1264 2994 1330 3049 dms

744 3071 889 3142 proximus
910 3075 1036 3140 ponatur
1056 3070 1142 3133 Deus,
1163 3072 1192 3120 et
1208 3063 1275 3119 ssuis
1290 3063 1331 3119 ul·

734 3140 833 3196 timus
846 3138 1014 3210 temporale,
1022 3135 1268 3210 perversissimum
1279 3138 1331 3188 est.

746 3213 935 3280 Quacumque
956 3210 1032 3265 enim
1052 3223 1098 3262 res
1118 3210 1236 3278 propter
1255 3202 1332 3258 aliud

745 3280 851 3352 aliquid
875 3282 1020 3351 quaeritur,
1038 3277 1156 3333 interior
1180 3279 1223 3331 est
1266 3288 1332 3329 uam

745 3353 773 3408 id
789 3357 906 3424 propter
918 3350 993 3433 quod
1006 3348 1153 3421 queritur.
1167 3345 1247 3403 Unde
1260 3414 1266 3427 .
1278 3359 1331 3426 ene

745 3424 810 3480 licet
843 3429 1015 3479 constituero
1038 3421 1109 3477 duos
1127 3421 1210 3486 dues,
1228 3415 1335 3474 scrheet

745 3496 933 3567 temporalem
961 3497 990 3549 et
1015 3496 1165 3560 aeternum,
1189 3493 1217 3546 et
1244 3488 1333 3544 tinem

746 3568 798 3623 sub
826 3566 882 3622 line
928 3580 1025 3632 onere,
1046 3569 1076 3620 ut
1103 3562 1174 3618 illud
1200 3559 1276 3632 quod
1291 3564 1334 3617 est

746 3644 884 3694 aeternum
901 3582 968 3691 duis
985 3634 1101 3691 ultimus
1117 3633 1170 3690 sit:
1193 3630 1261 3704 quia
1275 3646 1336 3714 uua

745 3707 866 3764 intentio
893 3708 997 3762 multos
1010 3712 1089 3763 actus
1115 3705 1270 3771 intormat;
1290 3702 1334 3758 dr·

746 3778 820 3835 versi
837 3795 903 3835 vero
919 3778 1001 3847 flues,
1020 3793 1141 3850 quorum
1156 3791 1232 3833 unus
1245 3773 1282 3857 sit
1297 3773 1334 3856 ad

746 3849 833 3907 atium
855 3849 1034 3920 reterribilis,
1051 3865 1106 3905 non
1121 3853 1186 3905 sunt
1201 3844 1335 3903 lactendi.

783 3923 994 3994 7Soumc1runo
1026 3938 1115 3978 aenuu
1146 3930 1335 3975 rsuronnumu

747 4011 956 4050 mansarum-
984 3993 1052 4050 Post
1079 3993 1133 4048 hoe
1160 3984 1334 4045 concluendo

747 4064 865 4136 inducit,
877 4068 909 4122 ut
933 4064 969 4122 de
983 4063 1059 4120 victu
1085 4067 1114 4119 et
1128 4059 1243 4130 vestitu,
1268 4068 1331 4129 quae
