2790 4912
389 270 430 324 Ιῐ
454 271 679 328 neutrorum
1104 271 1153 331 8

55 375 243 506 ?circumcisio
285 376 419 435 instituta
472 453 507 506 83
577 375 766 489 7Moraliter,
781 376 852 450 quid
865 377 904 434 sit
914 377 1061 438 circumci-

55 520 205 603 arationes
219 525 417 604 propterqnas
578 467 665 579 8⁸31}
679 521 727 604 die
748 522 972 603 octaraflebati
1112 455 1150 582 ii

55 612 80 649 rs
99 593 267 650 circumcidi
285 593 385 649 rolmt.
471 597 507 660 84
579 593 755 674 9Moraiuer
763 600 827 649 octo
835 593 1061 653 illuminatione·

55 682 127 721 imus
170 663 417 722 circumcisionem
597 665 842 722 circumcisionem
868 667 973 724 mentis
989 681 1063 740 pro-

56 738 107 793 rit.
471 738 507 802 84
595 735 741 793 oedentee.
1120 742 1156 798 86

87 995 201 1052 carun
214 994 261 1050 m.
278 1024 313 1039 -
325 995 365 1050 n«
376 994 664 1066 epiphanem
674 997 754 1065 toea
770 994 860 1050 eroes
871 997 975 1066 naas.

55 1179 158 1236 estatio
176 1177 282 1237 Christi
304 1178 341 1236 ad
360 1180 418 1236 Ma·
470 1252 505 1307 86
599 1177 683 1308 mis
697 1181 756 1237 Deo
769 1182 852 1251 grata
867 1177 979 1254 ipsique
993 1182 1062 1242 offe·

599 1268 649 1308 reo
671 1267 698 1307 a

55 1322 110 1394 lagi
139 1324 175 1380 ab
191 1321 308 1380 Oriente
333 1337 418 1378 rene·
565 1329 597 1391 14
614 1322 686 1394 Magi
701 1338 857 1394 eorumque
881 1339 1002 1382 munera
1028 1325 1061 1385 in

471 1395 505 1466 87
597 1410 684 1451 sensu
701 1396 829 1466 mystico.

73 1484 90 1523 a
106 1463 193 1537 Magis
206 1463 269 1521 visa
282 1471 417 1535 quatuor
566 1468 635 1521 15M
656 1465 736 1535 stice,
760 1465 828 1539 quid
855 1464 891 1522 sit
913 1469 1062 1540 Magorum

66 1538 157 1594 modis
177 1537 213 1593 ab
229 1535 293 1592 aliis
308 1535 414 1592 differt.
471 1540 505 1610 87
597 1482 706 1593 steila?

55 1625 154 1680 nagna
176 1609 207 1664 in
230 1607 277 1663 die
291 1606 416 1680 Epipha·
565 1613 597 1665 16
609 1607 719 1679 Figurae
733 1609 889 1680 Magorum.

55 1688 106 1736 cta.
566 1701 597 1752 ¹7
612 1680 758 1749 Magorum
774 1680 911 1737 reversio.

55 1769 121 1808 nere
138 1753 297 1821 Magorum.
566 1755 599 1807 18
611 1750 683 1807 Vitae
723 1751 867 1808 mutandae
918 1751 1062 1814 rationem

55 1823 119 1878 ritio
165 1821 256 1878 stetlae
298 1826 417 1893 propter
598 1821 731 1888 innuunt,
750 1839 802 1895 per
819 1822 905 1879 aliam
920 1823 997 1881 viam
1014 1843 1061 1886 ra-

55 1911 76 1949 ιι
87 1894 222 1949 rationes.
471 1895 507 1966 89
598 1892 746 1949 vertendo.
1116 1905 1151 1976 96

55 1966 87 2020 iis
111 1964 207 2032 timor,
231 1968 261 2020 et
289 1961 417 2020 turbatio
565 1985 598 2038 ι9
612 1965 718 2020 Aurum
729 1963 826 2021 Mariae
838 1964 937 2021 datum
947 1969 1058 2040 egenti·

55 2037 120 2092 tem.
598 2034 663 2103 bus,
675 2035 751 2092 unde
769 2036 945 2109 pauperioris
959 2055 1064 2113 praeco-

55 2108 118 2164 ,atio
134 2105 264 2164 Herodis.
599 2105 689 2163 nium.

55 2177 260 2250 {reapparitio
564 2198 598 2235 oo
611 2177 663 2235 Pia
676 2178 877 2250 contemplatio
908 2181 1005 2240 Mariae
1032 2183 1063 2242 in

59 2250 174 2307 domum
192 2249 310 2306 intrant.
599 2248 749 2321 praesepio.
1116 2261 1152 2332 99

76 2322 223 2378 meritoria
246 2320 300 2378 ruit
323 2322 418 2395 Mago-
565 2340 595 2376 ιι
616 2318 810 2400 solemnitatis
831 2320 997 2394 Epiphaniae
1005 2338 1064 2382 ma·

55 2393 167 2449 locatio.
472 2415 489 2466 9
599 2389 728 2462 gnrtudo.
1116 2419 1150 2472 97

55 2463 315 2522 nuneraoiierunt.
471 2466 506 2537 93
565 2459 748 2518 ooMiracula
776 2459 807 2518 io
832 2462 979 2522 nativitate
1005 2466 1062 2524 Do·

56 2535 121 2605 iter,
150 2534 206 2592 tria
238 2551 359 2594 munera
384 2534 416 2593 in
599 2531 669 2589 mini
681 2538 803 2605 patrata.
1119 2561 1153 2614 97

108 2790 223 2848 CAPUT
236 2792 296 2850 xll.
313 2820 346 2832 -
361 2793 400 2847 De
414 2791 628 2849 mutem
637 2791 749 2847 Domiti
760 2791 792 2845 ia
810 2791 960 2862 Templum.

55 2977 115 3032 het
126 2975 215 3032 Maria
225 2973 421 3047 relinquentes
581 2975 680 3050 9Ejus
701 2974 816 3034 ridendi
838 2977 942 3037 Christi
959 2979 1066 3040 deside

55 3050 120 3104 hem
145 3047 305 3106 Jerusalem
331 3047 421 3119 pross-
598 3046 684 3106 rium.
1106 3076 1154 3118 201

56 3125 113 3175 tur.
374 3186 381 3199 ·
476 3120 511 3192 98
566 3140 598 3176 ιο
613 3117 758 3176 Christum
775 3119 805 3176 in
823 3120 905 3178 ulnas
921 3122 1066 3197 accipiens

67 3194 210 3262 praecepta
225 3187 301 3245 circa
319 3187 420 3260 purifi·
598 3189 711 3245 adorat.
1103 3218 1154 3255 102

55 3278 97 3317 em
126 3261 277 3317 mulierum
307 3266 336 3316 et
360 3258 421 3332 pri·
566 3281 594 3317 ιι
613 3257 754 3315 Simeonis
769 3259 919 3317 canticum
1104 3288 1153 3326 102

55 3334 165 3389 ntorum
181 3330 368 3388 oblationem.
475 3333 510 3404 98
567 3351 598 3388 ιι
613 3331 721 3387 Tenere
745 3331 886 3387 Christum
909 3336 938 3387 et
955 3332 1064 3404 ample·

55 3422 97 3474 rue
141 3403 268 3459 rationes
303 3406 422 3474 propter
600 3400 660 3457 nari
675 3400 836 3459 volentibus
850 3418 913 3474 quae
933 3403 991 3460 sint
1010 3421 1063 3462 ne·

55 3475 209 3531 :hristusin
224 3473 340 3545 Templo
351 3489 424 3545 prae·
600 3471 766 3553 oessaria„
864 3541 870 3553 ι

54 3545 209 3602 ivoluerit.
477 3567 512 3618 99
568 3547 599 3601 15
615 3543 743 3601 Christus
758 3559 786 3597 m
797 3547 906 3599 cantico
921 3542 1063 3603 Simeonis

70 3618 196 3688 quinque
211 3614 338 3672 rationes
351 3629 422 3685 pro·
601 3620 724 3686 quatuor
745 3613 909 3671 nominibus
928 3614 1062 3687 magnifi-

56 3705 106 3745 uas
125 3687 213 3744 Maria
228 3685 422 3760 purificationi
601 3690 691 3743 catur.
733 3752 739 3764 ⁸
865 3754 872 3766 .
906 3753 912 3766 ·

56 3759 187 3816 voluerit.
478 3779 513 3831 99
569 3760 600 3823 14
614 3756 756 3813 Simeonis
770 3754 943 3811 benedictio.

55 3828 328 3902 imysteriifigurae.
478 3851 513 3902 99
569 3824 797 3899 15Prophetizat
816 3827 854 3907 ,de
881 3826 1004 3904 Christo,
1033 3835 1066 3890 ut

69 3919 122 3959 nos
147 3900 276 3958 Christus
296 3899 343 3957 hic
371 3899 425 3957 do·
603 3897 684 3969 signo
697 3896 938 3956 contradictionis.
1105 3911 1156 3975 104

463 3992 514 4029 roo
570 3974 601 4028 16
617 3971 698 4038 Item,
718 3967 754 4024 de
772 3967 865 4040 poenis
884 3971 916 4028 B.
943 3971 1066 4049 Virginis

57 4047 169 4099 urtures
189 4046 239 4099 aut
253 4040 346 4114 pullos
373 4057 424 4100 co·
604 4039 712 4097 Mariae.
1106 4048 1156 4104 105

57 4115 276 4171 rumotieruntt
465 4134 515 4172 ιοο
570 4133 601 4185 ¹7
616 4114 705 4169 Annae
717 4113 904 4186 prophetissa
921 4130 1065 4174 occursus.
1106 4120 1156 4175 ιώ

55 4185 115 4242 onis
133 4185 269 4258 elogium.
467 4206 513 4244 ιοι
571 4185 1066 4263 rsssonsusmoraiishujushistorieo.
1106 4191 1157 4248 106

989 4458 1181 4642 Ι·
