2790 4912
477 116 521 170 titt
547 115 728 171 urtrflttttt
755 115 884 170 D01llil.
1268 127 1300 182 93

60 223 127 282 dies
154 225 210 281 snb
235 221 432 296 persecutione
468 204 572 278 finivil.
600 225 656 280 Nec

63 296 161 353 Puero
185 294 338 352 tolerantia
353 293 507 367 passionis,
522 310 574 351 nec
591 310 656 377 pas-

63 383 134 424 suro
163 365 256 423 detuit
283 364 474 423 mansuetudo
502 365 619 437 puerilis
647 384 654 420 :

64 437 145 497 unde
159 443 221 495 tota
234 436 403 494 Christianae
411 435 559 518 sapientiae
574 436 657 494 disci-

64 508 156 594 plina,
174 525 234 567 non
256 508 287 564 in
300 508 477 565 abnndantia
491 507 582 577 verbi,
598 524 655 564 non

63 598 96 639 m
107 580 216 639 astutio
230 579 408 661 disputandi,
424 594 517 706 ungue
530 578 561 635 in
572 595 656 650 appe·

65 652 121 710 titu
139 651 236 710 laudis
251 657 280 708 et
302 651 411 723 gloriae,
430 666 460 706 se
497 666 527 706 in
547 667 614 707 vera
627 656 655 706 ot

65 722 231 781 voluntaria
244 722 403 780 bumilitate
416 720 554 790 consistit,
570 737 655 792 quam

66 795 207 855 Dominus
221 797 303 852 lesus
311 795 347 851 ab
361 799 442 850 utero
451 792 558 861 Matris,
567 809 656 864 usque

65 866 104 925 ad
117 865 290 939 supplicium
307 864 399 921 crucis
412 880 464 935 pro
479 863 557 920 omni
573 864 655 920 lorti-

65 938 167 996 tudine
183 944 211 994 et
225 935 320 1008 elegit,
331 941 360 993 et
369 935 484 992 docuit:
499 957 513 986 n
530 937 590 992 haec
603 938 655 991 Leo

66 1011 154 1082 Papa.
173 1011 210 1067 Ut
223 1025 292 1081 ergo
310 1006 402 1080 possis
416 1010 445 1063 et
460 1010 489 1062 tu
509 1006 654 1064 diabolum

64 1085 95 1140 et
112 1080 254 1138 mundum
272 1078 395 1148 vincere,
408 1077 531 1142 coneris,
546 1093 598 1150 pro
613 1077 654 1133 vi·

66 1154 158 1223 ribus,
177 1150 346 1209 humilitatis
374 1166 408 1207 ac
431 1149 575 1222 patientiae
597 1148 654 1204 rir-

65 1229 142 1282 tutes
162 1224 292 1292 exemplo
316 1220 419 1279 Christi
441 1237 571 1278 serrare:
588 1220 656 1291 quia

67 1294 113 1353 bis
136 1294 267 1351 munitus
287 1292 395 1365 potoris
413 1292 534 1349 faciliter
556 1294 656 1349 adver-

68 1366 197 1424 sarioset
210 1365 340 1422 inimicos
351 1370 410 1421 tam
422 1363 559 1434 visibiles,
570 1379 656 1434 quarn

68 1437 238 1505 invisibiles,
253 1452 399 1509 superare.

104 1509 215 1576 roQue
225 1525 334 1564 riunena
342 1510 564 1564 orrannum-Et
571 1505 656 1575 Magi,

68 1580 185 1638 invento
198 1580 301 1647 Puero,
317 1582 421 1649 apertis
436 1581 573 1634 thesauris
586 1582 656 1640 suis,

68 1653 98 1709 in
111 1666 172 1724 qno
184 1650 333 1707 moraliter
344 1649 541 1717 informamur,
554 1653 586 1706 ut
598 1650 659 1705 the-

68 1739 172 1781 sauros
187 1728 300 1779 nostros
313 1720 342 1776 in
357 1720 403 1777 via
416 1737 473 1777 non
488 1720 657 1792 pandamus,

71 1794 165 1853 donec
174 1791 329 1865 praeteritis
339 1790 480 1859 hostibus,
490 1790 543 1871 soli
557 1793 615 1849 Deo
625 1807 658 1848 er

70 1866 192 1924 occultis
214 1863 342 1920 cordium
362 1863 530 1931 offeramns3
553 1864 658 1919 obtute-

69 1943 139 1993 runt
166 1935 271 2007 singuli
295 1938 321 1990 ei
340 1950 429 2007 puero
450 1937 528 2002 lesu,
548 1951 657 1999 numm,

72 2010 138 2065 thur
157 2014 184 2063 ct
200 2008 352 2076 myrrham.
371 2004 497 2061 Traditio
517 2004 570 2062 suit
589 2005 659 2061 anti-

72 2094 210 2153 quorum,
225 2082 257 2134 ut
276 2077 372 2133 nullus
391 2075 427 2131 ad
441 2078 541 2145 Deum,
560 2076 602 2132 vel
622 2077 659 2132 ad

71 2166 183 2224 rogem,
196 2147 307 2205 veniret
319 2163 434 2215 vacuus,
447 2152 477 2204 et
488 2148 548 2203 sine
563 2163 660 2205 mune-

71 2220 163 2280 ribus.
177 2221 288 2278 hrabes
303 2223 399 2275 autem
415 2234 484 2276 auro
497 2224 527 2276 et
540 2218 660 2275 dirersis

71 2293 228 2365 generibus
253 2295 415 2347 aromatum
444 2289 600 2359 abundant,
632 2296 660 2346 ot

70 2364 143 2423 talia
149 2378 271 2420 munera
281 2362 387 2418 oilerre
399 2371 617 2428 consueverunt,
631 2366 661 2418 ot

71 2436 138 2493 ideo
165 2433 239 2508 Magi
261 2433 317 2490 ista
342 2433 517 2490 obtulerunt.
542 2435 576 2489 Et
595 2432 661 2489 licet

71 2522 186 2565 morem
200 2522 259 2562 suae
276 2504 370 2578 gentis
384 2504 414 2560 in
437 2503 520 2560 donis
539 2505 661 2561 citeron-

71 2578 119 2636 dis
144 2582 345 2649 sequerentur,
364 2577 419 2632 hoc
444 2580 540 2632 tamen
565 2575 661 2632 divina

70 2649 263 2723 inspiratione
289 2653 333 2704 est
358 2647 476 2716 tactum,
502 2652 533 2704 ut
552 2646 660 2718 aliquid

71 2720 204 2795 mysterii
233 2718 397 2776 muneribus
416 2718 659 2787 demonstrarent,

72 2797 102 2851 al
114 2793 205 2850 fldem
218 2806 298 2847 snam
315 2790 440 2873 mysticis
451 2790 537 2847 rebus
548 2790 661 2862 prohto·

71 2871 176 2923 rentur
191 2881 199 2918 ι
215 2868 275 2919 tum
292 2863 400 2919 scilicet
413 2860 560 2918 Trinitatis
573 2861 660 2917 tidem

72 2928 459 3018 etmgsterium'revelantes,
470 2933 662 2989 etianristo

72 3008 243 3064 Trinitatem
258 3004 428 3071 adorantes3
443 3008 503 3060 tum
519 3019 583 3061 eum
602 3006 659 3060 lle-

72 3094 141 3150 gem
160 3082 190 3134 et
216 3077 367 3132 Dominum
390 3078 490 3144 Deum,
513 3075 565 3132 sed
586 3091 661 3132 mor·

73 3149 162 3208 talem
173 3147 383 3220 significantes;
397 3151 425 3202 et
435 3146 538 3203 Christi
551 3147 660 3217 regiain

72 3223 262 3295 potestatem,
285 3232 318 3274 ac
337 3217 461 3274 divinam
482 3219 660 3290 majestatem

73 3296 105 3350 et
127 3292 284 3348 humanam
302 3288 504 3345 mortalitatem
525 3304 660 3345 veneran-

73 3368 129 3421 tes.
146 3364 213 3418 llaec
235 3359 310 3416 enim
326 3363 382 3416 tria
398 3359 472 3487 Magi
488 3361 525 3416 de
545 3361 660 3417 Christo

72 3437 280 3505 cognoverunt,
296 3435 427 3504 utsupra
458 3434 568 3495 inerunt
584 3448 591 3487 ε
609 3433 661 3488 Ubi

73 3510 117 3562 est
142 3506 298 3574 quinctus
321 3508 372 3568 ert,
394 3519 459 3560 ecce
483 3502 659 3570 humanitas3

72 3591 126 3633 roe
145 3574 311 3637 iudeorum,
330 3590 396 3631 occe
419 3573 499 3646 regia
519 3579 660 3647 potestas3

74 3648 201 3703 emimus
216 3645 333 3701 adorare
346 3662 416 3711 enm,
433 3662 497 3702 ecce
517 3645 660 3703 divinitas.

75 3716 262 3791 Significatur
283 3716 359 3773 enim
387 3717 416 3774 in
444 3717 554 3775 Christo
583 3717 663 3789 regia

75 3793 221 3868 potestas·
258 3803 272 3842 r
286 3803 398 3857 aurum,
413 3789 490 3861 quod
505 3788 565 3860 regi
579 3789 663 3845 solvi-

76 3859 170 3918 turin
185 3864 222 3914 trr
244 3862 338 3916 ntum:
349 3875 416 3916 nam
431 3875 531 3917 aurum
546 3866 663 3932 propter

76 3933 122 3990 sui
142 3928 321 3987 nobilitatem
340 3946 442 3988 munus
455 3936 499 3988 est
513 3931 619 4004 regale,
634 3935 664 3986 et

76 4003 144 4062 ideo
158 4002 284 4059 ostendit
298 4003 421 4059 Puerum
437 4018 533 4074 regem
547 4018 621 4070 esse,
635 4007 664 4058 et

77 4091 110 4134 se
124 4073 196 4131 illud
210 4072 321 4130 decere.
338 4073 471 4147 Signatus
485 4089 551 4130 roro
568 4073 664 4130 divina

716 222 851 304 majestas
865 238 916 305 per
927 224 1014 307 thus,
1058 226 1095 283 od
1106 229 1164 285 Deo
1179 229 1299 289 offertur

716 309 746 349 rn
765 293 948 362 sacrificium,
963 301 1016 352 etr
1036 313 1070 354 eo
1085 301 1211 358 ostendit
1225 304 1298 360 Pne-

715 380 779 421 rum
795 380 870 446 esse
896 367 998 435 Doum3
1024 370 1210 439 quodetiam
1235 380 1298 431 erat

715 436 821 493 oblatio
837 437 1031 506 sacerdotalis,
1044 446 1072 495 et
1086 442 1159 498 Puer
1173 443 1220 500 ille
1234 451 1297 503 orat

716 507 858 578 sacerdos,
886 508 929 564 cui
960 510 1054 566 nullus
1082 528 1216 584 umquam
1245 516 1297 573 luit

705 578 842 649 ‚equalis
869 580 1004 650 Signatur
1034 598 1146 655 quoque
1174 587 1298 645 humana

716 649 873 706 mortalitas
901 667 952 722 per
978 655 1133 724 myrrham,
1153 672 1209 727 qua
1228 675 1294 715 con-

714 720 769 776 diri
788 720 881 777 solent
908 739 1029 794 corpora
1055 732 1242 799 mortuorum,
1268 735 1298 786 et

715 791 852 860 Christus,
867 810 915 850 rex
927 799 956 850 et
971 797 1114 865 sacerdos,
1124 799 1213 855 voluit
1224 800 1296 858 mori

714 879 766 935 pro
789 863 879 920 salute
907 865 1044 922 omnium.
1066 870 1145 926 Unde
1163 871 1298 941 Augusti·

714 951 788 1018 ηαδ]
815 957 829 985 α
845 938 952 992 hurum
977 953 1045 1009 ergo
1071 940 1190 997 solvitur
1235 942 1297 1000 nasi

714 1022 774 1078 regi
791 1023 905 1077 magno,
920 1008 988 1064 thus
1001 1009 1166 1068 immolatur
1182 1019 1213 1069 ut
1250 1029 1296 1082 eo,

715 1094 742 1133 m
764 1078 859 1134 rrbam
897 1081 1041 1150 praebetur
1072 1085 1217 1153 tamquam
1247 1100 1299 1157 pro

760 1153 806 1204 ute
816 1149 942 1205 omnium
957 1151 1102 1208 morituro.
1119 1173 1134 1207 n
1148 1156 1225 1211 Unus
1246 1155 1301 1212 uis·

715 1236 770 1291 qne
782 1226 878 1276 autem
888 1236 988 1277 eorum
1002 1223 1138 1292 praedicta
1149 1225 1203 1282 tria
1217 1171 1298 1283 oqbtu-

716 1292 758 1359 lit,
768 1292 844 1361 quia,
856 1296 888 1347 ut
900 1291 1004 1348 dictum
1020 1297 1073 1362 est,
1083 1295 1216 1366 mysterio
1231 1313 1299 1353 con·

716 1365 801 1435 gruit.
827 1362 925 1419 Nullus
941 1363 1016 1419 enim
1039 1381 1104 1422 vere
1124 1367 1301 1424 Christianus

717 1434 829 1501 dicitur,
848 1434 902 1505 qui
921 1451 978 1490 non
998 1436 1138 1494 Christum
1157 1446 1185 1494 et
1200 1441 1300 1507 Deum,

718 1509 746 1564 et
774 1521 890 1576 regem,
921 1512 950 1562 et
978 1522 1093 1578 passum
1121 1511 1300 1578 confiteatur,

718 1578 794 1648 quod
809 1577 865 1634 illis
877 1576 968 1634 tribus
979 1580 1145 1637 muneribus
1160 1581 1301 1653 significa·

718 1655 773 1705 tur.
797 1649 876 1706 Unde
900 1655 929 1704 et
952 1653 1115 1719 Remigius:
1133 1674 1147 1702 (ι
1162 1653 1210 1709 lsti
1226 1652 1300 1724 hlagi

717 1736 775 1802 non
803 1719 908 1791 singuli
928 1720 1039 1802 singula
1060 1723 1232 1792 obtuleruut,
1251 1726 1300 1780 sed

718 1792 822 1862 singuli
837 1794 902 1859 tria,
919 1796 947 1847 ot
961 1793 1065 1863 singuli
1082 1811 1146 1850 enm
1160 1795 1218 1851 suis
1238 1811 1301 1850 rnu-

718 1862 834 1920 neribus
862 1879 969 1934 regem,
985 1867 1073 1921 Deum
1103 1871 1132 1921 et
1156 1866 1301 1922 hominem

718 1934 960 2006 praedicaverunt:
978 1957 992 1986 »
1006 1937 1066 1993 hanc
1080 1940 1230 2006 Remigius.
1244 1939 1301 1993 llos

718 2005 811 2062 omnis
828 2022 894 2062 vere
910 2006 1087 2064 Christianus
1102 2007 1240 2077 imitatur,
1252 2007 1300 2079 qui

718 2078 862 2135 Christum
881 2093 979 2133 verum
1000 2081 1088 2134 Deum
1111 2096 1183 2147 esse,
1204 2095 1301 2151 regem

719 2152 747 2205 et
761 2164 875 2219 passum
885 2148 1048 2204 confitetur.
1061 2151 1220 2206 Olleramus
1232 2167 1300 2221 ergo

718 2220 745 2276 ei
779 2235 900 2287 aurum,
933 2223 965 2275 ut
998 2236 1062 2276 eum
1094 2221 1220 2277 omnium
1254 2237 1299 2277 re·

718 2307 783 2362 gem
798 2307 872 2357 esse,
895 2295 924 2345 et
941 2290 1044 2360 ubique
1063 2308 1182 2362 regnare
1205 2294 1302 2347 creda·
1386 2348 1388 2352 ,

719 2378 796 2429 mus;
819 2362 893 2428 thus,
917 2365 949 2416 ut
967 2363 1056 2417 Deum
1070 2378 1168 2418 rerum
1184 2367 1213 2417 et
1226 2379 1303 2418 crea-

718 2437 810 2489 torem
847 2431 975 2487 omninm
1007 2448 1070 2488 esse
1099 2433 1301 2500 confiteamnr;

719 2505 874 2576 myrrham,
897 2508 929 2558 ut
955 2503 996 2558 sic
1015 2503 1094 2560 illum
1122 2506 1211 2560 Deum
1239 2519 1302 2560 esse

719 2576 878 2642 credamus,
899 2589 984 2644 quern
1006 2575 1162 2644 hominem,
1180 2580 1208 2632 et
1226 2591 1302 2631 mor-

719 2647 806 2703 talem
827 2651 944 2718 proptcr
967 2663 1019 2702 nos
1038 2647 1143 2703 iactum
1164 2661 1304 2703 essenon

719 2718 890 2775 dubitemus.
907 2717 1010 2774 Omnia
1028 2718 1105 2775 enim
1126 2721 1186 2774 haec
1205 2725 1304 2775 sancta

719 2790 791 2846 fides
819 2791 958 2846 veraciter
984 2791 1095 2847 Christo
1119 2791 1222 2846 otierre
1246 2805 1304 2845 nou

719 2860 835 2929 desinit,
844 2861 911 2917 dum
921 2878 1008 2917 unum
1021 2862 1304 2933 eumdemquelleum

719 2948 828 3000 verum,
842 2948 995 3002 verumque
1008 2933 1153 2989 hominem
1164 2932 1264 2998 credit,
1276 2935 1304 2987 ct

721 3020 785 3060 vere
806 3019 857 3075 pro
883 3003 966 3059 nobis
995 3009 1137 3060 mortuum
1166 3003 1305 3059 veraciter

719 3073 905 3146 recognoscit.
927 3074 1069 3129 Habemus
1085 3075 1190 3145 itaque,
1206 3089 1305 3129 secuu-

718 3146 787 3202 dum
810 3147 959 3207 hilariam,
975 3144 1005 3199 in
1026 3144 1069 3199 bis
1089 3160 1146 3199 non
1162 3143 1303 3199 modicam

718 3220 960 3273 sacramentorum
983 3213 1185 3284 cognitionem,
1204 3213 1233 3269 in
1251 3215 1304 3269 bo·

719 3287 795 3344 mine
813 3284 924 3353 mortis,
944 3284 972 3340 in
994 3287 1050 3341 Deo
1077 3285 1303 3355 resurrectionis,

718 3358 748 3415 in
764 3373 830 3430 rege
846 3355 956 3428 judicii.
970 3358 1004 3411 Et
1022 3372 1085 3427 ego,
1096 3357 1303 3426 Dominelesu,

718 3430 748 3486 in
757 3436 881 3486 extremo
893 3427 1011 3498 vestigio
1024 3443 1169 3484 servorum
1178 3435 1303 3497 tuorum,

717 3502 806 3558 adoro
823 3505 851 3556 te
870 3498 1015 3555 sedentem
1034 3499 1063 3554 in
1078 3499 1170 3570 gloria
1184 3500 1234 3557 Dei
1250 3501 1305 3557 Pa-

719 3573 781 3642 tris,
797 3572 901 3642 ubique
916 3576 1094 3641 regnantem,
1108 3577 1136 3627 et
1150 3573 1239 3628 ollero
1254 3570 1306 3628 tibi

719 3644 899 3716 splendorem
916 3641 994 3710 fidei,
1019 3659 1075 3713 qua
1099 3647 1127 3699 to
1149 3645 1233 3699 credo
1254 3645 1307 3699 lle·

720 3732 785 3787 gem
809 3715 936 3772 omnium
967 3714 1137 3781 seculorum,
1162 3717 1250 3771 Deum
1270 3713 1307 3770 de

721 3791 790 3855 Deo,
810 3792 839 3842 ot
865 3785 1010 3842 hominem
1030 3787 1066 3843 de
1091 3786 1216 3857 Virgine,
1234 3800 1309 3842 mor-

720 3864 800 3914 tuum
813 3873 865 3930 pro
881 3857 1131 3928 peccatisnostris.
1148 3857 1308 3914 Secundum

720 3930 901 3993 Bernardam,
922 3929 1085 3986 obtulerunt
1104 3928 1166 3984 auri
1185 3927 1308 3999 pretium

722 4001 758 4057 ob
773 4005 980 4072 paupertatem,
996 3999 1102 4056 scilicet
1120 4000 1155 4055 ad
1175 3996 1308 4069 pauperis

723 4071 821 4130 Matris
839 4077 869 4129 et
891 4071 953 4129 Filii
977 4070 1226 4138 sustentationem
1242 4067 1307 4123 thu-
