2790 4912
142 373 171 424 io
531 361 642 416 rniiia
668 361 788 416 rimis
815 358 921 411 ciiii
949 356 974 408 ii
1239 412 1242 418 ,

138 479 288 548 operatum
303 469 343 526 ita
356 475 385 526 et
401 469 515 524 Patrem
525 480 577 538 per
589 463 724 548 Unigeni-
777 461 818 532 lii,
842 460 997 518 seeundum
1017 458 1148 516 eumdem
1168 457 1341 525 Augustino

140 550 202 604 tum
228 541 329 601 Filium
361 554 444 597 suum
476 536 573 594 omnia
601 536 723 608 legimus
778 533 893 606 quidam
906 527 1171 589 Platonicnsaureis
1184 526 1292 584 litteris
1307 541 1342 598 pr

139 616 229 674 luisse
243 617 391 687 operatum
407 627 415 667 ι
431 630 446 662 »
462 611 524 667 hac
538 609 722 678 Augustinus.
779 603 970 673 scribendum,
987 605 1017 659 et
1038 618 1090 674 per
1112 615 1212 657 omnes
1238 597 1343 655 ecclesi

177 708 206 747 ii
223 687 301 756 Quini
311 699 424 741 suamne
432 697 535 738 mirmir
547 696 628 736 nurus
639 681 727 736 Evno-
778 676 808 733 in
821 675 892 732 locis
904 671 1134 732 eminentissimis
1146 669 1342 744 praeponendo

137 775 221 817 oaiii.
234 787 271 803 -
291 758 351 814 iloc
364 752 476 811 initium
492 750 582 809 sancti
599 752 726 822 Evange·
778 763 842 805 esse
855 746 977 804 dicebat.

687 929 816 988 ORATIO

173 1077 291 1138 Domine
305 1078 390 1145 Deus,
407 1076 492 1135 Pater
506 1071 696 1146 omnipotens,
712 1069 761 1143 qui
782 1073 957 1126 coeternum
971 1070 1000 1123 et
1013 1064 1186 1136 coaequalem
1201 1066 1230 1118 et
1244 1058 1343 1117 consul

135 1148 299 1209 stantialem
317 1146 367 1204 tibi
391 1149 458 1203 ante
481 1143 577 1202 omnia
606 1143 711 1200 iacula
731 1141 833 1199 Filium
860 1137 1044 1196 ineffabiliter
1068 1133 1201 1218 genuisti,
1220 1147 1288 1189 curn
1315 1146 1343 1202 qi

133 1226 223 1295 atque
237 1219 342 1293 Spiritu
354 1220 456 1277 Sancto
470 1215 567 1274 omnia
578 1213 701 1273 visibilia
714 1218 743 1271 et
757 1210 922 1278 invisibilia,
935 1225 1023 1266 acme
1037 1222 1172 1264 misorum
1187 1207 1343 1277 peccatore}

135 1293 212 1351 inter
227 1290 324 1350 omnia
337 1287 451 1358 creasti,
468 1293 495 1345 te
509 1286 609 1356 adoro,
627 1291 655 1343 to
670 1284 766 1352 laudo,
789 1288 873 1355 teque
889 1281 1017 1353 glorillco
1039 1297 1046 1334 ε
1063 1281 1202 1350 propitius
1221 1281 1279 1331 esto
1300 1275 1344 1329 mii

134 1366 281 1437 peccatori,
298 1367 326 1419 et
344 1377 380 1418 ne
399 1358 539 1432 despicias
562 1373 618 1427 me,
644 1370 716 1429 opus
738 1369 876 1412 manuum
900 1358 1023 1419 tuarum3
1048 1349 1097 1406 scd
1119 1347 1197 1405 salva
1215 1351 1245 1402 et
1264 1345 1344 1417 adjui

137 1451 193 1505 me,
208 1450 260 1507 pro
280 1437 325 1491 ter
337 1447 441 1489 nomen
455 1435 584 1487 sanctum
598 1433 687 1485 tuum.
703 1425 788 1500 Operi
803 1440 938 1482 manuum
955 1428 1067 1479 tuarum
1083 1420 1229 1477 dextoram
1243 1415 1344 1489 porrig

134 1504 243 1564 carnali
256 1449 401 1576 fragilitati
415 1517 559 1560 succurre.
576 1499 629 1569 Qui
649 1514 695 1574 me
708 1496 811 1567 iecisti,
827 1497 913 1552 refice
927 1494 1063 1551 infectum
1077 1490 1167 1559 vitiis,
1185 1487 1232 1562 qui
1252 1503 1299 1544 me
1314 1487 1344 1542 loi

137 1576 233 1646 masti,
252 1575 377 1633 reforma
397 1578 561 1645 corruptum
584 1568 730 1644 peccatis:
748 1574 778 1625 ut
795 1567 951 1625 secundum
966 1579 1099 1637 magnam
1115 1567 1194 1618 tuam
1208 1558 1344 1616 misericor

137 1647 216 1707 diam
230 1646 323 1704 salves
336 1644 462 1702 animani
477 1657 571 1700 ineam
586 1640 730 1698 miseram.
744 1640 844 1698 Anien.

662 1945 801 2019 CAPUT
826 1948 856 2018 ll

141 2169 179 2215 ull
196 2165 376 2216 minuamur
396 2163 519 2211 nnunnu
542 2163 596 2211 rito
618 2163 804 2210 santaricus
829 2164 955 2210 GENERIS
975 2163 1104 2224 numm,
1124 2164 1163 2208 ΕΤ
1187 2165 1345 2211 narium

621 2243 750 2292 linoltus
779 2244 889 2290 ldAlllAE.

183 2475 193 2510 i
210 2449 297 2508 Casus
314 2449 439 2505 incisam
455 2464 488 2503 rr
503 2463 729 2504 rnoromiinnris.
785 2460 870 2518 quam
892 2443 1023 2500 columba
1041 2442 1158 2500 inclusis
1174 2446 1203 2500 in
1221 2459 1289 2501 arca
1302 2445 1346 2502 am

144 2553 179 2565 -
199 2524 231 2579 ln
245 2519 395 2594 principio,
414 2534 478 2575 cuin
495 2517 606 2575 Lucifer
619 2524 732 2576 creatus
784 2517 877 2585 rebat,
899 2531 962 2586 quae
982 2513 1206 2572 misericordiam
1227 2515 1277 2572 Dei
1298 2517 1346 2574 iuti

143 2599 229 2662 esset,
256 2591 345 2650 erexit
371 2607 402 2674 se
422 2595 522 2673 contra
538 2592 627 2648 Deum
646 2591 731 2648 Crea·
785 2603 847 2644 ram
873 2585 989 2643 inclusis
1012 2585 1040 2642 in
1061 2586 1148 2643 limbo
1167 2587 1346 2658 praetendeba

144 2671 235 2723 torem
247 2665 378 2731 aunm,et
389 2660 611 2718 inictuoculide
621 2661 731 2719 excelso
786 2661 848 2714 Non
877 2657 969 2713 solum
994 2656 1071 2713 enim
1094 2657 1150 2726 his,
1178 2657 1226 2728 qui
1253 2657 1282 2715 in
1308 2674 1347 2715 ari

143 2736 280 2793 coelorum
303 2734 446 2806 proiectus
464 2737 508 2789 est
526 2732 556 2787 in
575 2732 729 2790 internum.
786 2734 878 2797 erant,
912 2727 1108 2785 misericordia
1145 2729 1347 2802 promittebatu

143 2808 187 2875 lit,
210 2807 247 2863 ob
272 2806 346 2861 banc
364 2818 490 2871 causam,
511 2802 636 2859 decrevit
658 2805 733 2860 Deus
786 2801 835 2858 scd
855 2805 884 2857 et
903 2799 953 2856 toti
974 2799 1079 2856 mundo
1101 2799 1213 2873 signnm
1232 2800 1347 2858 salutis.

143 2893 234 2949 genus
245 2877 401 2932 humanum
414 2888 523 2955 creare,
535 2879 566 2930 ut
575 2889 626 2945 per
637 2873 731 2946 ipsum
786 2872 860 2929 oliva
887 2871 1028 2940 dabatnr;
1060 2876 1089 2927 et
1117 2873 1171 2929 boc
1198 2872 1275 2929 idem
1302 2874 1347 2930 Dei

143 2952 240 3020 posset
265 2961 361 3003 casum
385 2944 506 3001 Luciferi
530 2949 559 3000 et
589 2944 730 3001 sociorum
785 2941 1011 3015 pramonstravit
1038 2941 1121 2999 nobis
1144 2943 1174 3000 iii
1195 2942 1292 3000 multis
1312 2943 1347 3002 ali

142 3019 399 3099 ejusrestaurare3
415 3019 587 3097 quapropter
600 3015 731 3073 diabolus
786 3014 894 3087 figuris.
908 3013 1081 3096 aprincipio
1095 3020 1190 3072 autem
1205 3014 1347 3073 condition

143 3091 252 3146 bomini
268 3086 398 3169 invidens
416 3101 469 3157 ipsi
486 3086 684 3168 insidiabatur,
701 3093 730 3144 et
784 3093 899 3151 nostran,
920 3085 1010 3142 Adam
1032 3102 1062 3140 in
1089 3102 1159 3157 agro
1184 3089 1347 3144 Damascen

141 3161 179 3243 ad
204 3164 339 3240 praecepti
364 3163 618 3227 transgressionem
637 3156 729 3229 ipsum
781 3159 861 3228 juxta
880 3159 1005 3225 Hebron,
1020 3156 1056 3212 de
1071 3159 1147 3214 terra
1163 3158 1298 3226 formato,
1316 3163 1345 3215 et

141 3231 276 3312 inducere
285 3229 439 3312 nitebatur,
450 3235 478 3287 et
486 3228 629 3310 quoddam
638 3245 729 3300 genus
784 3229 903 3285 Domino
911 3229 940 3284 in
950 3226 1348 3301 paradisumvolnptatistran

140 3300 729 3385 serpentissibieligebat,qnituncerectus
783 3300 851 3371 lato,
881 3316 914 3357 ac
941 3302 999 3356 Eva
1021 3299 1050 3355 in
1075 3300 1207 3371 paradiso
1231 3300 1268 3358 de
1294 3307 1348 3359 cost

139 3373 333 3446 gradiebatur,
353 3376 382 3429 et
399 3377 483 3445 caput
499 3370 659 3443 virgineum
676 3373 727 3429 ha·
783 3374 850 3429 Adai
864 3369 1030 3429 dormientis
1043 3370 1127 3454 iacta²
1140 3376 1168 3427 et
1180 3387 1232 3444 pro
1243 3388 1348 3430 consor

139 3446 282 3528 bebabln
296 3445 371 3501 bunc
385 3442 581 3526 fraudulentus
595 3443 729 3518 deceptor
783 3443 809 3500 ei
828 3443 905 3511 data,
934 3442 1058 3570 ipsisfflue
1085 3443 1183 3514 primis
1208 3443 1348 3515 parentib!

139 3521 265 3585 intrarit,
278 3522 306 3597 et
319 3530 371 3587 per
383 3530 417 3596 os
427 3531 493 3597 ‚ejus
509 3514 628 3584 loquens
641 3517 729 3573 verba
782 3515 812 3571 in
837 3513 968 3587 paradiso
988 3529 1005 3569 a
1039 3514 1214 3586 operandum
1235 3521 1265 3572 et
1282 3519 1348 3573 cuso

139 3587 303 3670 deceptoria
322 3586 434 3643 mulieri
454 3585 589 3655 narravit,
609 3602 643 3643 ac
664 3602 727 3644 eam
783 3586 917 3643 diendum
931 3584 1086 3652 collocatis,
1099 3592 1128 3641 et
1142 3584 1247 3642 debinc
1259 3590 1349 3660 propt·

139 3658 728 3740 decipienssupertomncgenushumanum
783 3657 851 3728 ligni
872 3656 949 3713 vetiti
975 3673 1055 3713 esum
1081 3672 1132 3737 per
1157 3656 1244 3714 divini
1272 3672 1349 3714 secra

138 3733 261 3787 mortem
290 3730 471 3810 induxit.·Et
498 3728 655 3811 oportebat·
674 3744 728 3786 nos
783 3728 963 3785 severitatem
985 3727 1118 3799 expulsis,
1142 3743 1266 3800 superna
1290 3726 1349 3786 mis

137 3816 238 3858 omnes
257 3815 399 3858 carcerem
418 3800 521 3857 inlerni
542 3800 668 3881 ingredi,
692 3799 728 3857 de
782 3798 855 3856 ratio
871 3816 927 3856 non
940 3798 1047 3855 destitit
1060 3798 1191 3855 homines
1204 3799 1349 3857 incitaret

82 3950 85 3957 Ι
140 3887 283 3955 quonon
318 3876 481 3952 poteramus
512 3870 632 3927 alicu'ns
683 3871 727 3928 uri
781 3872 888 3927 bonum
911 3886 963 3943 per
988 3870 1111 3927 occultos
1136 3869 1289 3928 instinctus
1322 3885 1349 3928 nt

85 3960 90 3967 ·
118 3941 418 4025 .hominis·ad‚iutorio
437 3940 519 4014 eripi.
538 3888 595 3998 Sed
611 3887 726 4024 tangam
781 3941 890 4023 distulit
902 3941 1046 3999 hominem
1059 3941 1252 3999 errabundum
1266 3913 1304 4000 ad
1318 3957 1349 4014 po

136 4014 223 4073 Pater
236 4012 496 4095 misericordiarum
511 4017 540 4068 et
553 4014 627 4069 Deus
639 4016 726 4071 totius
780 4013 930 4070 nitentiam
945 4027 1090 4082 revocare,
1103 4028 1183 4085 spem
1197 4013 1291 4071 veniae
1302 4014 1350 4072 dai

119 4083 337 4151 ,consolationis
352 4083 506 4140 clementer
524 4083 645 4154 respexit
668 4090 725 4142 sta·
780 4085 816 4140 do
842 4100 893 4156 per
913 4084 1117 4158 rcpmmissnm
1145 4083 1302 4143 salvatoris
1322 4085 1350 4142 at

133 4160 197 4214 tum
212 4159 318 4236 nostrae
337 4154 538 4236 damnationis,
560 4160 590 4210 et
605 4171 658 4212 nos
675 4172 726 4227 per
778 4162 903 4212 ventum.

95 4244 99 4249 ·
135 4231 321 4308 semetipsum
337 4225 458 4307 liberare
477 4225 618 4309 decrevit3
640 4243 726 4299 super
816 4230 979 4284 illumimu
998 4244 1084 4285 cauus
1101 4246 1136 4285 in
1155 4245 1223 4286 sraii
1245 4245 1350 4286 iimciro

92 4312 192 4373 'siquo
210 4312 322 4372 signum
341 4297 423 4354 nobis
446 4312 498 4370 per
514 4296 617 4354 olivam
633 4298 721 4369 dedit,
776 4316 811 4356 uo
828 4301 903 4356 Anac
920 4317 1007 4364 usuca
1021 4317 1056 4356 iio
1068 4302 1195 4359 lon-mcii
1207 4303 1350 4359 Birrisrii
