2790 4912
305 301 347 354 ult
374 301 509 356 ornato
536 303 575 357 ΕΤ
601 304 680 358 tint
706 304 847 359 totnnts
874 305 1054 360 nlrrtsrn.
1254 307 1298 360 tls

85 402 174 474 turum,
185 408 212 462 et
225 405 349 464 sociandi
362 424 450 481 opera
464 409 650 483 poenitentiae,
707 410 800 468 lorum
812 415 876 468 acta
887 409 1032 468 imitantes
1042 409 1234 481 eisinvident,
1246 428 1296 471 eos

88 477 116 530 ut
127 474 240 534 devotius
253 479 418 551 acciperent
433 481 535 608 iAEsum.
552 484 587 538 Et
597 484 651 539 hoc
706 489 926 554 persequuntur,
942 481 1022 539 etita
1036 483 1166 539 venenati
1187 482 1239 538 tilii
1260 483 1297 540 ds

93 549 207 619 estquod
232 549 262 605 in
288 551 408 608 Actibus
454 551 548 624 citur,
576 553 651 626 quod
706 554 853 611 venenatis
867 552 1035 626 parentibus
1048 558 1114 609 sunt
1128 553 1197 609 nati.
1212 555 1294 626 Nam,

95 619 183 675 Joootes
196 621 350 692 bopttzoue't
371 624 506 695 baptismo
519 629 652 697 poniten-
706 625 1297 695 secundumflemiptom,consuetudoScri-

97 693 278 763 ttapopolam,
304 694 398 750 dicens
423 712 430 750 :
459 699 492 753 ln
515 713 576 752 eom
602 700 652 768 qui
705 701 854 769 pturarum
873 703 918 754 est
941 698 978 753 ab
997 696 1294 777 imitationetoperum

99 768 199 819 vermos
210 770 279 821 esset
292 771 356 836 post
380 769 482 837 ipsam.
505 773 536 824 ut
562 770 651 824 erede-
705 768 822 826 nomina
839 769 996 840 imponere.
1018 767 1063 826 Sic
1078 774 1106 824 et
1121 767 1168 823 iso
1181 771 1218 824 ab
1232 766 1294 825 imi·

98 838 148 900 roo,
159 835 201 890 too
213 840 253 891 est
269 838 412 902 inlesum,
429 843 459 894 et
471 838 536 896 ideo
548 839 652 896 dicitur
705 839 813 896 tatione
832 839 993 913 viperarum
1013 838 1165 912 progenies
1181 838 1292 911 ripere·

98 902 305 972 bic,rondtentes
322 913 440 980 peccata
454 925 517 980 sua,
530 910 651 968 delenda
705 926 768 967 rum
788 912 931 969 dicuntur.
954 912 1025 967 Cum
1050 910 1136 983 igitur
1174 910 1294 968 oeniten·

98 974 176 1033 adlicet
186 992 237 1049 per
249 976 392 1036 Christum
405 986 555 1037 venturum
566 999 573 1050 ;
585 982 651 1054 quia
705 981 745 1037 tia
757 988 784 1039 et
797 984 973 1039 correctione
988 926 1291 1054 maximeindigerent,

98 1060 139 1103 non
148 1053 249 1118 poterat
262 1051 318 1106 boc
337 1054 430 1108 lacere
448 1055 585 1121 loannes,
601 1055 650 1110 sed
706 1054 903 1127 increpantur;
922 1053 1060 1126 quianon
1077 1056 1155 1125 prius
1180 1068 1292 1111 venena

96 1114 247 1177 denuntiabat
261 1121 316 1178 boc
330 1125 493 1194 pertesum
507 1124 649 1182 Christum
704 1124 860 1196 deponunt,
882 1130 912 1181 ut
933 1124 974 1180 sic
997 1125 1034 1181 ad
1055 1125 1226 1197 baptismum
1246 1140 1292 1181 ve·

98 1186 203 1247 bendum.
575 1236 577 1241 .
705 1195 797 1265 niant,
812 1197 888 1252 unde
904 1195 1290 1277 subjungiturzFocttcerpo,

97 1262 650 1395 ..lsttttltlltttttttlttt
704 1265 812 1405 tlt*
830 1266 1291 1409 ³t.tttt⁹ll⁶t.tl⁰rttttl³

94 1403 167 1460 mtos
183 1407 382 1464 Pbortsaeorom
405 1414 431 1465 et
445 1411 647 1474 Sodooaeorom,
704 1407 773 1464 tiam
781 1354 1175 1480 digerametlruc'tuosanr’per
1187 1408 1290 1464 contri·

93 1484 135 1529 oon
147 1477 309 1535 confitentes
329 1484 445 1550 peccata
461 1497 523 1551 sua,
538 1483 647 1537 oenten-
703 1478 822 1549 tionem,
838 1496 890 1552 per
903 1477 1123 1547 confessionem,
1139 1494 1191 1550 per
1206 1477 1291 1534 satis·

91 1543 127 1612 to,
139 1560 192 1603 cum
205 1548 308 1618 turbis,
325 1552 363 1606 od
378 1552 543 1624 baptismum
556 1569 646 1620 mom,
703 1550 906 1621 factionem,ut
916 1551 943 1607 iu
966 1549 1031 1607 'atis
1041 1548 1113 1605 iram
1125 1554 1289 1620 venturam,

91 1625 132 1670 non
143 1633 171 1674 ex
183 1634 251 1675 vera
273 1620 423 1703 religione,
437 1623 486 1680 sed
503 1624 600 1697 populi
615 1623 648 1680 ti·
722 1621 769 1678 uia
782 1623 843 1680 haec
855 1630 899 1680 est
911 1638 942 1678 so
954 1638 972 1678 a
988 1620 1034 1678 via
1046 1619 1184 1702 evadendi
1198 1620 1287 1703 illam.

90 1695 157 1758 utre,
170 1705 201 1746 ac
214 1690 280 1748 licto
294 1698 323 1748 et
336 1693 483 1765 insidiose,
499 1698 574 1751 dicit
587 1698 645 1751 eie:
702 1637 754 1750 ssbi
774 1696 980 1777 chrysostomos
996 1711 1004 1748 :
1021 1714 1036 1743 α
1050 1694 1112 1748 Non
1126 1708 1202 1773 enirn
1219 1697 1290 1750 sutis

91 1750 218 1825 deoduino,
228 1777 281 1819 seu
289 1769 607 1838 propendesotperorom,
617 1765 646 1822 id
701 1769 745 1821 est
760 1766 964 1837 paenitentibus
989 1769 1107 1837 peccata
1131 1763 1288 1833 dimittere,

89 1828 127 1896 ttt,
145 1836 274 1890 venenati
304 1841 332 1890 et
360 1843 564 1895 venenatorum
583 1837 645 1906 filii,
701 1836 751 1892 sed
777 1853 848 1909 opus
871 1841 914 1893 est
939 1835 1112 1919 poenitentiae
1133 1836 1208 1891 serre
1228 1836 1287 1892 dru-

88 1901 256 1964 ltt'tostendtt
267 1906 354 1971 cobis,
360 1924 420 1964 non
431 1906 642 1980 poenitentibus,
700 1912 761 1963 ctus
774 1908 928 1965 secundum
943 1906 1012 1963 rllnd
1025 1924 1032 1963 :
1047 1909 1159 1962 Declino
1171 1923 1189 1961 o
1203 1909 1287 1971 molo,

82 1965 159 2040 Moero
182 1982 332 2032 oneratura
348 1981 401 2044 iro,
422 1984 450 2037 et
465 1981 585 2037 evadere
600 1995 644 2037 se·
699 1984 726 2034 et
739 1980 786 2046 soe
813 1980 920 2035 bonum.
938 1977 1013 2036 Sicut
1040 1994 1098 2035 non
1121 1977 1228 2034 sufficit
1251 1978 1288 2035 ad

81 2041 209 2102 tentatem
225 2047 311 2104 futuri
323 2049 643 2131 judiciitQuasidirat:
699 2049 880 2106 sanationem
903 2048 1036 2122 sagittam
1061 2048 1208 2119 evellere,
1236 2050 1288 2107 sed

77 2103 169 2185 Nullus,
180 2117 377 2177 nisiamalrtia
386 2126 481 2179 vestra
493 2122 643 2192 recedatis,
698 2127 809 2193 oportet
832 2121 919 2179 ulceri
943 2121 1181 2178 medicamentum
1198 2136 1286 2193 appo·

72 2189 96 2241 et
108 2188 304 2261 paenitentiam
329 2191 448 2251 faciatis.
468 2193 544 2250 Licet
568 2193 643 2250 enim
698 2208 776 2249 nere.
794 2195 855 2250 Non
875 2198 971 2250 autem
994 2192 1062 2249 dicit
1087 2193 1221 2260 fructum,
1236 2192 1287 2249 sed

68 2251 170 2316 debitas
183 2261 413 2320 vestralateatin
426 2269 579 2336 conspectu
593 2280 643 2336 po·
698 2264 817 2333 tructus,
835 2264 945 2336 copiam
972 2262 1126 2334 designans
1146 2282 1155 2317 :
1185 2284 1199 2313 »
1226 2264 1287 2320 haec

63 2329 131 2459 guli,
145 2347 205 2388 non
219 2338 314 2390 tamen
330 2335 418 2392 latere
434 2336 537 2407 poterit
552 2337 581 2392 in
595 2337 642 2408 ju·
699 2336 915 2406 chrysostomus.
926 2337 1045 2414 Fructus
1059 2349 1125 2389 vero
1136 2332 1215 2401 dicit,
1229 2350 1287 2391 non

83 2400 134 2459 'cio
151 2404 214 2472 Dei,
228 2403 295 2475 quia
307 2411 374 2463 tunc
391 2413 474 2464 crunt
492 2407 644 2464 manifesta
698 2405 987 2477 qualescumque‚sed
996 2405 1097 2474 dignos
1109 2405 1217 2484 tructus
1228 2420 1286 2475 poe·

63 2473 230 2532 abscondita
243 2476 337 2532 cordis
354 2479 450 2534 vestri.
467 2479 512 2535 Sic
528 2495 577 2536 eos
595 2495 642 2535 ar·
698 2477 836 2546 nitentiae,
862 2476 891 2532 id
918 2481 971 2544 est,
996 2475 1149 2530 secundum
1172 2489 1285 2545 exigen-

63 2546 173 2618 guabat,
188 2552 249 2602 uta
264 2547 346 2604 malis
359 2549 417 2606 suis
432 2549 642 2632 resipiscentes,
699 2548 767 2604 tiam
776 2548 881 2619 culpae;
893 2553 934 2615 ut,
945 2545 1100 2626 secundum
1112 2545 1284 2625 (trepontum,

63 2630 108 2688 per
119 2617 229 2689 justam
244 2621 440 2689 poenitentiam
452 2621 536 2679 iuturi
544 2620 643 2693 judicii
699 2623 804 2690 quanto
822 2618 885 2689 quis
907 2631 1022 2688 gravius
1047 2622 1185 2687 peccavit,
1205 2621 1285 2696 tanto

63 2702 173 2748 toenam
201 2689 370 2759 evaderent;
393 2708 470 2762 narn,
486 2692 642 2750 secundum
698 2687 1284 2762 ampliusproqualrtateculpaepoeurteat;

63 2758 220 2830 mortum
249 2767 368 2818 ventura
390 2763 434 2819 ira
461 2768 504 2821 est
518 2768 644 2821 extrema
698 2766 815 2817 ettanto
827 2761 937 2834 majora
949 2765 1057 2831 quaerat
1068 2760 1208 2815 bonorum
1220 2775 1286 2830 ope·

63 2830 108 2888 lei
121 2830 259 2900 vindicta,
274 2848 359 2904 quarn
383 2839 450 2891 tunc
464 2836 561 2906 fugero
576 2851 642 2908 pec·
698 2848 761 2889 rum
776 2832 855 2889 lucra
877 2848 928 2904 per
952 2829 1161 2912 poenitentiam,
1177 2834 1285 2902 quanto

63 2905 136 2959 ator
150 2918 210 2958 non
225 2904 309 2972 valet,
319 2904 368 2977 qui
383 2908 504 2964 nuncad
519 2907 643 2963 lamenta
698 2903 829 2975 graviora
846 2903 900 2961 sibi
919 2902 1016 2960 intulit
1034 2903 1141 2959 damna
1163 2918 1215 2975 per
1229 2901 1286 2960 cul·

63 2972 232 3031 toenitentiae
262 2992 320 3032 non
347 2976 477 3035 recurrit.
506 2976 641 3035 Pharisaei
697 2991 773 3048 pam.
792 2977 869 3033 Unde
889 2975 918 3033 in
939 2973 1105 3048 Apocalypsi
1123 2990 1130 3029 :
1147 2975 1285 3042 Quantum

63 3042 190 3102 licuntur
207 3061 225 3101 a
242 3048 358 3115 Pbares,
374 3049 450 3120 quod
467 3055 510 3106 est
530 3051 642 3117 diruto,
696 3051 864 3118 olortfleouit
877 3065 915 3116 ae,
931 3053 957 3104 et
971 3050 1001 3102 tn
1015 3048 1124 3103 dediciis
1142 3049 1209 3115 soit,
1225 3053 1286 3102 ton·

63 3115 139 3189 [nasi
153 3117 190 3172 ab
205 3116 269 3174 aliis
278 3118 423 3189 divisi,vel
432 3135 461 3176 se
472 3120 641 3188 dividentes,
697 3124 755 3175 tum
780 3121 844 3176 dote
865 3122 911 3176 tltt
930 3124 1093 3176 tormentum
1117 3122 1143 3172 et
1170 3119 1284 3174 luctum.

63 3186 165 3245 seilicet
179 3189 343 3246 ludaeorum
356 3192 528 3261 sacerdotes,
548 3190 595 3263 qui
612 3191 641 3246 in
698 3191 749 3246 Ubi
765 3194 861 3246 Petrus
876 3194 977 3248 Cantor
989 3190 1155 3267 Porisiensts
1171 3207 1179 3241 :
1198 3209 1212 3238 «
1228 3188 1284 3268 Sed

63 3258 167 3327 nabitu,
183 3265 212 3315 et
226 3260 256 3316 in
272 3261 356 3330 victu,
377 3267 405 3318 et
419 3262 449 3318 in
463 3269 544 3335 gestu
559 3267 642 3319 erant
698 3261 765 3332 quid
780 3261 940 3318 faciendum
955 3259 1064 3315 irretito
1078 3257 1207 3329 plumbus
1219 3258 1286 3337 tacr-

63 3329 267 3403 podammooo
282 3332 406 3389 distincti
420 3336 457 3391 ab
480 3333 543 3390 aliis
557 3333 587 3389 in
602 3333 641 3390 si·
697 3331 825 3399 moribus,
843 3329 991 3387 confitenti
1019 3335 1114 3384 tamen
1137 3332 1165 3407 et
1191 3340 1285 3396 poem·

63 3414 144 3472 mum
156 3401 273 3473 majoris
287 3403 443 3475 religionis.
461 3405 589 3463 Saducaei
602 3405 643 3461 di·
696 3402 767 3458 tenti
781 3402 1034 3474 qualitercumque,
1059 3397 1166 3454 nolentr
1178 3401 1285 3479 'autem

63 3476 190 3530 nutura
212 3474 333 3545 Sadocb,
354 3476 433 3546 quasi
455 3476 539 3546 justi,
555 3476 599 3533 vel
614 3491 643 3532 se
697 3472 792 3530 subire
809 3488 880 3545 opus
906 3476 934 3528 et
960 3472 1083 3528 fructum
1109 3473 1285 3539 paenitentiae

63 3543 246 3614 estimantes,
254 3545 433 3618 quiquinque
442 3547 529 3605 libros
537 3549 642 3618 Moysis
697 3543 813 3615 dignum
829 3544 942 3616 culpaet
956 3544 1068 3624 Ergone
1085 3555 1149 3622 ase
1162 3539 1284 3613 repelle·

63 3612 206 3686 acipiunt,
234 3617 392 3689 Prophetas
420 3624 567 3691 respuunt,
595 3634 641 3675 re·
697 3624 740 3671 ret
749 3615 916 3672 charitatem
927 3630 979 3686 per
993 3618 1205 3686 impositionem
1218 3628 1285 3685 gra-

63 3686 260 3743 urreetionem
284 3694 313 3745 et
340 3690 464 3761 Angelos
488 3706 553 3747 esse
584 3705 642 3745 non
697 3685 983 3759 viorispoenitentiae,
999 3699 1136 3765 respuens
1155 3698 1219 3740 eam
1234 3700 1287 3766 per

63 3757 184 3814 sedunt.
210 3760 267 3815 llos
286 3776 409 3832 quoqne.
430 3760 478 3833 qui
499 3764 573 3817 inter
590 3763 640 3817 lu·
697 3758 825 3828 taedium,
839 3758 979 3816 modicam
992 3756 1017 3838 ei
1032 3756 1181 3837 injungere
1195 3771 1286 3828 poenr-

63 3826 266 3900 laeosmajores
277 3847 338 3887 esse
351 3831 531 3901 videbantur,
544 3831 642 3888 videns
696 3829 840 3887 tentiam?
856 3830 957 3886 Melius
971 3843 1047 3884 enim
1063 3832 1106 3884 est
1125 3831 1156 3883 ut
1173 3843 1201 3882 rn
1218 3843 1284 3898 pur·

63 3900 181 3957 'oannes
195 3901 232 3956 ad
247 3917 328 3957 snum
343 3906 442 3961 venire
457 3903 640 3975 baptismum,
697 3901 808 3973 galerio
832 3901 1001 3982 suppleatur·
1022 3898 1099 3982 quod
1125 3897 1219 3954 minua
1238 3897 1286 3955 hic

63 3984 102 4028 tos
125 3970 303 4044 increpabat,
324 3979 353 4030 et
374 3976 550 4031 confidenter
573 3974 642 4030 vitia
697 3971 802 4045 agitur,
821 3987 906 4045 quam
920 3972 983 4044 quis
994 3988 1023 4027 m
1036 3971 1150 4052 interno
1166 3975 1285 4026 aeterna·

63 4057 153 4099 orum
167 4059 302 4115 arguens,
311 4053 446 4118 utrosque
458 4045 604 4118 genimina
612 4049 642 4102 et
696 4044 762 4100 liter
787 4042 931 4116 puniatur.
955 4046 1011 4100 Aut
1029 4057 1118 4123 emm·
1135 4043 1221 4110 Dens,
1237 4044 1286 4097 aut

63 4114 207 4186 trogenies
226 4115 388 4187 viperarum
413 4119 556 4174 vocabat:
573 4115 641 4189 quia
696 4117 782 4172 homo
804 4113 895 4188 punit.
915 4115 971 4173 Sed
991 4113 1070 4187 quid,
1096 4128 1120 4168 s1
1140 4112 1287 4191 consessor

63 4200 192 4243 'euenum
208 4187 369 4259 hypocrisis
381 4193 411 4245 et
422 4187 531 4246 erroris
550 4186 640 4245 asnis
696 4187 766 4243 mibi
791 4203 850 4244 non
875 4185 1000 4269 injungit
1026 4185 1148 4241 fructum
1168 4181 1287 4261 dignum

63 4264 196 4316 raserunt
207 4258 451 4333 progenitoribus,
459 4266 487 4318 et
501 4258 568 4333 quia
582 4275 640 4317 ma·
695 4257 889 4333 penitentie,
908 4257 1016 4315 scilicet
1040 4269 1092 4326 pro
1124 4255 1288 4324 quantitate

1005 4528 1126 4568 Α
