2790 4912
356 110 398 163 ΒΕ
425 109 536 164 suavo
562 106 786 162 corrutionis
814 107 1036 165 athalarico.
1253 113 1300 168 351

52 215 279 277 fidesGentlum
287 212 364 272 estin
373 213 545 272 centurione
556 213 658 270 collau·

10 288 12 299 '
51 288 144 359 data,
158 288 210 346 sed
223 287 311 344 etiam
321 286 517 358 praetigurata.

102 367 120 430 4
141 362 230 417 liuius
250 374 397 414 occasroua
420 373 548 412 ruunrcrr
567 358 654 412 Dour·

50 449 118 489 rous
132 447 305 487 vocacioneu
320 429 444 485 Guarrmr
458 446 490 483 nr
505 430 657 485 Jnnnounu

52 519 304 561 maonarronnu.
331 499 480 566 -Unde,
506 497 657 556 occasione

56 579 188 658 accepta
209 590 243 630 ex
266 572 323 627 tide
339 571 425 642 hujus
446 569 575 639 Gentilis,
590 587 657 626 cou-

51 645 157 705 cludrt
181 648 211 701 et
229 641 359 716 praedicit
382 641 520 699 Dominus
538 658 657 697 conver·

48 715 177 774 sionem
201 720 230 771 et
251 713 430 770 vocationem
450 712 614 781 Gentilium,
630 719 658 769 et

55 801 102 843 ex
120 785 266 860 opposito,
284 784 392 841 scilieet
415 784 594 853 infidelitate,
609 800 657 840 rc-

53 857 269 929 probationem
307 856 490 923 Judaeorum,
519 855 616 911 dicens
649 872 657 910 :

55 930 168 1000 Amen,
186 928 216 984 id
236 934 279 985 est
296 926 431 989 lldeliter,
448 927 509 981 dico
530 930 559 982 et
583 942 657 998 prae-

57 999 132 1058 dico
145 1000 235 1064 uobis,
252 1000 335 1070 quod,
350 998 387 1054 ad
398 996 558 1069 exemplum
574 996 658 1054 istius

60 1066 101 1128 in
116 1087 171 1143 quo
201 1071 274 1127 fides
291 1069 425 1127 Gentium
444 1069 656 1141 praefiguratur,

58 1144 160 1207 matti,
174 1142 295 1199 sednon
311 1157 423 1206 omnes,
438 1140 505 1211 qnia
520 1156 578 1196 non
596 1156 657 1196 orn-

62 1225 124 1271 nes
135 1213 273 1271 obediunt
288 1212 454 1283 Evangelio,
465 1213 500 1266 ab
511 1212 619 1268 Oriente
632 1219 658 1268 et

69 1284 227 1348 Occidente,
247 1289 332 1354 atquc
351 1283 437 1340 etiam
455 1286 491 1340 ab
508 1284 610 1339 Austro
629 1288 659 1340 et

65 1355 222 1428 Aquilone,
243 1355 272 1412 id
284 1362 327 1412 est
339 1372 373 1411 ex
386 1354 464 1411 omui
482 1359 562 1426 parte
575 1371 656 1411 mun·

68 1426 148 1485 diet
168 1444 201 1486 ex
224 1427 300 1483 omni
326 1442 431 1498 genere
454 1425 597 1495 (lentium,
612 1442 657 1481 oe-

66 1500 147 1556 nien
159 1499 196 1556 ad
212 1499 299 1555 tidem
314 1504 342 1555 et
357 1497 495 1554 unitatem
512 1496 655 1555 Ecclesiae.

66 1564 161 1637 Unde,
187 1570 344 1627 secundum
362 1571 571 1638 Araqustinum,
596 1567 657 1625 istis

72 1638 181 1699 (limbus
202 1641 342 1713 partibus,
359 1640 467 1697 scilicet
492 1640 607 1698 Oriente
629 1646 658 1697 et

71 1710 235 1782 Occidente,
266 1716 342 1768 totus
372 1711 450 1769 orbis
477 1711 655 1782 designatur.

72 1779 148 1841 Unde
162 1786 216 1842 sub
237 1789 303 1855 typo
328 1783 461 1839 Ecclesiae
483 1783 591 1838 dictum
606 1783 657 1840 init

70 1854 179 1913 Jacob:
205 1855 376 1910 Ditetnberis
406 1855 444 1908 ed
471 1855 607 1911 Orientem
632 1860 657 1910 et

77 1923 249 1989 Occidentem,
265 1927 303 1981 ud
322 1927 545 1997 septemtrionem
564 1930 589 1980 et
603 1928 658 1981 Me-

75 1998 180 2055 ridiem.
198 1997 344 2054 linealiter
363 2002 469 2063 autem,
486 1996 522 2052 ab
542 1995 656 2054 Oriente

74 2068 197 2138 reniuut,
214 2069 262 2140 qui
286 2085 319 2124 ex
338 2067 565 2149 consideratione
578 2083 654 2194 pro·

74 2140 139 2210 priae
155 2144 266 2197 naturae
279 2139 322 2194 vel
335 2142 492 2194 nativitatis
507 2138 584 2194 humi
598 2155 657 2195 ran-

70 2214 126 2282 tur,
146 2212 191 2268 rel
215 2210 262 2282 qui
288 2209 485 2282 poeniteutiam
511 2216 600 2280 agunt
624 2209 656 2267 in

71 2297 124 2340 sua
140 2283 308 2355 juventute3
325 2282 360 2338 ab
380 2280 541 2344 Occidente,
557 2280 605 2353 qui
622 2297 655 2338 ex

70 2353 208 2411 memoria
236 2353 335 2409 mortis
357 2356 582 2420 convertuntur,
611 2353 655 2409 vel

70 2424 117 2496 qui
129 2424 330 2498 poenitentiam
341 2429 431 2495 agunt
446 2425 476 2479 in
491 2428 652 2493 senectutc;

68 2498 102 2554 ab
115 2499 233 2561 Austro,
247 2497 307 2567 qui,
323 2495 436 2551 larente
450 2494 652 2566 prosperitate,

67 2573 171 2625 vacant
205 2568 339 2639 operibus
366 2565 490 2638 pietatis,
522 2572 551 2622 et
578 2566 654 2623 inter

66 2654 205 2722 prospera
222 2643 336 2695 servant
355 2637 595 2709 temperantiam
616 2640 652 2695 ab

67 2711 219 2782 Aquilone,
240 2709 297 2781 qni,
324 2709 493 2766 necessitate
522 2715 652 2780 urgente,

66 2788 309 2854 compunguntur,
325 2787 353 2836 et
368 2780 443 2836 inter
460 2780 580 2836 adversa
595 2796 653 2837 ser-

66 2861 136 2909 rant
150 2853 328 2925 patientiam.
350 2854 389 2908 Ue
407 2851 451 2907 bis
465 2850 541 2908 enim
557 2851 651 2908 omni-

67 2923 120 2980 bus
147 2923 236 2994 aliqui
264 2923 460 2979 salvabuntur.
483 2926 520 2978 lit
544 2939 652 2979 recum·

68 2995 141 3058 lent,
156 2995 185 3051 id
201 3000 243 3050 est
254 2993 373 3050 feliciter
387 2993 576 3065 requiescent,
592 3010 650 3051 non

67 3065 221 3122 carnaliter
239 3066 378 3137 jacentes,
394 3065 444 3121 sed
466 3064 651 3136 spiritualiter

65 3141 231 3210 pausantes,
261 3154 321 3193 enm
348 3137 651 3198 abrahamitarum

65 3209 161 3273 Jacob,
178 3224 299 3290 quorum
315 3208 400 3264 fidem
413 3206 515 3288 imitati
526 3212 602 3289 sunt,
623 3213 652 3265 et

65 3295 131 3336 cum
145 3279 210 3337 aliis
222 3279 356 3336 fidelibus
370 3285 398 3335 et
413 3278 511 3335 amicis
522 3295 604 3348 mers,
621 3283 651 3335 in

64 3367 149 3421 reqno
168 3354 291 3407 cetorum
310 3355 339 3406 et
358 3351 512 3422 justorum,
529 3349 577 3406 ubi
603 3351 651 3407 lux

65 3428 94 3478 et
108 3422 211 3494 gloria,
223 3428 251 3478 et
263 3422 428 3494 longaevitas
443 3420 509 3477 vite
522 3425 649 3490 aeterne,

64 3499 94 3551 et
112 3495 329 3550 omnebonum.
350 3494 505 3562 Abraham,
526 3496 605 3549 lsaac
622 3498 650 3549 et

63 3566 154 3622 Jacob
175 3564 338 3647 specialiter
363 3563 558 3632 nominantur,
583 3564 651 3636 quia

65 3634 130 3692 istis
155 3635 351 3709 principaliter
373 3636 447 3692 iacta
465 3643 510 3692 est
530 3635 652 3708 promis-

64 3705 109 3763 sio
128 3706 165 3765 de
180 3714 257 3765 terra
277 3706 483 3779 promissionis,
499 3722 650 3778 perquam

64 3777 161 3850 patria
188 3781 336 3836 beatorum
366 3778 554 3849 significatur.
583 3781 651 3835 Filii

65 3855 158 3906 antem
171 3855 261 3920 reqni,
278 3851 365 3906 idest
382 3849 485 3918 Judaei,
501 3849 530 3904 in
547 3849 650 3921 quibus

65 3923 207 3993 regnabat
229 3924 312 3986 Deus,
331 3922 374 3976 rel
398 3921 450 3976 lilii
474 3921 553 3993 regni
569 3937 651 3978 voca·

66 3991 158 4060 tione,
174 4009 233 4049 nou
261 3991 417 4060 electione;
447 3990 647 4063 promissione,

66 4078 125 4121 non
141 4065 362 4133 consecutione;
379 4080 431 4120 sua
455 4066 646 4136 reputatione,

711 229 768 270 uon
784 230 833 283 re;
851 214 898 286 qui
914 230 965 287 pro
980 232 1068 288 regno
1085 218 1218 276 habendo
1229 218 1298 277 facti

713 286 838 355 luerunt,
852 286 902 343 sed
915 303 944 343 se
955 287 1087 359 indignos
1099 289 1299 363 reddiderunt,

712 357 867 426 ejicientur,
881 374 898 414 a
917 357 988 414 iacie
1016 366 1045 415 et
1070 360 1179 418 visione
1194 361 1256 432 Dei,
1269 365 1301 419 in

713 430 838 484 tenebras
852 433 1009 496 exteriores,
1027 431 1094 502 quia
1108 432 1136 487 iu
1153 449 1183 489 se
1193 434 1302 490 habent

712 498 878 568 interiores;
897 503 1020 557 tenebrae
1039 503 1139 573 primae
1158 509 1226 561 sunt
1240 504 1302 561 cul·

712 587 766 641 pce,
783 570 957 628 alienantem
977 579 1044 628 sunt
1054 577 1203 644 gehenne.
1220 577 1302 647 Nam,

712 642 868 698 secundum
891 644 1063 711 Creporinm,
1079 645 1233 703 interiores
1257 651 1304 704 te·

713 714 809 770 nebrae
829 718 896 768 sunt
918 715 1031 771 caecitas
1057 718 1179 774 mentis:
1198 717 1305 775 exteri-

713 800 788 849 ores,
805 788 912 839 aeterna
932 802 987 841 nox
1010 788 1214 846 damnationis.
1232 789 1300 847 ldeo

712 861 807 911 autem
825 854 960 912 dicuntur
982 857 1018 914 ibi
1035 875 1097 916 esse
1111 862 1238 921 tenebre
1255 877 1300 918 ex-

713 926 842 994 teriores,
858 926 926 998 quia
950 927 1016 984 licet
1040 929 1077 985 ibi
1104 934 1141 987 sit
1156 932 1239 1002 ignis,
1254 937 1298 989 ta-

714 1014 845 1053 mennon
859 999 977 1055 lueetad
998 1002 1207 1058 ostendendum
1222 1005 1299 1060 dam·

711 1068 1298 1145 natisaliquidadeorumconsolationem,

713 1141 762 1196 sed
787 1140 824 1196 ad
854 1157 952 1197 eorum
976 1142 1192 1200 desolationem.
1217 1144 1298 1203 Unde

712 1212 853 1267 Isidorus:
864 1214 1108 1283 «lgnisgehenncu
1124 1215 1229 1273 lucebit
1244 1215 1298 1272 mi-

713 1282 1299 1357 seris,arlnriserireaugmentum,utvide·

712 1361 763 1409 ant
779 1354 854 1410 unde
871 1355 999 1424 doleant;
1016 1374 1071 1412 non
1092 1357 1128 1413 ad
1147 1359 1299 1416 consolati·

713 1440 808 1491 onem,
824 1431 856 1480 ut
883 1426 996 1483 videant
1023 1429 1098 1484 unde
1112 1431 1267 1501 gaudeant.
1282 1450 1297 1482 e

714 1497 1298 1570 Subditautemzlbieritttetusoculorum,

713 1584 746 1622 ex
765 1568 842 1623 imno
853 1575 881 1624 et
896 1570 989 1626 calore
1001 1569 1084 1641 ignis,
1094 1588 1127 1628 eo
1137 1572 1212 1643 quod
1223 1589 1300 1629 mors

713 1638 828 1694 intravit
849 1656 900 1711 per
915 1642 1065 1710 fenestras,
1082 1643 1147 1714 quia
1161 1660 1218 1700 nou
1234 1643 1300 1700 licet

712 1709 829 1778 intueri,
843 1710 920 1782 quod
948 1729 1004 1767 non
1033 1713 1097 1769 licet
1117 1714 1296 1787 concupisci;

712 1787 738 1837 et
760 1783 865 1837 stridor
886 1784 1011 1838 dentium
1036 1801 1069 1840 ex
1092 1785 1209 1857 frigore,
1231 1784 1299 1857 quia

712 1852 758 1908 hic
777 1854 939 1924 gaudebant
952 1855 987 1911 de
1003 1856 1153 1913 edacitate.
1168 1857 1229 1924 Vel,
1243 1858 1297 1913 tle·

712 1930 758 1980 tus
785 1941 817 1980 ea
848 1926 979 1997 angustia
1003 1927 1101 1995 animi,
1129 1928 1235 1985 stridor
1262 1945 1296 1985 ex

711 1996 886 2068 indignantis
901 1998 1014 2066 allecte,
1028 2016 1061 2054 eo
1078 2001 1154 2070 quod
1165 2016 1229 2056 sero
1242 2016 1299 2072 poe·

712 2067 859 2123 nituerunt
883 2069 918 2124 de
938 2075 1074 2139 peccato:
1095 2077 1123 2125 et
1137 2070 1166 2125 iu
1183 2072 1236 2127 hoe
1251 2086 1297 2127 os·

711 2138 836 2193 tenditur
852 2144 1061 2194 tormentorum
1081 2141 1260 2211 magnitudo.

747 2214 761 2263 5
779 2210 882 2264 Sunvns
907 2210 1089 2266 Currunroars
1114 2229 1246 2268 sanarer.
1262 2243 1298 2254 -

709 2282 745 2334 Et
760 2280 835 2335 dicit
846 2283 924 2334 lesus
941 2282 1108 2352 centurioni,
1127 2281 1234 2338 scilieet
1248 2298 1300 2354 per

710 2350 898 2406 internuntios
909 2353 1085 2423 supradictos
1097 2371 1103 2408 :
1120 2354 1206 2422 Vade,
1218 2353 1301 2410 idest

709 2438 826 2479 securus
848 2423 1010 2493 revertaris,
1036 2431 1062 2478 et
1082 2428 1153 2479 sieut
1176 2425 1302 2496 perlecta

710 2494 865 2561 credidisti,
891 2494 931 2549 sic
949 2499 999 2564 not
1025 2497 1086 2558 tibi,
1104 2495 1132 2551 in
1152 2495 1300 2553 sanatione

709 2564 783 2621 servi
799 2565 858 2633 tui;
878 2572 909 2621 ut
921 2565 994 2622 sicut
1011 2582 1062 2637 per
1081 2565 1196 2623 nuntios
1210 2582 1304 2624 acces·

709 2636 791 2705 sisse,
820 2636 860 2692 sie
887 2644 915 2693 et
945 2653 997 2708 per
1025 2639 1140 2694 nuntios
1171 2655 1302 2696 reversus

709 2709 795 2765 luisse
828 2707 1013 2779 intelligatur.
1047 2709 1098 2766 Ubi
1134 2712 1265 2767 lichenas
1294 2730 1302 2766 :

710 2799 723 2831 «
746 2779 822 2836 ridel
850 2781 952 2837 merito
977 2781 1101 2837 ostendit
1135 2781 1304 2854 impetrasse

709 2851 829 2907 salutem
847 2868 940 2921 servo,
962 2858 991 2909 ut
1014 2853 1081 2910 ridel
1100 2855 1189 2910 robur
1212 2853 1303 2926 magis

707 2922 737 2978 in
763 2939 797 2979 eo
826 2930 1011 2993 accresceret,
1044 2942 1099 2995 qno
1127 2925 1303 2998 prospiceret

708 2997 1302 3066 quecumquevelletperillamimpetrasse

707 3081 737 3121 se
751 3082 843 3137 posse.
860 3086 874 3117 o
888 3070 923 3121 Et
936 3072 1051 3122 senatus
1065 3073 1105 3121 est
1116 3084 1197 3137 puer,
1214 3068 1300 3124 verbo

707 3136 809 3193 Christi
837 3137 972 3204 absentis,
998 3141 1027 3192 in
1050 3140 1101 3192 itin
1130 3139 1207 3205 horn,
1232 3136 1301 3263 ‹puia

706 3208 834 3265 Christus
862 3207 978 3278 protulit
1006 3209 1059 3263 hoc
1086 3209 1215 3276 verbum,
1249 3209 1301 3278 iat,

707 3295 763 3350 quo
778 3278 864 3334 etiam
880 3279 966 3334 verbo
981 3278 1078 3334 omnia
1101 3284 1196 3335 creata
1216 3285 1302 3349 sunt;

706 3355 738 3406 ut
760 3350 831 3405 fides
850 3349 1031 3407 centurionis
1052 3350 1257 3420 verificaretur,
1274 3355 1304 3408 et

706 3420 833 3492 potentia
852 3420 967 3490 Christi,
985 3437 1069 3491 quam
1088 3421 1220 3478 Centurio
1238 3438 1304 3479 con·

705 3494 798 3548 lessus
814 3492 917 3560 luerat,
929 3509 963 3548 ex
982 3508 1069 3563 opere
1088 3495 1238 3550 subsecuto
1253 3509 1305 3567 pa·

706 3568 788 3620 teret.
806 3563 920 3620 Dixerat
934 3563 1009 3619 enim
1030 3564 1177 3633 Centurio,
1191 3571 1220 3620 et
1235 3582 1303 3624 con·

705 3635 798 3691 lessus
811 3640 891 3691 erat:
908 3637 963 3693 Seri
979 3642 1087 3690 initium
1100 3636 1146 3691 dic
1163 3638 1255 3702 verbo,
1276 3643 1303 3696 et

705 3707 852 3762 sanabitur
865 3723 935 3778 puer
952 3723 1046 3773 rneus;
1072 3711 1100 3762 ct
1119 3708 1246 3766 Christus
1261 3709 1303 3767 di·

705 3777 755 3846 xit,
771 3785 799 3834 et
813 3794 899 3849 opere
916 3779 1076 3904 complevit.
1091 3780 1170 3836 Unde
1186 3782 1302 3851 Chryso-

705 3855 825 3905 stomus:
841 3875 853 3898 a
870 3851 921 3905 Ulri
946 3867 980 3905 ve
993 3850 1125 3907 critatem
1148 3851 1301 3923 admirare,

706 3936 799 3992 neque
813 3919 889 3977 enim
902 3920 992 3976 solum
1014 3939 1124 3991 curare,
1143 3922 1193 3978 sed
1208 3923 1301 4049 inopi·

705 3997 771 4048 nate
787 3998 815 4048 et
829 3991 857 4047 in
875 4000 1017 4050 momento
1032 3995 1169 4067 temporis
1185 3995 1238 4049 hoc
1289 4024 1300 4036 ·

703 4080 779 4136 cere,
799 4063 930 4121 virtutem
957 4065 1061 4122 Christi
1087 4065 1300 4122 ostendebat.»
