2790 4912
116 379 161 436 lat
502 380 615 434 lulum
642 379 759 433 Pluris
787 379 892 433 oleon
918 379 963 431 XV

116 484 174 544 illis
195 503 201 542 :
224 508 237 536 u
259 485 373 552 Mirare,
399 484 502 565 inquit,
527 491 659 556 utraque,
677 488 705 539 el

116 558 190 641 elige
213 557 242 613 id
263 557 339 629 qued
360 556 481 627 amphus
507 556 630 623 mireris,
646 555 705 611 sive

116 628 179 687 Filii
189 627 421 701 benignissimam
433 627 638 697 dignationem,
646 627 704 683 sive

118 700 218 759 blateis
240 698 505 756 excellentissimam
526 698 703 770 dignitatem.

115 774 271 842 Utrumque
287 778 395 842 stupor,
411 778 563 842 utrumque
578 770 705 826 miracu·

115 843 191 901 lum!
208 842 287 910 Quod
300 841 413 898 semina
428 844 502 898 Deus
516 844 703 913 obtemperet,

115 913 264 973 humilitas
277 915 386 985 absque
405 914 552 985 exemplo;
569 914 644 985 quod
663 914 703 968 le·

115 985 195 1043 mina
231 987 288 1041 [leo
317 985 516 1057 principetur,
545 983 704 1041 sublimitas

117 1056 182 1114 sine
197 1059 284 1113 socio.
301 1077 315 1105 n
331 1059 365 1113 Et
378 1056 473 1113 subdit
484 1075 491 1112 :
502 1078 517 1108 (ι
530 1056 610 1113 bisce
623 1071 703 1126 erge,

117 1129 216 1197 hemo,
237 1127 369 1196 obedire;
387 1129 475 1197 disce,
493 1132 580 1197 terra,
602 1128 702 1195 subdi;

117 1198 205 1269 disce,
222 1200 546 1272 pluvis,obtemperare;
557 1201 703 1268 ambesus,

113 1272 236 1344 superbe
248 1271 328 1327 cinis.
346 1273 422 1327 Deus
436 1288 466 1327 se
481 1271 623 1339 humiliat,
636 1276 663 1326 et
674 1275 704 1326 tu

115 1348 144 1402 te
158 1344 279 1411 exaltas;
290 1344 364 1399 Deus
375 1360 405 1399 se
417 1341 582 1400 bominibus
597 1341 703 1410 subdit,

117 1420 146 1472 et
165 1419 196 1471 tu
215 1414 357 1471 dominari
381 1414 507 1487 gestiens
529 1413 702 1483 hominibus,

114 1490 165 1544 tuo
196 1489 223 1542 le
254 1485 397 1568 praeponis
425 1485 555 1542 Auctoril
588 1485 705 1553 Quoties

116 1558 193 1615 enim
219 1558 383 1614 bominibus
410 1573 533 1629 praesse
560 1558 702 1625 desidere,

115 1629 199 1686 toties
217 1631 305 1686 Deum
320 1628 422 1700 praeire
433 1628 584 1695 contendo,
597 1634 623 1683 et
636 1634 704 1684 tune

117 1714 184 1758 vere
202 1716 260 1755 non
275 1700 354 1770 sapio
374 1716 408 1755 ea
429 1715 491 1770 quae
512 1699 561 1755 [lei
579 1704 668 1755 sunt:
689 1718 703 1751 u

115 1772 178 1828 baee
199 1772 365 1827 Bernartius
389 1772 423 1826 El
448 1780 515 1826 nota
537 1770 612 1842 quod
629 1769 704 1827 illius

116 1843 207 1900 multa
237 1843 322 1899 debet
348 1840 514 1914 parentibus
546 1859 553 1897 ε
586 1841 703 1913 primo,

117 1927 244 1970 amorem
266 1912 378 1981 cordis;
402 1912 538 1979 secundo,
564 1913 704 1969 honorem

119 1984 229 2056 operis;
251 1985 346 2052 tertio,
363 1984 391 2039 in
410 1983 578 2040 necessariis
593 1990 704 2041 susten·

116 2054 270 2122 tationem;
286 2061 397 2126 (quarto,
413 2055 442 2111 in
458 2055 601 2126 obsequiis
617 2057 705 2113 samu·

118 2125 270 2193 lationem3
299 2126 423 2197 quinto,
453 2127 642 2183 reverentiam
675 2128 704 2183 in

118 2195 232 2265 verbis3
249 2204 338 2268 sexto,
359 2196 550 2254 obedientiam
571 2198 600 2253 in
620 2200 722 2275 bone-0

118 2268 188 2337 slie;
216 2272 347 2340 septimo,
370 2270 482 2325 venium
510 2270 540 2325 in
565 2270 702 2339 eliensis3

116 2346 227 2408 octavo,
244 2340 425 2397 tolerantiam
439 2340 467 2395 in
488 2341 624 2398 adversis.

157 2416 188 2469 15
210 2413 341 2469 Cuirrsrus
368 2429 531 2468 ununronssn
558 2430 705 2471 assaturae

117 2498 146 2541 m
160 2500 212 2540 noc
225 2502 332 2540 rnrncro.
349 2516 384 2526 -
404 2485 459 2541 Sed
474 2485 542 2557 quid
557 2486 623 2542 lecit
635 2502 706 2557 puer

115 2558 211 2624 lesus,
231 2556 260 2612 in
280 2556 328 2613 illo
345 2555 458 2613 triduo?
475 2557 611 2640 Conspiee
628 2574 703 2627 eum,

116 2629 232 2685 attende
252 2628 393 2699 quomedo
411 2646 441 2685 se
463 2630 500 2686 ad
519 2630 635 2701 aliquod
653 2630 704 2685 bo·

117 2699 219 2771 spitale
233 2716 392 2772 pauperum
408 2700 526 2767 reducit,
538 2706 566 2757 et
577 2717 641 2757 enm
656 2716 704 2756 ve·

116 2770 255 2826 recundia
269 2788 299 2826 se
318 2771 357 2825 ibi
374 2771 509 2842 hospitari
526 2772 607 2843 petit,
621 2779 650 2828 et
664 2771 703 2827 ibi

117 2855 182 2898 eum
197 2841 371 2912 pauperibus
384 2844 467 2898 lesus
485 2858 593 2914 pauper
607 2844 702 2914 bospi-

116 2913 205 2976 tatur,
235 2917 263 2966 et
292 2912 422 2967 concedit.
451 2913 591 2969 blendieat
618 2915 703 2970 etiam

118 2981 243 3038 ostiatim
252 2998 315 3036 curn
328 2982 428 3038 iisdem
438 2984 703 3066 pauperibus,quod

118 3056 148 3109 et
166 3052 237 3108 alias
256 3053 427 3124 quandoque
451 3055 550 3110 fecisse
568 3057 702 3112 creditur.

118 3124 199 3180 Unde
217 3125 384 3183 Bernartius.
401 3126 453 3180 hoc
469 3142 601 3195 quaerens
618 3143 635 3183 a
652 3130 705 3183 Do·

118 3192 207 3261 mine,
221 3211 284 3251 eum
304 3195 344 3252 sic
354 3195 506 3267 alloquitur
521 3215 528 3252 :
546 3220 560 3249 c
575 3199 703 3266 Domine,

118 3264 222 3338 iuquit,
234 3266 296 3338 quis
305 3272 331 3323 te
344 3267 372 3323 in
382 3268 475 3325 triduo
487 3269 656 3325 sustentavit
665 3272 678 3326 l
688 3291 704 3321 »

119 3336 154 3395 lit
180 3339 333 3411 respondet
357 3339 488 3409 sibimet,
512 3341 552 3398 sie
579 3340 703 3397 dicens:

119 3430 135 3462 «
151 3412 186 3467 Ut
199 3418 237 3480 te,
255 3411 372 3467 Domine
384 3415 451 3469 lesu
464 3413 585 3481 Christe,
601 3419 705 3469 nostrae

117 3483 276 3553 paupertati
300 3499 351 3554 per
375 3484 471 3540 omnia
498 3486 703 3553 eorilbrmares,

118 3553 198 3622 quasi
222 3569 293 3607 unus
317 3554 346 3608 in
369 3557 451 3611 turba
477 3572 633 3628 pauperum
657 3556 706 3613 sti·

117 3622 223 3694 pendia
236 3638 288 3748 ger
303 3625 375 3680 ostia
386 3626 553 3683 mendicans
566 3628 702 3699 quaesisti.

119 3692 187 3762 Quis
203 3694 239 3749 da
261 3693 282 3749 it
297 3695 365 3750 mihi
386 3699 573 3754 buccellarum
592 3699 704 3756 illarum

119 3764 343 3822 mendicatarum
371 3769 537 3848 participem
563 3770 648 3840 fleri,
678 3775 706 3826 et

117 3834 193 3892 illius
206 3837 277 3892 sacri
294 3837 378 3894 edulii
394 3841 521 3912 reliquiis
535 3841 703 3923 saginari‘l»

120 3907 182 3964 haee
210 3910 376 3966 Bernartius.
408 3942 442 3951 —
475 3914 611 3985 Consprce
639 3928 704 3969 etim

119 3977 206 4035 etiam
232 3978 306 4059 inter
325 3980 465 4051 doctores,
483 3986 562 4040 vulin
582 3985 704 4056 placido,

119 4049 239 4121 sapienti
267 4056 293 4106 el
328 4054 478 4122 reverenti,
508 4061 534 4111 et
562 4057 704 4127 quomodo

117 4134 168 4178 eos
183 4121 263 4193 quasi
278 4121 412 4192 ignorans
426 4124 591 4208 interrogat,
608 4134 635 4185 el
653 4144 704 4183 au-

117 4190 177 4249 dit:
207 4195 262 4250 uod
279 4209 310 4249 ex
322 4193 480 4251 humilitate
493 4197 570 4265 facit,
579 4204 607 4255 et
618 4198 704 4255 etiam

116 4276 154 4321 ne
177 4210 219 4321 iiii
244 4280 329 4336 super
356 4265 535 4325 mirabilibus
560 4270 705 4343 responsis

117 4335 181 4408 ejus
198 4337 469 4396 verecundarentur.

798 488 829 540 16
844 485 1082 551 Maisaimaneis
1096 499 1226 539 noranuna
1236 498 1361 538 nomm

760 557 1031 612 Demonassae-
1047 554 1241 612 Considerare
1255 559 1353 611 aulem

759 632 840 700 potes
851 625 998 683 munditer
1006 624 1036 682 in
1047 626 1192 698 praedietis
1200 625 1258 681 tria
1268 625 1360 683 valde·

759 698 905 754 notabilia.
923 697 1049 755 Primum
1063 703 1117 767 est,
1134 698 1211 769 quod
1227 695 1353 768 quivult

759 771 817 826 Dee
832 770 990 839 adhaerere,
1009 785 1066 825 non
1081 769 1166 826 debet
1182 769 1262 825 inter
1277 784 1349 826 eon·

759 841 929 914 sanguineos
945 840 1117 909 conversari,
1133 841 1183 897 sed
1199 839 1297 912 potius
1312 841 1348 898 ab

759 912 800 969 eis
815 912 970 969 discedere.
989 914 1058 968 Nam
1075 918 1103 969 el
1117 927 1188 984 puer
1202 915 1218 968 J
1222 928 1288 969 esus
1301 911 1347 968 di-

760 984 838 1040 misit
864 1000 882 1040 a
908 1001 938 1041 se
963 983 1177 1040 dilectissimam
1203 985 1344 1051 llatrem,

760 1071 823 1112 curn
836 1055 969 1126 operibus
980 1055 1072 1111 Patris
1084 1055 1235 1112 intendere
1246 1055 1344 1123 voluit,

759 1143 793 1183 ae
816 1127 902 1183 etiam
929 1132 1027 1198 postea
1054 1126 1129 1183 inter
1154 1130 1295 1197 cognatos
1319 1134 1346 1183 et

759 1203 843 1255 notos
869 1199 1004 1269 quaesilus
1024 1198 1156 1255 inventus
1184 1214 1245 1254 non
1270 1197 1342 1266 orit,

760 1271 826 1341 quia
841 1286 908 1326 caro
920 1276 949 1326 et
963 1269 1080 1343 sanguis
1090 1285 1154 1327 eum
1170 1285 1230 1325 non
1241 1269 1344 1326 reuela-

759 1341 808 1409 vit,
821 1358 873 1398 nee
885 1341 1027 1398 invenitur
1037 1341 1066 1397 in
1079 1341 1185 1398 carnali
1199 1340 1340 1398 societate.

760 1414 839 1470 Unde
853 1414 1011 1469 aerearum
1026 1430 1033 1468 :
1056 1435 1070 1463 «
1086 1415 1160 1469 Puer
1175 1415 1259 1469 lesus
1273 1412 1349 1469 inter

760 1490 895 1556 cognatos
908 1491 936 1540 et
950 1490 1034 1541 notos
1047 1483 1192 1555 quaritur,
1207 1499 1260 1541 nec
1271 1483 1345 1540 inve·

760 1556 846 1613 uitur.
855 1558 929 1626 Fuge
938 1557 1041 1612 iratres
1050 1561 1124 1624 tuos,
1136 1560 1163 1612 el
1177 1561 1219 1622 tu,
1231 1556 1254 1611 si
1268 1561 1341 1612 mam

760 1627 802 1684 ris
823 1627 953 1684 invenire
978 1628 1113 1697 salutem;
1138 1633 1164 1683 et
1188 1629 1344 1683 obliubeee

757 1702 892 1771 populum
907 1705 994 1764 tuum,
1009 1706 1036 1754 et
1059 1700 1169 1754 menum
1187 1702 1279 1771 patrie
1293 1701 1340 1761 aa,

760 1776 787 1826 et
800 1773 971 1842 concupiscet
984 1787 1035 1826 rea
1047 1772 1168 1826 decerem
1181 1776 1269 1826 acum.
1284 1790 1296 1819 ι
1310 1771 1344 1826 Et

759 1841 862 1899 iterum
872 1860 879 1896 ε
890 1842 938 1899 «0
954 1844 1026 1899 bone
1039 1844 1116 1909 lesu,
1133 1841 1155 1897 si
1171 1858 1229 1897 non
1244 1841 1341 1897 inven-

760 1919 805 1970 tus
828 1930 858 1969 es
874 1913 948 1969 inter
962 1918 1097 1986 cogitatus
1111 1929 1188 1979 suos,
1203 1913 1341 1983 quomodo

759 1990 788 2042 te
802 1984 944 2041 inveniam
959 1985 1035 2041 inter
1057 1984 1155 2041 meos?
1172 1982 1300 2051 Qualiter
1315 1988 1342 2040 le

760 2056 902 2113 inueniam
922 2058 950 2111 in
964 2056 1078 2128 gaudio,
1095 2072 1178 2128 quem
1196 2054 1242 2110 vix
1257 2056 1347 2111 blaten

761 2133 810 2184 tua
833 2129 933 2184 delens
961 2128 1093 2185 invenit?
1116 2150 1130 2177 u
1147 2129 1209 2184 haec
1232 2130 1345 2183 Bemm-

760 2201 822 2255 clue.
839 2202 895 2256 Nec
911 2199 1033 2256 inveniri
1050 2203 1144 2271 petest
1166 2199 1196 2254 in
1211 2199 1343 2255 comitatu

761 2271 932 2338 mullorum3
965 2271 1032 2343 quia
1061 2287 1117 2327 non
1143 2269 1291 2327 invenitur
1316 2269 1344 2325 in

760 2342 967 2413 multiplicitate
990 2343 1211 2410 mundanorum,
1238 2341 1290 2399 sed
1317 2340 1343 2397 in

759 2413 860 2470 intimo
876 2414 961 2470 eorde
974 2414 1087 2481 mentis,
1101 2414 1147 2469 ubi
1164 2413 1214 2470 Dei
1225 2419 1351 2470 esttem·

759 2485 846 2557 plum.
864 2516 898 2525 -
914 2485 1085 2551 Secundum,
1101 2485 1177 2555 quod
1195 2485 1245 2556 qui
1261 2483 1342 2557 spiri·

759 2557 875 2613 tualiler
888 2555 966 2623 vivit,
976 2573 1031 2612 non
1048 2556 1168 2612 miretur
1179 2555 1201 2611 si
1218 2556 1347 2628 aliquan·

759 2627 1146 2684 domentearidaremanens
1156 2627 1342 2684 videatursibi

759 2700 834 2770 quod
847 2717 865 2756 a
879 2701 936 2755 Deo
954 2699 1105 2756 derelictus
1118 2698 1164 2767 sit,
1181 2715 1246 2756 eum
1264 2698 1349 2756 etiam

734 2782 739 2789 '
760 2772 811 2827 hoc
824 2770 905 2827 ltlatri
917 2770 1029 2826 Domini
1039 2770 1199 2843 contigerit.
1210 2773 1272 2827 Non
1281 2786 1348 2842 ergo

758 2849 853 2898 mente
872 2843 1010 2910 tabescat,
1038 2843 1087 2899 scd
1110 2857 1162 2913 per
1182 2841 1348 2899 continuum

758 2913 921 2970 exercitium
932 2913 1061 2970 insacris
1074 2912 1308 2971 meditationibus
1322 2918 1350 2971 et

758 2985 945 3051 erationibus,
960 3001 992 3040 ac
1012 2985 1092 3041 bonis
1115 2984 1251 3056 operibus
1264 2986 1353 3057 persi-

759 3058 860 3113 slendo
873 3056 1024 3127 diligenter
1034 3072 1098 3113 eum
1111 3062 1233 3126 quaeat,
1245 3063 1273 3114 et
1285 3070 1349 3114 eum

759 3128 782 3184 si
805 3128 942 3184 sollicitus
967 3128 1061 3197 suerit,
1082 3127 1249 3184 reinveniet.
1270 3131 1356 3195 liam,

760 3201 914 3256 secundum
925 3199 1077 3268 Ociqmcm.
1090 3205 1202 3282 oportet
1217 3214 1294 3267 eum,
1303 3198 1349 3271 qui

759 3271 1351 3342 quaeritlesum,nonnegligenteretdisso·

759 3344 817 3398 lule
836 3342 970 3410 transire,
986 3342 1058 3399 sicut
1075 3342 1154 3398 multi
1172 3346 1307 3413 quaamnt
1322 3346 1349 3398 et

759 3430 817 3470 non
833 3413 991 3480 inveniunt,
1006 3415 1055 3469 sed
1071 3429 1134 3470 cum
1147 3414 1249 3470 labore
1263 3418 1292 3470 et
1302 3413 1349 3469 do

759 3486 829 3541 lore.
849 3486 930 3541 Unde
947 3486 1106 3541 bernardus
1119 3504 1128 3541 .·
1146 3503 1160 3537 c
1174 3484 1202 3541 Si
1217 3486 1355 3551 nolumus-

758 3558 864 3613 lrustra
875 3572 1012 3629 quaerere,
1024 3571 1186 3628 queramus
1200 3555 1347 3622 veraciter,

758 3633 864 3686 utnon
882 3644 934 3699 pro
954 3628 1002 3684 ille
1025 3628 1121 3696 aliud;
1145 3628 1300 3697 ferventer,
1318 3630 1348 3683 ut

759 3716 817 3756 non
840 3715 902 3755 cum
927 3699 976 3756 illo
1000 3698 1095 3767 aliud;
1120 3703 1346 3771 perseveranter,

759 3776 860 3827 utnon
877 3773 912 3828 ab
928 3769 975 3827 ille
990 3771 1025 3827 ad
1041 3770 1118 3827 aliud
1135 3776 1345 3827 convertamur.

759 3842 880 3899 Facilius
889 3841 966 3899 enim
980 3843 1082 3899 coelum
1097 3847 1126 3898 et
1137 3847 1216 3898 terra
1226 3840 1348 3899 transire

759 3919 887 3996 possunt,
910 3930 996 3986 quam
1017 3920 1046 3970 ut
1070 3913 1110 3968 sic
1134 3928 1269 3985 quaerens
1292 3928 1346 3970 non

759 3986 896 4055 inveniat,
913 3986 952 4043 sie
967 3992 1066 4057 petens
1083 4001 1139 4040 non
1155 3984 1289 4068 accipiat,
1308 3983 1347 4040 sie

760 4056 881 4128 pulsanti
896 4074 951 4114 non
963 4059 1117 4185 aperiatur.
1133 4077 1148 4107 u
1163 4086 1198 4098 -
1210 4057 1345 4121 Tertium,

761 4129 836 4200 quod
864 4145 922 4185 non
947 4129 982 4186 de
1003 4134 1032 4184 et
1058 4128 1122 4200 quis
1148 4143 1211 4184 esse
1239 4143 1292 4200 pro
1312 4125 1344 4183 rii

760 4216 871 4268 sensus,
887 4200 930 4257 vel
950 4199 1072 4272 propriae
1095 4199 1262 4256 voluntatis.
1277 4230 1287 4256 ι
1301 4212 1348 4255 am

761 4288 825 4328 eum
834 4271 970 4329 Dominus
983 4274 1066 4329 lesus
1078 4271 1204 4340 dixisset,
1216 4274 1353 4344 opertere

760 4358 827 4400 eum
846 4343 978 4416 operibus
992 4342 1085 4400 Patris
1106 4342 1269 4413 intendere,
1283 4354 1350 4399 mu·-
