2790 4912
198 269 240 323 DE
266 268 397 324 intumo
424 267 465 323 ΕΤ
492 267 756 325 tnttttltotttlttls
784 267 920 327 DOMINI.
1121 277 1168 334 ioe

53 393 99 444 us,
116 391 178 432 non
200 377 245 432 est
264 373 359 432 minus
377 375 428 433 Dei
451 375 523 433 tilia·
580 373 686 432 tudinis
707 373 854 446 ingressus
871 395 912 448 es,
927 383 959 436 ut
974 379 1037 440 rita
1063 384 1162 446 solita.

53 464 141 520 gnus,
164 462 224 504 non
239 450 283 505 est
306 448 402 503 minus
416 447 522 520 Spiritu
578 446 629 504 riae
643 445 673 502 in
688 452 716 502 te
731 462 788 503 non
803 448 915 507 deesset
933 453 1100 523 exemptum.
1117 459 1166 516 So-

53 523 166 593 plenus,
186 522 305 576 nonest
331 517 425 576 minus
449 518 522 575 coelo
579 517 727 575 titudinem
755 523 783 575 et
809 520 949 593 jejunium
974 525 1166 600 quadraginta

63 595 182 648 nonest
197 589 335 647 minusin
354 589 522 662 poenitentia
578 589 700 657 dierum,
729 589 812 647 lamis
844 594 1042 665 acerbitatem,
1071 605 1163 657 tenta·

53 669 220 733 >acceptus
580 667 674 718 menta
688 661 813 719 illuseris
831 663 948 734 spiritus
967 668 1166 738 aequanimiter

53 754 75 792 er
91 751 180 790 sinent
195 750 220 788 sr
237 749 289 788 uos
303 749 355 789 rrsr
369 749 522 790 rauranum
578 732 717 800 tolerasti,
734 738 766 789 ut
780 734 876 792 omnia
888 737 949 793 haec
963 737 1046 796 nobis
1062 742 1165 801 totera-

53 805 135 878 ‚quia
151 803 290 861 Dominus
302 803 343 860 sic
353 803 525 861 luitcontre-
578 803 648 860 bilia
660 804 797 860 efficeres.
815 825 829 858 o
844 807 1013 865 utiterum:
1028 832 1043 862 α
1058 813 1165 872 Exinde

53 884 78 936 et
101 880 241 944 tentatus,
264 892 320 933 non
339 875 477 932 miremur
499 875 523 932 si
578 873 779 932 dilectissimus
812 879 895 935 lesus
922 879 1083 939 solitudinis
1111 884 1164 943 tibi

53 956 174 1016 ttamur3
200 952 230 1003 et
252 945 318 1019 quia
341 945 371 1003 in
390 947 523 1004 omnibus
578 952 688 1004 secreta
718 946 833 1016 dicavit,
861 953 890 1005 ot
916 951 1103 1010 sanctificavit
1123 954 1165 1014 ibi

55 1030 151 1077 umor
164 1022 193 1075 el
209 1034 271 1087 nos,
289 1019 350 1089 ejns
367 1019 521 1090 adjmorio,
574 1019 726 1090 jejunium,
741 1017 781 1075 ibi
795 1020 972 1078 subeundum
984 1023 1089 1081 docens
1099 1042 1165 1085 cum

53 1108 145 1149 amus.
169 1092 227 1146 Neo
250 1089 281 1146 in
301 1089 397 1162 aliqua
417 1090 522 1147 virtute
577 1089 679 1147 callido
710 1092 791 1147 hoste
818 1091 991 1149 oonllietum.
1021 1098 1087 1153 llaec
1111 1097 1163 1155 tibi

55 1162 245 1231 confidamus,
264 1161 314 1218 sed
332 1166 423 1218 totam
442 1178 521 1234 spem
576 1161 661 1230 lacta,
676 1178 728 1234 pro
753 1166 781 1217 te
794 1162 877 1232 lacta,
893 1170 921 1220 et
939 1181 1063 1235 quonam
1079 1168 1164 1225 modo

53 1233 151 1292 iamin
166 1232 309 1304 adjutorio
322 1233 458 1289 Altissimi
473 1249 521 1306 po
576 1232 650 1289 lacta
675 1235 740 1290 sunt
766 1231 918 1305 diligenter
936 1238 1106 1306 attendens3
1123 1238 1164 1294 di·

79 1309 113 1362 llt
146 1304 219 1361 sicut
249 1303 353 1376 ubique
385 1304 521 1361 Dominus
575 1302 632 1375 lige
656 1318 758 1359 eume
787 1319 844 1374 quo
873 1306 945 1361 lacta
970 1313 1035 1363 sunt
1052 1308 1165 1364 :share

54 1378 126 1434 rium
142 1392 225 1434 suum
238 1391 295 1432 non
308 1375 412 1433 virtute
424 1382 521 1448 poten·
575 1377 732 1431 Aneelmus.
743 1371 792 1430 Dia
803 1375 1000 1444 nune,Cltristi
1013 1376 1163 1449 discipule,

53 1497 55 1504 ,
69 1447 238 1505 auctoritate
249 1445 411 1518 Scriptura,
424 1446 520 1503 convi-
575 1462 639 1501 cum
655 1445 701 1517 pio
718 1444 853 1516 magistro
873 1446 1035 1503 solitudinis
1054 1454 1163 1507 secreta

53 1537 94 1576 ens
108 1538 116 1575 ι
132 1521 274 1590 Scriptum
288 1523 340 1587 est,
350 1518 417 1589 quia
430 1518 521 1574 humi·
576 1517 719 1589 perquire,
736 1522 765 1573 ut
777 1515 870 1573 socius
894 1518 1017 1574 serarum
1033 1520 1161 1590 ellectus,

53 1609 97 1648 ton
116 1590 255 1662 petentia,
270 1605 336 1647 eum
355 1588 478 1658 vincere,
493 1594 521 1645 el
576 1605 681 1644 arcana
693 1586 811 1656 silentii,
822 1587 958 1645 orationis
967 1590 1086 1659 devotae,
1099 1591 1161 1649 diu·

53 1662 150 1720 ientiae
170 1660 255 1718 nobis
277 1660 435 1733 exemplum
450 1676 521 1732 prae·
575 1659 651 1716 turni
663 1658 775 1732 J'eJunii,
790 1657 929 1731 trinaeque
943 1661 1164 1720 conflictationis

53 1735 155 1800 »lebat3
177 1749 219 1789 stc
237 1737 266 1788 et
290 1748 341 1788 nos
368 1731 480 1804 quoties
502 1749 521 1789 a
575 1747 639 1787 cum
671 1731 772 1787 callido
800 1731 881 1787 hoste
904 1731 1030 1789 imitator
1055 1734 1119 1802 ssas,
1135 1739 1163 1792 et

53 1805 203 1862 seminibus
214 1802 321 1876 aliquid
335 1803 467 1874 patimur,
483 1804 519 1860 ad
575 1802 725 1874 particeps,
741 1806 769 1858 et
785 1800 814 1856 in
833 1801 909 1857 omni
927 1804 1092 1861 tentationis
1107 1805 1163 1862 dis·

53 1893 90 1932 tm
104 1875 200 1948 petius
215 1891 300 1945 quam
315 1875 351 1930 ad
366 1873 519 1930 vindictam
574 1872 703 1942 crimine,
722 1873 759 1928 ad
776 1871 868 1944 ipsum
884 1872 976 1931 discas
998 1877 1103 1934 habere
1123 1892 1165 1933 re·

53 1963 95 2015 ur,
108 1952 138 2004 et
150 1944 329 2002 adversarios
344 1950 455 2002 nostros
469 1948 519 2001 hu·
573 1960 696 2010 cursum,
711 1959 762 2016 pre
789 1960 822 2000 eo
852 1946 928 2016 quod
950 1963 1004 2002 non
1032 1949 1162 2004 tabernas

65 2025 93 2074 et
105 2017 256 2090 patientia,
272 2015 363 2088 magis
375 2032 460 2088 quam
473 2033 518 2073 su·
573 2018 729 2085 Pontificem
744 2018 794 2087 qut
809 2032 863 2072 non
880 2021 970 2089 possit
985 2023 1106 2090 compoti
1119 2022 1163 2076 in·

53 2088 219 2161 rtpotentia,
232 2088 517 2145 vincamus.Altende
571 2088 752 2157 firmitatibus
776 2090 893 2155 nostram
916 2094 1050 2146 tentatum
1071 2096 1162 2148 autem

67 2177 101 2216 ex
127 2159 280 2230 praedictis,
304 2159 516 2228 documentum,
570 2175 620 2229 per
645 2161 737 2216 emnia
762 2175 814 2230 pro
846 2161 1032 2221 similitudine
1057 2164 1161 2233 absque

53 2231 155 2288 »minus
167 2229 197 2286 iu
210 2229 341 2287 omnihus
352 2229 516 2286 tentationi·
569 2236 689 2300 peccato.
703 2231 760 2287 Nee
774 2230 874 2288 timere
884 2231 971 2288 debes
986 2233 1159 2290 tentationes

61 2309 186 2360 ususest
198 2300 415 2359 auctoritatibus
430 2317 518 2358 sacrae
571 2305 620 2356 aut
641 2301 771 2359 dubitare
786 2301 817 2356 in
832 2301 884 2368 eis,
905 2304 973 2374 quia
992 2320 1064 2373 quos
1080 2307 1158 2361 Deus

53 2390 83 2431 ¹ae
107 2374 144 2430 ad
164 2389 216 2430 nos
230 2373 448 2429 informandum.
465 2375 514 2428 m-
571 2371 674 2442 diligit,
690 2388 765 2444 saepe
779 2371 910 2442 castigat,
925 2379 953 2429 et
965 2376 1059 2430 multae
1073 2375 1161 2430 tridu-

53 2445 95 2503 tid
118 2445 167 2501 ille
182 2443 344 2517 respondit;
359 2448 387 2500 et
421 2445 515 2500 uando
571 2445 703 2509 lotiones,
734 2459 793 2498 non
817 2459 1080 2514 quorumcumque,
1109 2444 1161 2500 sed

53 2516 134 2573 italio
154 2515 310 2584 advenerit,
330 2514 375 2571 dic
397 2460 467 2570 titud
487 2519 516 2571 et
566 2514 716 2583 justorum,
732 2518 761 2568 ut
776 2529 839 2569 cum
852 2513 963 2596 probati
984 2514 1101 2583 luerint,
1115 2530 1161 2571 co-

53 2602 96 2644 ter
108 2587 240 2644 videlicet
254 2586 449 2658 respondendo
464 2603 516 2659 per
571 2600 670 2641 ronam
689 2583 754 2640 ritae
773 2583 924 2665 accipiant.
938 2584 1018 2640 Unde
1040 2587 1160 2641 Ambro-

53 2675 112 2725 am,
132 2658 204 2715 sieut
222 2662 251 2715 et
268 2657 329 2730 ipse
345 2657 418 2714 iecit.
436 2658 515 2714 Unde
570 2660 650 2711 siue:
668 2658 782 2712 «Docet
803 2653 891 2726 igitur
907 2662 935 2712 te
953 2654 1097 2726 Scriptura
1115 2655 1163 2712 di-

53 2731 107 2787 tde
121 2729 248 2802 appetitu
264 2731 415 2797 bonorum,
431 2728 515 2786 debe·
570 2725 646 2795 rina,
674 2743 732 2783 non
753 2726 845 2782 solum
870 2732 970 2783 contra
992 2744 1106 2785 carnem
1133 2732 1162 2785 et

53 2802 191 2874 pondere,
208 2799 343 2873 scriptum
360 2805 403 2856 est
420 2818 427 2856 :
442 2801 515 2867 Quid
570 2797 750 2878 sanguinem,
766 2797 817 2854 sed
829 2798 915 2855 etiam
927 2804 1025 2856 contra
1041 2799 1161 2858 insidias

53 2891 65 2940 ’,
81 2879 157 2928 terro
185 2878 210 2929 et
236 2873 439 2929 mnmlomnis
463 2887 513 2942 po·
570 2868 733 2940 spirituales
763 2885 825 2926 esse
860 2875 1013 2927 certamen.
1048 2872 1161 2928 Corona

62 2945 152 2999 trevis
171 2949 211 2999 est
232 2942 346 3000 attasi
368 2947 457 3000 tentat
478 2942 513 2999 de
569 2941 715 3014 proposita
743 2945 795 3011 est,
826 2942 974 2999 subeunda
1003 2943 1161 3000 certamina

78 3014 254 3081 divitiarum,
278 3014 513 3085 respondeamus,
570 3018 654 3073 sunt:
672 3028 755 3070 nemo
778 3017 882 3085 potest,
902 3013 958 3071 nisi
984 3013 1093 3086 vicerit,
1109 3032 1161 3072 co·

53 3101 61 3143 t
87 3091 132 3142 est
161 3105 170 3141 ε
197 3088 277 3145 Nllrtl
312 3086 458 3141 intulimus
485 3089 515 3139 in
569 3083 680 3152 renari;
708 3101 793 3141 nemo
823 3092 920 3142 autern
950 3084 1075 3154 vincere,
1103 3086 1158 3143 nisi

53 3158 153 3220 ndum
177 3174 224 3214 aee
244 3159 353 3225 auferre
367 3158 437 3228 quid
449 3172 513 3227 pos·
569 3161 635 3211 ante
649 3156 809 3213 certaverit.
830 3156 885 3229 lpsi
908 3172 1020 3227 quoque
1045 3172 1159 3212 coronae

53 3235 105 3285 et:
122 3229 219 3287 Nudus
246 3244 369 3298 opressus
395 3244 457 3283 sum
480 3229 514 3282 de
568 3227 660 3298 major
673 3233 717 3283 est
731 3229 848 3295 tructus,
865 3227 913 3282 ubi
939 3229 1031 3296 major
1057 3231 1099 3281 est
1115 3227 1158 3282 la·

53 3303 118 3355 rtm'a
134 3316 208 3365 meae,
224 3305 250 3356 et
274 3301 365 3355 nudus
390 3305 514 3354 reuertar
568 3300 630 3355 ber.
649 3300 682 3353 Et
700 3297 764 3354 ideo
790 3296 975 3353 tentationem
1002 3310 1160 3365 numquam

54 3375 150 3427 tentat
161 3371 196 3427 de
208 3370 335 3443 appetitu
346 3369 513 3427 deliciarum
568 3368 670 3424 timere
696 3368 843 3436 debemus,
859 3371 902 3422 est
928 3366 1003 3422 enim
1019 3381 1105 3421 causa
1117 3364 1161 3420 vi·

53 3457 93 3510 m,
122 3445 355 3514 respondeamus,
375 3441 513 3513 seriptum
568 3438 674 3507 ctoriae,
704 3439 824 3495 materia
846 3436 1071 3509 triumphorum3
1100 3451 1157 3493 non

53 3524 76 3569 'o
90 3519 117 3569 et
128 3516 243 3583 sanquis
255 3529 369 3582 aeonum
387 3516 435 3569 Det
448 3529 512 3584 pos·
568 3510 719 3567 timeamus
744 3509 928 3579 tentationes,
945 3509 994 3565 sed
1015 3506 1106 3580 magis
1125 3506 1157 3565 in

53 3600 88 3641 ort
113 3591 242 3656 passuum
271 3583 331 3654 ubi,
359 3585 513 3642 secundum
567 3578 1159 3708 tentationibusqloriemnr,dicentescum

53 3699 58 3719 ‚
74 3671 128 3728 per
154 3671 270 3712 carnem
285 3661 313 3712 et
332 3655 510 3726 sanguinem,
568 3654 656 3710 Paulo
679 3655 785 3725 Aposto
797 3669 829 3709 o:
849 3653 914 3710 Cum
941 3654 1076 3721 infirmor,
1093 3656 1158 3708 tune

78 3732 107 3784 et
132 3726 292 3795 libidinem,
308 3726 336 3785 id
360 3732 404 3783 est
425 3741 513 3797 opera
565 3731 662 3797 potens
673 3741 742 3782 sam.
759 3726 835 3782 Tune
858 3723 936 3780 enim
965 3721 1088 3779 nectitur
1107 3739 1154 3779 co·

58 3839 67 3866 ,
93 3797 236 3870 designat.
260 3801 295 3855 Et
321 3798 361 3855 ita
387 3797 423 3854 de
451 3797 515 3853 aliis
569 3796 783 3869 ronajustitiae;
797 3797 864 3853 tolle
889 3797 1043 3922 llartfrum
1061 3799 1154 3876 certa·

53 3884 151 3941 nmque
193 3869 269 3927 vitiis
298 3869 514 3942 impugnamur,
569 3867 657 3935 mina,
673 3867 1155 3937 tulisticoronas3tolassociatus,

60 3946 176 3999 utamur
202 3941 299 4014 clypeo
326 3957 414 3998 sacrae
443 3939 515 3997 Scri·
569 3938 659 3996 tulisti
692 3939 890 3996 beatitudines.
919 3939 980 3995 Non
1019 3937 1157 3994 debemus

53 4012 515 4071 ldetensionemnostramcontra
570 4011 655 4082 igitur
670 4013 843 4067 tentationes
856 4010 942 4067 seculi
956 4025 1007 4082 pro
1025 4008 1106 4065 malis
1121 4007 1159 4064 ti·

53 4083 136 4142 tium
157 4088 197 4142 De
224 4082 380 4158 praemissis
401 4082 514 4140 Domini
569 4097 657 4150 mere,
679 4081 781 4154 quibus
803 4082 879 4139 bona
900 4082 1018 4155 premia
1044 4095 1162 4152 compa·

53 4172 69 4213 c
92 4155 162 4213 dicit
181 4158 353 4213 Amelmus:
370 4176 385 4209 «
403 4157 444 4212 De
463 4157 513 4211 Ba·
569 4159 679 4224 rantur,
695 4152 745 4209 sed
760 4154 850 4225 magis
863 4169 966 4226 rogare
985 4152 1160 4224 contempla·

53 4226 86 4285 in
101 4228 246 4286 desertum
267 4228 299 4286 in
318 4226 420 4302 spiritu
437 4225 515 4284 lorti·
569 4228 647 4284 tione
673 4224 847 4284 conditionis
875 4227 1019 4299 humana,
1049 4230 1080 4281 ut
1107 4237 1159 4280 ees
