2790 4912
75 300 122 356 ala

80 404 230 478 originalis
244 405 327 477 culpa
337 403 523 487 significatur,
538 420 601 477 quae
613 420 665 477 per

81 477 228 535 carnalem
244 482 458 547 generationem
480 476 516 532 ad
535 480 665 559 posteros

81 548 237 607 derivatur.
256 547 308 614 Qui
331 563 417 604 manu
441 547 545 604 Christi
573 553 665 604 tactus

82 626 211 688 sanatur,
227 619 294 690 quIa
306 617 409 675 virtute
424 619 485 690 eius
523 636 555 674 er
568 618 664 691 Bapti-

82 707 175 749 smum
193 690 383 770 emundatur3
412 705 470 772 per,
489 635 665 747 oblationem

82 768 178 821 autem
206 777 355 829 muueris,
384 766 413 816 ct
442 761 666 833 divulgationem

82 832 188 906 operis,
208 830 387 902 significatur
412 832 489 903 quod
509 833 667 905 baptizatus

81 909 195 961 tenetur
211 905 267 958 Deo
282 902 406 959 fideliter
420 903 537 971 servire,
553 910 581 960 et
602 919 668 960 eum

79 973 187 1048 jugiter
201 974 372 1030 collaudare.
384 974 463 1030 Unde
476 976 551 1031 Dedo
567 993 574 1032 :
590 999 603 1024 α
617 978 668 1046 Ty-

82 1045 145 1119 pice
160 1051 256 1103 autem
269 1046 398 1116 leprosus
413 1044 556 1116 significat
570 1047 668 1103 huma-

84 1133 155 1174 num
169 1133 267 1244 penus.
280 1116 448 1187 languidum
462 1118 596 1189 peccatis,
613 1119 669 1188 ple-

84 1204 153 1245 num
184 1204 263 1260 epra,
283 1190 417 1259 quoniam
437 1205 527 1244 omnes
545 1205 670 1261 peccone·

83 1264 161 1330 runt,
180 1265 296 1328 etegent
311 1263 405 1328 pretia
421 1263 480 1324 Dei,
498 1260 547 1317 illa
561 1259 669 1316 scilicet

85 1335 117 1389 ut
143 1336 258 1388 extenta
284 1347 381 1397 manu,
401 1330 430 1386 id
457 1337 500 1387 est
523 1332 669 1388 incarnato

85 1401 137 1459 Dei
155 1404 247 1460 Verbo
263 1403 473 1473 humanamque
491 1403 670 1471 contingente

85 1478 262 1541 naturam,a
289 1473 373 1545 prisci
403 1474 509 1530 erroris
533 1474 671 1530 varietate

87 1545 260 1601 mundentur
274 1545 431 1600 etollerant
445 1561 496 1616 pro
505 1562 556 1602 sua
570 1561 671 1602 emun-

87 1615 202 1673 datione
235 1632 355 1686 corpora
381 1632 432 1672 sna
461 1617 582 1673 bostiam
613 1618 672 1673 Deo

86 1685 181 1742 rivam
197 1704 204 1742 ι
220 1708 234 1737 »
256 1688 316 1742 bae
342 1688 426 1742 Reda.
447 1690 504 1744 Hoc
525 1688 601 1761 idem
620 1690 673 1743 Do

88 1757 185 1814 minus
200 1757 379 1826 miraculum,
391 1774 441 1830 per
455 1759 577 1831 gratiam
592 1775 673 1815 suam

89 1829 200 1898 lacere,
227 1828 354 1900 quotidie
392 1847 449 1886 non
491 1831 672 1901 dedignatur.

89 1899 410 1970 Quotiescumqueeoim
422 1901 546 1972 aliquem
556 1902 674 1973 impium

89 1970 240 2042 justificat,
257 1975 333 2026 recte
349 1972 493 2041 leprosum
508 1974 636 2030 mundat.

125 2064 140 2112 7
163 2044 321 2096 bionnmrm
340 2059 474 2098 neruosus
494 2061 674 2106 our-:ucuuouu

89 2127 259 2167 nncenronnu
292 2129 450 2167 sicrumcur.
473 2144 506 2154 -
531 2114 675 2170 ltloraliter

90 2181 193 2254 quippe
226 2187 277 2253 per
296 2183 456 2253 'leprosum
494 2183 674 2255 significatur

90 2258 233 2325 peccator,
248 2253 376 2326 pluribus
396 2256 548 2313 decausis.
566 2256 673 2326 Primo,

91 2325 159 2397 quia
180 2326 259 2397 lepra
280 2331 323 2382 est
343 2329 460 2384 morbus
480 2328 673 2398 contagiosus,

91 2403 119 2454 et
134 2397 324 2468 periculosum
347 2404 391 2454 est
417 2400 587 2456 commorari
610 2415 674 2456 cum

90 2468 225 2540 leprosis;
256 2468 296 2525 sic
329 2476 492 2540 peccatores
518 2468 673 2542 contagiosi

91 2544 167 2607 sunt,
179 2545 207 2594 ct
220 2540 348 2596 inliciunt
362 2541 432 2597 alios
441 2542 477 2597 ad
489 2543 674 2614 peccandum,

91 2616 121 2667 et
139 2610 203 2666 ideo
226 2611 416 2683 periculosum
442 2619 486 2669 est
510 2612 675 2670 conversari

92 2681 222 2738 cumeis.
241 2684 429 2751 -Secundo,
445 2683 511 2754 quia
532 2685 611 2756 lepra
633 2691 675 2740 est

91 2753 209 2809 morbus
224 2753 411 2824 periculosus,
425 2755 516 2810 inlicit
535 2756 611 2812 enim
632 2760 674 2810 to-

92 2826 154 2904 lum
183 2839 303 2894 corpus,
335 2842 393 2881 non
423 2831 533 2882 tantum
566 2831 675 2897 partem

91 2908 167 2973 eJus3
182 2893 231 2948 sed
253 2901 399 2963 peccatum
416 2902 460 2951 est
478 2897 674 2966 periculosius,

91 2978 160 3033 quia
181 2978 295 3031 corpus.
318 2971 346 3019 ct
373 2966 498 3021 animam
529 2968 619 3024 inficit
646 2973 674 3024 et

90 3033 256 3103 corrumpit,
270 3039 299 3088 et
322 3034 386 3090 ideo
406 3036 488 3092 valde
517 3037 675 3096 timendum

90 3108 119 3159 et
146 3102 311 3174 fugiendum
340 3111 389 3161 est
415 3138 446 3146 -
475 3107 580 3175 Tertio,
608 3109 676 3191 qula

93 3174 174 3302 lepra
187 3180 230 3231 est
244 3177 360 3233 morbus
370 3177 483 3234 loetidus
492 3184 520 3234 et
532 3180 677 3237 abomina-

92 3246 168 3316 biis,
184 3246 225 3303 sic
239 3254 402 3318 peccatores
418 3250 550 3307 foetentes
566 3257 631 3307 sunt
647 3259 675 3308 et

91 3318 298 3376 abominabiles
307 3322 398 3376 Deoct
408 3322 533 3391 Angelis.
544 3355 576 3364 -
588 3325 676 3390 Quar-

89 3396 130 3459 to,
146 3390 213 3472 quia
241 3392 344 3463 leprosi
371 3399 541 3464 separantur
554 3395 591 3451 ab
610 3394 674 3451 aliis

89 3462 255 3520 bominibus
276 3470 305 3519 et
328 3464 458 3521 locantur
486 3470 564 3521 extra
591 3465 673 3535 alios,

90 3533 131 3589 sic
150 3542 315 3606 peccatores
329 3534 412 3606 positi
431 3541 496 3591 sunt
513 3542 592 3592 extra
606 3552 673 3606 gra·

91 3603 161 3660 tiam
179 3604 229 3661 Dei
255 3611 282 3661 et
302 3612 380 3662 extra
396 3607 623 3663 communionem
638 3607 674 3662 fi-

90 3673 194 3754 delet
225 3677 364 3736 Ecclesia.
395 3683 424 3732 et
458 3683 627 3748 separantur
657 3694 674 3734 a

90 3743 183 3825 bonis,
199 3745 244 3801 bic
261 3755 397 3818 quantum
412 3748 448 3804 ad
463 3749 607 3816 meritum,
623 3750 673 3805 sed

89 3830 119 3870 in
133 3815 229 3871 tuturo
245 3825 381 3888 quantum
396 3820 432 3875 ad
445 3820 630 3889 consortium,
645 3826 673 3876 et

92 3889 230 3965 quantum
255 3889 291 3943 ad
311 3888 413 3958 locum,
434 3895 462 3947 et
485 3898 623 3961 quantum
636 3892 673 3948 ad

89 3971 248 4037 praemium,
262 3990 296 4038 -7
308 3960 421 4039 Quinto,
434 3962 499 4032 quia
509 3962 582 4018 sicut
594 3963 673 4034 lepra

88 4043 199 4084 verium
214 4038 345 4100 exprimit
358 4032 483 4088 colorem
498 4033 601 4090 incute
614 4051 620 4102 ;
633 4033 673 4090 sic

89 4105 239 4172 peccatum
267 4101 359 4155 varias
393 4103 478 4158 habel
508 4105 617 4176 species
643 4104 674 4160 in

90 4176 199 4226 mente:
215 4170 268 4242 illa
279 4171 354 4226 enim
376 4171 472 4227 anima
488 4173 601 4246 leprosa
618 4181 671 4240 est,

87 4256 151 4313 quae
175 4241 319 4315 superbia,
335 4241 388 4312 ira,
404 4243 536 4318 avaritia,
550 4246 670 4318 accidia,

458 297 568 352 lulum
595 298 713 352 rantis
739 297 843 351 CAPUT
870 295 931 348 ΧΗ

720 402 796 475 gula,
815 399 936 468 invidia,
955 399 1000 456 vel
1017 397 1126 456 luxuria
1149 399 1256 461 sordescit
1299 402 1324 442 Ἀ

719 477 789 531 Nam
816 471 997 545 significatur
1019 469 1048 526 in
1075 469 1163 527 earnis
1183 477 1273 532 tunore·
1311 472 1324 479 ‘

720 543 868 628 superbia,
884 542 914 598 in
930 541 1077 598 exustione
1093 541 1223 600 iracundia
1242 542 1265 602 ln
1301 547 1324 585 ’ἑ

720 617 767 674 siu
780 614 910 684 avaritia,
924 613 954 669 in
963 612 1172 740 ponderositate
1178 585 1266 684 accidis,
1303 638 1306 660 ;

719 689 749 745 in
763 685 908 761 prurigine
924 702 963 757 gu
975 701 1002 751 a,
1018 701 1047 740 in
1067 684 1208 755 putredine
1217 685 1269 742 iuri·
1282 696 1284 701 '
1313 696 1324 730 ῑ

720 758 816 828 dia‚in
828 758 929 814 loetore
943 755 1087 812 anhelitus
1097 755 1209 813 luxuria.
1219 755 1272 814 rats
1310 770 1324 802 2

720 832 849 902 leprosus
864 828 1043 884 confidenter
1053 827 1273 897 curratadlesm,
1315 855 1324 878 =

721 902 830 959 scilicet
854 899 890 957 ad
911 898 1065 966 medicum,
1086 914 1143 954 non
1161 899 1274 1025 desseret
1309 914 1324 922 ’-

721 990 788 1030 vere
801 970 949 1044 poeniteat,
963 974 992 1025 et
1007 968 1141 1026 mundari
1150 969 1205 1025 desi
1223 973 1273 1026 eret.
1312 1016 1316 1023 .

723 1047 792 1103 Cum
807 1042 885 1099 fideli
909 1041 1034 1113 leproso,
1049 1056 1084 1096 ex
1106 1040 1276 1097 bumilitateet
1317 1059 1324 1065 ·

722 1115 831 1189 pudore
845 1113 875 1168 in
890 1113 991 1168 taciem
1005 1111 1143 1182 procidat,
1155 1117 1184 1167 ut
1196 1111 1225 1168 de
1236 1126 1277 1169 ua
1317 1142 1324 1157 =

723 1187 789 1243 vitae
812 1183 931 1241 maculis
946 1184 1105 1240 erubescat.
1127 1182 1181 1239 Sed
1193 1181 1276 1239 conlu-
1313 1204 1319 1214 „

724 1258 835 1315 sionem
863 1253 1034 1311 verecundia
1067 1270 1125 1310 nnn
1152 1253 1295 1325 reprimat,‘

724 1330 828 1385 vulnus
847 1327 989 1393 ostendat,
1007 1341 1041 1382 ac
1058 1341 1123 1381 cum
1138 1323 1277 1396 lacrymiset
1320 1350 1324 1354 ·

745 1400 877 1457 emitibus
888 1414 918 1454 se
925 1404 1103 1469 peccatorem
1114 1399 1275 1467 recognoscet,

725 1418 837 1529 {electo
856 1470 982 1538 vulnere,
1013 1467 1172 1524 remedium
1188 1470 1275 1539 querat

726 1548 755 1600 et
769 1541 884 1600 Domini
902 1539 1128 1597 misericordiam
1143 1541 1276 1610 compmcto
1318 1560 1323 1564 ·

726 1614 822 1670 auimo
846 1619 875 1669 et
896 1612 981 1669 corde
1010 1611 1153 1683 imploret,
1165 1616 1192 1666 et
1212 1623 1277 1665 rent»

728 1685 808 1741 dium
829 1683 963 1756 postulet,
979 1685 1037 1738 Deo
1066 1698 1097 1737 se
1125 1680 1241 1738 humiliet
1258 1682 1277 1735 et

728 1757 896 1828 deprecetur
923 1769 999 1815 eum.
1030 1759 1061 1808 ut
1091 1769 1142 1809 sua
1167 1751 1277 1830 gratian
1322 1802 1324 1807 ⁴

728 1832 826 1898 tangat
841 1833 869 1882 et
883 1831 974 1882 sanet.
989 1825 1165 1881 Confiteatur
1176 1839 1230 1879 sese
1240 1835 1277 1876 in·

729 1899 882 1965 mundum,
900 1902 929 1953 et
947 1896 1091 1954 Christum
1133 1888 1279 1951 otentenad

728 1988 758 2027 se
776 1969 980 2037 mundandum,
993 1973 1022 2023 et
1045 1912 1131 2049 apucf
1137 1965 1222 2037 ipsum
1236 1975 1279 2044 cun

728 2042 841 2114 leproso
861 2040 964 2096 clamet
987 2044 1017 2094 et
1036 2039 1112 2094 dicat
1128 2055 1135 2092 ε
1151 2039 1279 2096 nomme

728 2117 781 2180 vis,
795 2118 872 2182 potes
896 2128 938 2165 mc
962 2111 1106 2165 mundare.
1125 2108 1153 2165 Si
1167 2105 1280 2164 enimhoc

729 2183 929 2255 egerit,certus
944 2181 1024 2237 sitde
1039 2179 1280 2245 misericordiam

728 2256 861 2327 desperet
873 2255 908 2310 de
923 2252 1015 2318 venia,
1031 2252 1098 2324 quia
1114 2250 1280 2328 benignuscst

727 2326 863 2384 Dominus
879 2324 927 2393 oui
941 2324 1086 2380 neminem
1101 2323 1137 2378 ad
1149 2338 1178 2378 se
1192 2333 1280 2376 remen·

728 2403 786 2454 tem
801 2396 922 2469 repellit,
936 2397 986 2452 scd
1001 2395 1135 2452 omnibus
1149 2393 1234 2473 sinum
1241 2402 1281 2445 sue
1322 2432 1324 2437 ,

728 2467 934 2534 misericordia,
946 2467 1038 2538 aperit
1052 2471 1080 2523 et
1094 2465 1228 2537 expandit.
1238 2461 1281 2541 tlon

729 2546 795 2610 eget
808 2541 899 2611 spatio
915 2555 1055 2594 annorum
1072 2537 1116 2592 vel
1136 2532 1282 2608 longitudine

728 2610 865 2682 temporis
882 2610 911 2666 in
924 2608 1102 2682 poeuiteutia,
1119 2608 1168 2663 sed
1183 2615 1281 2663 corcon

729 2681 828 2738 tritum
857 2687 885 2738 et
914 2680 1095 2736 humiliatum
1123 2674 1281 2751 requiritpt

729 2753 815 2823 digne
833 2751 1037 2824 poenitentibus
1059 2756 1174 2822 peccata
1191 2762 1234 2831 per
1244 2758 1281 2799 m·

730 2824 914 2880 sericordiam
940 2822 1056 2879 relaxat.
1070 2821 1129 2878 Tali
1154 2834 1225 2876 emm
1238 2828 1281 2892 na·

730 2912 785 2951 nus
808 2895 910 2950 divine
938 2893 1141 2949 misericordia
1165 2884 1282 2964 protendi·

730 2971 786 3035 tur,
807 2967 885 3038 cujus
907 2972 984 3021 tactu
1009 2971 1038 3021 et
1064 2965 1181 3036 imperio
1208 2960 1283 3034 cuncta

729 3039 791 3109 ejus
823 3036 942 3093 crimina
977 3036 1151 3092 relaxantur.
1179 3026 1283 3105 Extendi

730 3109 807 3166 enim
831 3108 969 3165 Dominus
996 3123 1123 3174 manum,
1139 3097 1283 3184 quandoli-

729 3180 803 3236 vinae
817 3179 1007 3237 miserationis
1020 3174 1284 3256 impenditaumlrum

729 3256 758 3307 et
782 3251 876 3308 statim
904 3250 1087 3320 consequitur
1115 3247 1285 3306 remissionem

729 3323 908 3379 delictorum.
927 3323 984 3378 Nee
1002 3330 1099 3378 tamen
1119 3321 1201 3377 debet
1214 3312 1286 3373 Eccle-

730 3393 779 3450 siae
796 3392 973 3450 reconciliari
992 3393 1067 3460 talis,
1082 3392 1137 3447 uisi
1149 3387 1248 3463 judicio
1258 3390 1304 3439 sa*

729 3464 867 3532 cerdotis;
881 3463 1029 3536 apeccatis
1040 3470 1137 3519 autem
1148 3460 1287 3519 mundatus.

729 3536 814 3592 debet
829 3538 886 3591 Deo
910 3535 1014 3591 ollerre
1032 3550 1148 3600 munus,
1164 3533 1193 3588 id
1207 3536 1248 3587 est
1257 3540 1291 3582 sa·

730 3605 868 3663 crillcium
881 3606 983 3673 laudis,
998 3611 1027 3661 et
1042 3621 1108 3661 eum
1130 3605 1231 3675 ubique
1248 3600 1294 3656 lu·

731 3677 811 3745 darc,
832 3676 900 3749 quia
928 3677 1014 3734 debet
1032 3678 1090 3732 Deo
1110 3676 1192 3732 valde
1218 3675 1297 3747 grams

729 3765 802 3816 esse,
817 3754 846 3804 et
868 3765 981 3819 semper
999 3747 1106 3819 gratias
1122 3746 1267 3803 referendo
1277 3740 1299 3796 el

729 3820 864 3891 proximis
882 3820 959 3876 bona
974 3835 1038 3890 quae
1055 3822 1148 3898 pptest
1173 3813 1302 3876 faciendo,

728 3907 845 3947 servans
862 3907 931 3961 erga
945 3894 1031 3946 Deum
1043 3897 1073 3945 et
1087 3906 1158 3960 erga
1171 3887 1302 3961 proximos

728 3962 885 4019 caritatem.
904 3962 979 4018 Nihil
995 3961 1071 4017 enim
1089 3961 1175 4018 nobis
1194 3975 1245 4032 per
1262 3971 1304 4013 ra·

727 4049 794 4090 nam
824 4032 947 4104 gloriam
973 4033 1110 4089 debemus
1141 4032 1307 4093 attribuero,

728 4106 777 4161 sed
793 4104 889 4161 omnia
912 4106 970 4160 Deo
996 4104 1110 4159 olterrc.
1128 4105 1169 4160 De
1185 4101 1311 4159 omnibus

727 4176 804 4232 enim
830 4177 964 4247 operibus
988 4173 1094 4231 nostris
1120 4176 1197 4231 Deus
1212 4173 1273 4231 vult
1284 4172 1310 4253 ut

726 4248 884 4305 babeamus
907 4251 999 4303 totum
1020 4244 1158 4303 meritum
1177 4251 1206 4304 et
1220 4259 1314 4319 pron·
