2790 4912
150 411 265 472 precem
285 392 398 461 fundas,
416 393 447 447 et
465 387 569 461 ubique
593 404 652 445 non
676 392 735 444 mm

150 467 267 543 propria
277 463 436 530 commoda,
446 477 530 534 quam
540 459 733 540 proximorum

150 539 290 611 requiras.
310 537 352 593 ab
373 535 426 591 hoc
453 537 548 588 autem
569 530 733 587 inimicitias

151 609 300 678 interimit,
317 612 345 663 et
362 603 523 676 superbiam
545 601 684 674 reprimit,
703 608 733 659 et

150 681 286 740 invidiam
313 676 433 748 repellit,
448 678 477 731 et
497 680 617 731 matrem
641 675 732 730 bono-

146 770 213 810 rum
232 749 358 807 omnium
380 745 548 803 charitatem
566 745 730 814 introducit,

146 829 175 881 et
188 825 377 880 humanarum
398 833 495 875 rerum
509 816 731 888 inaequalitatem

145 909 262 967 prorsus
290 890 422 957 excludit,
452 894 480 945 et
505 895 632 945 mutuam
655 888 731 960 regis

147 981 212 1022 eum
259 977 366 1034 aupcre
393 959 583 1032 equalitatem
615 960 731 1016 honoris

147 981 288 1102 ostentiit;
307 1033 331 1089 si
344 1041 439 1089 tamen
462 1031 492 1087 in
510 1029 639 1087 maximis
652 1036 680 1087 ct
694 1031 731 1088 ad

147 1113 287 1164 aeteruam
314 1104 434 1175 gloriam
462 1101 629 1159 necessariis
652 1118 729 1159 com-

146 1178 282 1235 munione
321 1175 471 1232 sociemur.
503 1173 617 1231 Cunctis
653 1172 729 1230 enim

145 1266 232 1307 unam
244 1253 328 1320 atque
344 1246 474 1303 eamdem
490 1244 667 1302 nobilitatem
682 1245 731 1302 do-

146 1321 226 1378 navit
245 1322 327 1384 Deus,
343 1334 406 1374 curn
431 1316 563 1388 dignatus
584 1322 627 1372 est
646 1318 730 1373 Pater

144 1392 271 1449 omnium
283 1388 377 1447 vocari
393 1406 426 1444 z»
440 1389 501 1444 haec
514 1389 729 1458 chrysostomus.

144 1464 337 1520 Admonemur
353 1460 399 1517 hic
418 1460 453 1515 ad
473 1460 626 1515 fraternam
651 1459 731 1516 unio-

145 1550 212 1591 nem
227 1540 256 1589 et
273 1531 475 1597 dilectionem3
499 1529 570 1586 sicut
588 1528 676 1602 geniti
693 1532 729 1588 ab

144 1621 202 1661 uuo
231 1607 315 1660 Patre
342 1601 448 1658 coelesti
479 1618 529 1672 per
551 1601 674 1672 gratiam
691 1603 728 1658 ab

143 1691 201 1732 uno
221 1675 308 1730 etiam
328 1679 441 1730 terreno
456 1688 507 1744 per
523 1678 653 1729 naturam
669 1674 729 1745 pla-

144 1752 235 1803 smato
261 1752 289 1803 et
310 1750 404 1802 creato
419 1762 436 1800 a
451 1759 562 1800 summo
578 1746 661 1800 Patre
677 1760 731 1800 cce-

141 1817 216 1887 lesti,
244 1833 342 1873 omnes
370 1814 456 1873 eliam
480 1816 516 1872 de
545 1816 646 1872 eodem
669 1815 728 1872 luto

142 1888 324 1953 sermatiae
354 1887 442 1944 simus
468 1886 546 1955 clati,
574 1886 654 1958 quasi
680 1886 727 1943 alii

141 1958 205 2015 aliis
224 1958 391 2014 clarioribus
414 1957 471 2013 siut
492 1957 547 2014 orti
575 1957 725 2015 natalibus.

177 2031 271 2094 50co
290 2046 373 2084 seusu
397 2046 534 2084 tuomum
560 2046 617 2084 nnc
643 2047 725 2085 vox:

141 2098 236 2165 Quies
257 2102 287 2153 ia
303 2101 386 2153 cretis.
406 2129 440 2138 —
455 2101 510 2154 Per
525 2100 611 2155 coelos
630 2106 727 2156 autem

140 2167 337 2238 intelliguntur
351 2168 447 2225 Sancti
462 2174 491 2225 et
501 2169 582 2240 justi,
594 2169 641 2240 qui
654 2178 725 2227 tem-

140 2240 217 2323 plum
236 2240 286 2296 lloi
300 2246 376 2311 sunt,
392 2242 459 2310 quia
480 2239 510 2296 in
523 2240 566 2297 eis
580 2246 726 2312 tamquam

140 2328 171 2369 1n
186 2313 291 2384 templo
311 2329 373 2381 suo,
388 2314 461 2368 Deus
475 2311 594 2370 habitat.
610 2315 680 2369 Nam
694 2313 725 2369 li-

140 2389 185 2441 cet
206 2386 281 2441 Deus
301 2383 338 2440 sit
353 2383 381 2439 in
396 2382 536 2452 omnibus,
556 2401 608 2456 por
622 2384 724 2441 divini·

140 2456 207 2513 tatis
221 2455 415 2528 praesentiam,
431 2461 475 2512 est
493 2462 588 2513 tamen
608 2456 724 2528 speciali

140 2528 225 2584 modo
238 2528 266 2583 iu
278 2527 362 2599 justis
377 2544 428 2599 per
443 2527 649 2585 inhabitantem
661 2545 724 2600 gra·

140 2598 221 2667 tiam,
235 2605 263 2655 et
274 2598 478 2671 specialissime
489 2599 654 2656 excellentia
661 2601 723 2671 ejus

138 2670 246 2727 relucet
264 2670 292 2726 in
308 2670 402 2728 Beatis
424 2687 476 2743 per
497 2671 626 2741 gloriam.
644 2672 723 2730 Unde

137 2741 312 2809 Auptutr'nus
325 2762 334 2797 .·
348 2764 362 2793 u
372 2744 457 2799 Recte
467 2742 635 2815 intelligitur
645 2744 722 2814 quod

137 2810 247 2891 dictum
272 2816 326 2880 est,
341 2816 426 2869 Potor
447 2820 548 2879 noster,
569 2817 619 2885 qui
638 2830 665 2870 ec
693 2817 722 2871 in

136 2883 220 2948 cretis,
240 2898 269 2936 ιιι
289 2884 421 2939 cordibus
439 2884 581 2953 justorum
601 2902 662 2942 esse
678 2885 720 2942 di·

137 2955 213 3006 ctum
228 2957 373 3021 tamquam
388 2952 418 3007 in
430 2954 536 3024 templo
546 2962 644 3013 sancto
657 2973 719 3015 suo.

136 3019 225 3079 Simul
238 3021 326 3076 etiam
351 3027 381 3078 ut
404 3023 452 3103 qui
472 3030 545 3093 orat,
560 3026 588 3081 in
604 3043 634 3083 so
653 3044 721 3099 quo·

136 3106 191 3162 que
206 3090 266 3162 ipso
282 3091 485 3150 volithabrtare
500 3110 584 3164 quem
596 3097 716 3155 invocat.

134 3163 170 3220 Et
186 3179 249 3219 curn
261 3164 314 3219 hoc
324 3165 447 3245 allectat,
460 3170 556 3222 teneat
567 3167 717 3241 justitiam,

132 3251 190 3366 3⁰⁰
205 3251 322 3292 munere
348 3237 483 3294 muitetur
504 3238 542 3296 ad
557 3237 717 3297 inhabitan-

154 3324 202 3365 um
216 3307 344 3364 animum
364 3311 436 3365 Deus
452 3326 459 3365 :
477 3330 491 3363 ιι
506 3310 567 3367 haec
581 3314 717 3381 Augusti-

132 3395 194 3436 ous.
206 3382 268 3445 Vel,
278 3383 328 3451 qai
340 3396 368 3436 es
379 3383 409 3436 in
422 3383 505 3447 cratis,
521 3381 550 3438 id
563 3388 615 3452 ost,
632 3382 661 3439 in
674 3401 717 3442 se·

132 3458 209 3507 creto
228 3458 285 3508 ture
300 3453 466 3524 majestatis,
483 3469 545 3525 quae
562 3455 653 3512 adhuc
670 3472 715 3512 ce·

131 3519 208 3577 latur
234 3522 325 3593 nobis,
343 3526 498 3581 secundum
518 3524 589 3584 illud
610 3526 712 3584 lsaiae:

133 3592 202 3649 Vere
225 3598 256 3647 tu
274 3610 301 3649 es
323 3598 394 3651 Deua
414 3597 599 3661 absconditus,
616 3598 714 3669 inquo

131 3662 319 3745 admonemur
347 3671 376 3722 et
401 3669 519 3724 sanctos
547 3667 652 3724 imitari
683 3668 715 3726 in

130 3740 356 3811 conversatione,
372 3753 405 3793 ao
426 3744 535 3795 secreta
549 3744 578 3796 et
594 3741 713 3797 abscon-

129 3800 190 3883 dtta
206 3808 311 3873 petere.
333 3809 393 3876 Vel,
415 3808 445 3864 in
464 3809 554 3879 coelia,
574 3809 602 3866 id
621 3817 665 3868 est
683 3811 714 3869 in

129 3871 300 3953 ullaucoelesti
324 3878 439 3948 regione
454 3886 569 3938 aeternae
589 3882 712 3940 beatitu-

130 3942 217 4025 dinis,
233 3950 263 4002 ut
282 3951 531 4009 commorationem
553 3951 618 4010 vitae
642 3969 712 4026 prae·

129 4019 218 4072 senus
237 4016 313 4073 velut
333 4022 522 4092 peregrinam,
538 4029 567 4081 et
586 4041 605 4082 a
627 4025 712 4083 Patre

97 4092 100 4098 ’
129 4091 239 4168 nostro·
256 4102 308 4144 nos
332 4098 521 4171 separantem,
550 4096 709 4166 horrentes,

87 4192 90 4196 -
129 4157 170 4216 ad·
180 4174 327 4241 regionem
341 4175 373 4215 ln
381 4176 438 4230 qua
452 4165 566 4222 Patrem
580 4172 709 4225 nostrum

128 4243 298 4288 commorari
320 4231 453 4303 latemur,
467 4249 579 4295 summo
596 4237 709 4299 deside·

488 283 600 339 latu
625 284 745 338 aluus
771 282 876 337 otior
903 280 1034 335 xxxin

790 387 833 445 rio
858 400 1057 514 properemus,
1087 388 1118 442 et
1136 384 1177 441 ad
1206 383 1284 440 illam
1304 388 1360 467 lap
1390 354 1395 431 i

791 475 910 531 quamn
944 462 1069 529 petuam
1086 460 1181 513 totam
1199 462 1320 513 nostran
1328 470 1363 523 b,-

789 526 1356 600 tentionemfigamus.tdm0nemuretin

789 606 822 660 ut
833 601 902 659 nihil
922 600 1110 658 admittamus
1133 599 1284 672 ejusmodi,
1297 592 1357 673 qiud

788 673 947 730 hereditate
963 677 1086 743 paterna
1100 688 1156 729 nos
1171 671 1349 744 privetdtpa

787 746 841 802 hoc
855 744 932 816 quod
949 742 1054 800 dicitur
1074 759 1138 800 esse
1165 743 1197 798 in
1214 741 1297 811 coelis,
1308 758 1345 803 ult

785 815 942 874 excluditur
956 815 1025 887 quin
1042 813 1080 872 sit
1096 813 1205 886 ubique
1223 820 1252 871 et
1266 814 1292 871 in
1302 828 1344 873 on·

786 887 870 945 nibus
898 886 984 955 locis;
1011 885 1142 958 quamvis
1168 885 1244 941 enim
1266 884 1342 969 uhiqu

787 960 824 1017 sit
842 964 919 1015 totus
937 957 1138 1028 essentialiter,
1158 956 1347 1030 praesentiente·

786 1039 815 1088 et
834 1028 1045 1103 potentialiter,
1061 1036 1159 1086 tamen
1178 1029 1244 1085 dicit
1262 1029 1292 1085 de
1308 1044 1340 1100 oo,

786 1101 834 1174 qui
849 1119 880 1159 es
897 1102 927 1158 in
941 1100 1029 1170 coelis,
1044 1106 1076 1157 ut
1093 1100 1209 1169 innuat,
1225 1100 1293 1172 quod
1303 1115 1339 1157 on·

786 1173 864 1230 lestis
884 1176 969 1230 Pater
993 1173 1123 1229 coelestes
1136 1171 1199 1227 vult
1215 1168 1337 1229 haberet·
1360 1199 1361 1202 ¹

786 1244 853 1313 lios3
881 1253 910 1301 et
934 1244 1010 1314 ideo,
1033 1250 1064 1300 ut
1088 1243 1128 1299 ait
1155 1244 1336 1313 corpsostmq

784 1318 954 1373 erubescant
966 1332 996 1372 se
1011 1315 1132 1372 terrenis
1144 1316 1230 1372 rebus
1243 1315 1337 1371 substan
1351 1364 1361 1377 ,.

786 1405 865 1456 nere,
887 1387 937 1460 qui
962 1388 1075 1443 Patrem
1102 1387 1209 1443 habent
1230 1387 1255 1442 in
1274 1383 1336 1442 teis
1362 1391 1365 1394 '

787 1462 867 1527 Item,
883 1465 915 1515 ut
941 1463 1056 1515 orantes
1082 1457 1211 1517 coelestia
1232 1461 1337 1531 petanu

786 1536 814 1586 et
837 1536 866 1587 ut
886 1532 916 1586 in
939 1528 1020 1586 coelis
1039 1529 1228 1587 hereditatem
1246 1528 1338 1585 filiorm
1364 1586 1368 1593 ,

786 1600 836 1658 [lei
860 1601 1026 1674 cogitemus.
1051 1604 1132 1670 ltem,
1152 1603 1220 1672 quia
1237 1601 1264 1658 in
1284 1596 1337 1657 coit
1371 1607 1372 1612 ’

787 1672 877 1744 magis
892 1673 1000 1730 relucet
1013 1689 1070 1729 sure
1083 1672 1187 1729 dirime
1198 1668 1336 1753 operationi

785 1748 911 1816 potestas
925 1748 954 1801 et
965 1743 1056 1801 virtus
1065 1743 1220 1817 praecipue,
1234 1751 1260 1801 et
1270 1748 1337 1817 potu
1359 1778 1362 1783 -

785 1815 890 1872 dicitur
916 1832 978 1873 esse
1006 1815 1045 1871 ibi
1074 1831 1161 1887 quarn
1190 1815 1264 1886 alibi,
1287 1813 1337 1871 siu

785 1886 880 1943 anima
894 1886 999 1959 ubique
1022 1892 1066 1942 est
1092 1886 1121 1942 in
1136 1903 1263 1960 corpore,
1274 1885 1336 1941 inlu

785 1956 844 2015 sius
859 1964 954 2015 tamen
964 1957 1136 2015 dicituresse
1152 1958 1182 2014 in
1197 1952 1335 2037 condenti,

784 2030 941 2086 secundum
953 2028 1035 2093 alios,
1050 2028 1248 2086 etiamdicitur
1259 2040 1335 2085 essen

784 2101 886 2172 capite,
909 2100 976 2172 quia
992 2099 1030 2157 ibi
1051 2101 1164 2158 nobiles
1187 2118 1244 2158 suae
1261 2113 1332 2173 opere

783 2171 876 2228 tiones
892 2172 983 2244 magis
1001 2171 1135 2229 videntur
1146 2187 1286 2245 apparere.

818 2249 834 2311 q
850 2244 937 2301 Purus
947 2261 1089 2301 onacrours
1102 2246 1333 2300 Dounucnrsuuo.

782 2346 816 2357 —
829 2318 893 2371 iam
908 2331 983 2372 nunc
998 2332 1061 2387 quae
1074 2322 1139 2372 suut
1151 2314 1301 2395 appetenda
1307 2310 1334 2367 ri·

782 2387 910 2443 deamus.
946 2385 1075 2444 Primum
1105 2394 1201 2445 autem
1235 2397 1336 2443 onnon

781 2473 846 2529 quae
861 2462 1008 2530 petuntur,
1027 2459 1139 2515 horest
1155 2475 1162 2514 :
1177 2460 1335 2527 Sanctitate

780 2546 878 2586 nomen
905 2536 994 2596 tuum,
1014 2529 1043 2586 id
1069 2534 1125 2599 est,
1155 2546 1255 2587 nomen
1277 2532 1335 2584 uun

780 2601 857 2671 quod
873 2599 948 2658 inse
970 2606 998 2658 et
1012 2616 1126 2674 semper
1146 2598 1296 2658 venerabile
1306 2599 1336 2655 et

780 2677 809 2729 et
823 2678 964 2744 sanctum,
982 2672 1161 2746 glorificetur
1186 2674 1336 2748 namnetum

779 2750 808 2800 et
822 2744 934 2801 celebre
943 2745 990 2809 sit,
1003 2750 1032 2801 et
1041 2745 1210 2802 ostendatur
1221 2743 1249 2800 in
1260 2742 1334 2799 nobo:

779 2821 808 2895 et
822 2813 853 2871 in
875 2816 961 2872 corde
976 2816 1120 2873 credendo
1135 2822 1164 2873 et
1178 2813 1337 2882 amandmet

778 2903 808 2942 1n
822 2903 872 2944 ore
891 2886 1037 2945 laudando
1064 2893 1093 2944 et
1117 2884 1337 2965 praedicandmel

777 2956 807 3013 in
819 2973 906 3030 opere
918 2959 991 3016 bene
1010 2957 1142 3028 vivendo,
1159 2965 1190 3016 ut
1205 2958 1300 3017 scilicet
1316 2969 1337 3034 ln

775 3034 875 3086 nostra
888 3027 948 3087 vita
960 3034 988 3086 et
996 3029 1213 3088 conversatione
1222 3024 1338 3104 spirituali

776 3106 893 3157 sanctus
919 3110 1073 3183 appareas:
1098 3105 1142 3159 lta
1163 3119 1232 3176 ergo
1257 3097 1339 3159 dicitu

775 3171 958 3242 sanctificam,
974 3171 1047 3230 sicut
1069 3174 1233 3245 clarificari,
1253 3177 1278 3231 et
1296 3184 1340 3227 ne

775 3241 1394 3316 gfflmmmmmmffls

773 3330 832 3397 non
853 3314 928 3397 enirn
951 3314 1075 3388 petimus
1093 3318 1170 3389 quod
1190 3317 1344 3391 aliquasan·
1387 3346 1393 3361 ·

775 3391 857 3443 ctrtas
874 3402 901 3443 er
914 3387 950 3443 de
965 3404 1038 3445 nouo
1054 3396 1210 3458 accrescat,
1225 3387 1346 3462 quiahoc

774 3463 817 3514 est
832 3456 1019 3539 impossibile,
1043 3459 1093 3516 sed
1120 3461 1198 3532 quod
1226 3456 1347 3518 sanctius

773 3544 839 3600 quae
855 3530 1029 3587 eternaliter
1054 3528 1140 3601 inest,
1155 3531 1283 3590 reluceat
1297 3544 1348 3588 an·

772 3599 847 3671 plius
868 3599 899 3656 in
914 3599 1061 3673 creaturis,
1078 3618 1113 3659 ac
1129 3601 1225 3676 primo
1242 3609 1272 3661 et
1284 3599 1350 3676 prin-

772 3671 902 3753 cipaliter
933 3676 1079 3754 quaeratur
1105 3673 1137 3729 in
1157 3674 1294 3747 operibus
1310 3673 1353 3731 hu

772 3758 875 3812 manis,
889 3750 929 3812 ut,
938 3748 1020 3815 Juxta
1030 3760 1123 3816 praece
1145 3749 1207 3802 tum
1217 3742 1353 3821 Apostoli:

770 3814 871 3871 Omnia
884 3817 914 3871 in
925 3816 1044 3884 gloriam
1054 3818 1104 3872 Dei
1116 3761 1271 3884 iaciamus.
1284 3815 1357 3876 Unde

771 3886 976 3966 chrysostomus
994 3905 1002 3942 :
1021 3908 1036 3939 o
1054 3886 1146 3959 Digna
1154 3904 1282 4015 lprorsum
1298 3887 1358 3971 eius

769 3971 819 4027 qur
833 3958 924 4015 Deum
948 3959 1062 4016 Patrem
1078 3974 1152 4032 appe
1175 3961 1237 4018 avit
1256 3966 1358 4032 oratio,

767 4026 975 4086 nihilomnino
997 4026 1078 4102 prius
1104 4045 1191 4103 quam
1208 4047 1265 4115 pro
1285 4031 1359 4090 illu

767 4097 859 4170 gloria
873 4098 1044 4229 supplicare.
1057 4100 1193 4175 Dignare,
1208 4103 1317 4186 rnquit,
1328 4101 1359 4161 in

767 4176 826 4228 tam
848 4186 920 4228 mun
935 4187 958 4246 ,a
980 4188 1034 4230 nos
1053 4180 1277 4234 conversatione
1302 4190 1359 4234 seu·

765 4256 844 4315 rare,
862 4247 897 4302 ut
915 4258 969 4319 per
991 4259 1046 4304 nos
1070 4244 1165 4305 cundi
1189 4252 1220 4306 te
1240 4246 1358 4308 omnino
