2790 4912
279 335 366 396 onon
394 334 481 387 rusti
509 332 608 389 tusus
636 335 799 390 iuvencus
827 337 887 391 lisr
914 334 947 387 ll
975 334 1114 390 TEMPLO.
1276 337 1319 393 133

43 500 45 505 .
117 445 176 500 terre.
187 442 256 497 Nota
271 438 357 496 eliam
364 437 523 508 moraliter,
533 439 609 509 quod
622 455 674 512 per

43 520 49 561 ·.
118 519 152 571 bec
169 512 235 594 qnod
255 509 385 593 Christus
400 509 616 592 interrogationi
631 527 674 568 re·

117 603 127 642 c
165 585 207 651 uc,
232 599 315 654 quasi
356 581 524 651 corrigendo
554 582 672 639 verbum

135 656 192 722 atris,
211 670 275 726 quae
291 653 385 725 ipsum
405 667 469 708 eum
484 651 583 709 delore
598 653 673 710 inter

51 736 55 741 '
118 732 219 800 cognatos
232 732 262 781 et
272 730 356 781 notos
370 721 534 796 quesierat,
543 723 672 782 omissio·

119 814 161 856 nen
183 797 358 854 vinculorum
392 794 540 866 sanguinis
573 800 672 869 aperte

119 870 221 952 suggerit,
246 867 401 925 ostendens
423 866 500 947 quod
521 882 579 923 non
603 883 672 924 con·

120 940 176 1012 tingit
193 944 295 997 metam
321 937 505 1011 perfectionis
532 939 672 1011 attingere

120 1027 170 1080 ern,
184 1011 227 1093 qui
245 1011 339 1067 adhuc
358 1014 479 1082 vagatur
497 1008 528 1064 in
547 1010 592 1065 bis
609 1026 671 1081 quae

121 1082 401 1154 omencouleruntur3
413 1084 442 1137 et
450 1080 525 1151 quod
534 1080 672 1138 homode-

120 1152 159 1209 ficit
174 1170 187 1211 a
204 1153 385 1226 perlectione,
399 1154 517 1224 propter
534 1152 667 1209 allectum

120 1222 670 1295 cognatorumlltboeinnuitperprimam

120 1295 248 1365 clausulam,
275 1311 340 1352 curn
358 1294 422 1350 ait:
443 1294 517 1361 Quid
537 1301 577 1350 est
598 1296 671 1366 qnod

119 1382 147 1422 ne
163 1369 333 1438 emebatis?
352 1365 461 1422 scilicet
474 1365 551 1423 inter
566 1382 670 1438 cogna-

120 1442 155 1506 tos,
163 1444 184 1495 et
194 1438 343 1496 carnaliter
350 1436 537 1562 propincssuos.
549 1439 603 1494 Per
617 1438 671 1494 hoc

119 1511 238 1582 veroquod
250 1508 348 1568 addit:
365 1511 461 1567 lt'csoa'c
479 1512 545 1577 otis,
563 1512 670 1580 quinia

120 1579 156 1650 its,
167 1587 219 1651 cte,
233 1582 317 1638 docet
332 1594 395 1649 nos,
419 1595 477 1635 non
495 1579 600 1636 debere
620 1596 672 1653 per

118 1647 188 1709 infirm
197 1653 285 1727 gradi,
300 1652 349 1709 sed
359 1653 396 1708 ad
408 1650 556 1724 superiora
566 1652 671 1709 debere

118 1723 192 1781 nentis
201 1725 295 1783 oculos
310 1724 450 1780 attollere.
463 1722 609 1780 Moraliter
620 1739 672 1796 per

116 1790 220 1873 hocquod
230 1795 359 1854 Christus
367 1811 431 1853 cum
440 1800 587 1868 correptus
597 1799 672 1852 esset

115 1860 173 1922 lna
190 1870 287 1936 llatre,
304 1883 335 1924 se
350 1865 472 1924 dulciter
487 1872 516 1922 et
528 1867 673 1923 humiliter

117 1939 236 2017 acuarit,
249 1938 318 1997 alibi
332 1944 439 2008 autern,
455 1936 563 1994 scilieet
577 1937 606 1994 in
622 1955 672 1994 nu-

113 2009 162 2129 Htus
172 2026 225 2067 curn
238 2011 376 2066 inritatus
384 2014 437 2078 est,
453 2009 489 2065 ad
502 2008 670 2067 miraculum

127 2081 403 2154 nrerespondit,dedit
417 2079 500 2137 nobis
511 2081 670 2163 exemplum

113 2149 133 2200 tt
151 2149 258 2210 lernam
285 2151 462 2223 humilitatis,
479 2157 510 2208 ut
538 2153 670 2210 malimus

112 2221 190 2296 oripi
203 2240 288 2297 quam
304 2223 424 2281 laudari.

140 2296 164 2348 ιδ
176 2297 276 2354 Paruuu
294 2313 402 2352 venenu
417 2296 527 2353 Cnnrsrr
542 2313 670 2352 scnrrruu

111 2371 142 2438 ¹¹9
159 2383 282 2425 meurs.
307 2399 341 2408 —
366 2369 400 2423 Et
424 2371 492 2423 nota
506 2369 581 2439 quod
596 2367 671 2423 istud

109 2425 147 2487 lut
169 2439 285 2510 primum
313 2439 432 2496 verbum
457 2438 534 2510 quod
561 2441 596 2495 ab
621 2455 671 2495 ore

110 2496 238 2566 Silvaob
259 2510 404 2583 prolatum
429 2526 491 2567 esse
512 2510 625 2580 legitur,
641 2509 671 2564 in

106 2582 150 2644 l¹¹0
170 2598 247 2638 suam
273 2582 454 2638 divinitatem
473 2581 620 2653 expressit.
638 2582 672 2635 Et

103 2651 177 2712 bum
193 2655 311 2710 verbum
331 2659 417 2710 tantae
432 2651 486 2708 luit
502 2651 670 2720 altitudinis,

105 2723 163 2784 bon
176 2724 264 2781 Maria
279 2729 306 2780 et
321 2724 426 2797 ioseph
441 2723 535 2795 ipsum
554 2740 611 2780 non
627 2722 670 2778 in-

100 2784 260 2853 tetcxerunt.
268 2799 302 2852 Et
315 2796 369 2852 boc
379 2799 422 2851 est
433 2795 508 2867 quod
519 2794 651 2852 subditur
663 2813 669 2850 :

95 2855 129 2919 Et
139 2870 189 2939 ipsi
202 2884 256 2924 oon
266 2868 461 2923 intellexerunt
474 2867 586 2922 verbum
619 2867 672 2924 uod

99 2932 191 2995 dmiccc
212 2943 253 2995 est
271 2939 309 2993 ad
327 2954 379 3000 eos.
404 2937 513 2993 scilicet
536 2884 615 3008 quod
636 2939 672 2995 de

99 3006 171 3067 Patre
196 3009 315 3077 dixerat,
332 3014 360 3065 et
381 3009 449 3081 quid
473 3024 525 3080 per
538 3009 592 3064 hee
608 3025 672 3066 ver·

94 3080 154 3138 bum
168 3081 287 3138 innuere
301 3081 394 3138 vellet.
409 3079 528 3136 Volebat
538 3079 614 3136 enirn
630 3081 672 3138 eis

91 3151 218 3220 innuere,
233 3152 309 3224 qnod
334 3152 406 3209 sieut
427 3151 463 3209 ad
488 3152 611 3219 Patrem,
633 3153 673 3209 ita

88 3225 123 3281 ad
144 3224 237 3296 ipsum
259 3223 413 3294 pertineret
435 3238 505 3278 cura
521 3223 629 3294 templi,
645 3229 674 3280 et

83 3293 673 3438 actitatamtacitatacita

345 3409 352 3435 l

82 3444 128 3496 est
152 3439 299 3509 majestas,
314 3437 417 3508 gloria,
433 3441 461 3493 et
485 3436 623 3508 operatio,
639 3454 672 3494 ae

82 3526 142 3567 una
170 3509 264 3577 sedes,
294 3514 323 3564 et
350 3509 467 3577 demus,
494 3524 553 3564 non
578 3508 670 3565 selum

81 3579 252 3649 materialis,
279 3580 329 3636 sed
358 3585 386 3637 et
413 3577 578 3652 spiritualis.
602 3581 671 3636 Cum

81 3652 174 3709 llaria
191 3656 220 3707 et
244 3652 350 3723 Josepb
374 3652 471 3708 lesum
492 3651 541 3706 Dei
570 3651 671 3707 Filium

80 3723 243 3790 crederent,
259 3728 425 3779 nontamen
441 3722 672 3779 animadvertunt

80 3795 150 3867 quid
168 3795 255 3862 dieat,
276 3810 328 3850 nec
348 3793 450 3850 divinae
471 3798 580 3850 naturae
595 3809 673 3850 arca·

80 3882 151 3922 num
168 3864 343 3937 intelligunt,
359 3866 426 3937 quia
441 3864 509 3921 talia
525 3867 561 3921 ab
577 3881 610 3922 eo
624 3882 672 3922 au·

78 3937 142 3994 dire
159 3937 254 3992 adbuc
280 3937 384 3993 assueti
407 3953 464 3993 non
486 3941 577 4001 erant,
593 3942 621 3992 et
636 3937 672 3993 de

80 4008 232 4065 divinitate
242 4025 294 4064 sua
307 4008 433 4064 nendum
448 4009 484 4065 ad
495 4024 545 4064 eos
557 4008 672 4079 loquen-

79 4086 138 4138 tem
147 4078 316 4147 audierant,
334 4080 377 4135 vel
388 4079 588 4137 intellexerunt
604 4080 671 4150 quid

80 4150 165 4221 dixit,
182 4150 233 4207 sed
253 4150 364 4207 nonita
384 4151 478 4223 plene,
496 4158 528 4208 ut
546 4157 671 4223 postmo-

80 4222 161 4279 dum.
176 4225 239 4293 lpse
253 4239 319 4278 rere
340 4223 376 4278 ad
391 4223 489 4279 Matris
508 4222 672 4294 requisitio·

80 4309 149 4352 nem
165 4298 194 4351 et
207 4293 383 4351 voluntatem
397 4294 480 4351 rediit
494 4300 520 4350 et
533 4295 673 4351 descendit

731 457 791 497 eum
809 442 848 496 eis
867 445 893 496 et
910 444 985 497 venit
998 445 1148 512 Nazareth,
1166 444 1202 501 ad
1217 459 1318 503 eorum

731 510 967 580 consolationem,
981 513 1030 570 ubi
1046 519 1107 571 erat
1123 521 1276 588 conceptus
1290 520 1320 573 et

731 584 879 651 educatus,
917 584 992 640 unde
1023 591 1052 641 et
1084 588 1247 643 Nazarenus
1274 592 1319 645 est

729 661 855 711 vocatus.
872 656 942 712 Nam
958 655 1025 727 quia
1035 658 1110 713 Dens
1124 664 1152 714 et
1162 660 1248 715 bomo
1262 663 1317 729 est,

729 730 882 798 utramque
907 742 989 783 suam
1015 732 1146 785 naturam
1169 729 1252 787 nobis
1271 728 1318 787 hie

729 798 920 866 commendat,
934 803 962 855 et
974 814 1049 855 nunc
1063 802 1174 857 excelsa
1189 799 1315 872 deitatis,

727 884 804 925 nunc
837 868 952 925 infirma
980 871 1115 927 humanae
1155 871 1318 944 tragilitatis

727 940 852 1022 praelert.
888 942 985 1013 ltaque
1014 943 1094 1067 Ἱυαεί
1124 943 1221 1026 homo,
1252 957 1317 1000 curn

728 1013 896 1083 parentibus
921 1014 1079 1069 Jerusaem
1105 1015 1244 1084 ascendit,
1266 1014 1318 1072 sed

728 1084 810 1155 quasi
840 1086 925 1155 Deus,
955 1083 1012 1140 illis
1047 1085 1252 1154 nescientibus,
1287 1084 1317 1141 in

727 1154 834 1227 templo
844 1155 1082 1227 remansit;quasi
1092 1158 1176 1213 borno
1187 1157 1317 1214 seniores

726 1225 932 1297 interrogabat,
947 1226 996 1282 sed
1012 1227 1089 1298 quasi
1103 1229 1179 1285 Dens
1192 1245 1255 1300 quae
1271 1243 1316 1284 se·

726 1297 823 1353 niores
836 1299 1009 1353 mirarentur
1018 1299 1224 1369 respondebat;
1234 1296 1317 1370 quasi

727 1367 778 1424 liei
789 1367 874 1424 Filius
885 1367 1029 1439 intemplo
1040 1368 1133 1424 Patris
1144 1374 1231 1426 etsuo
1242 1384 1317 1426 com·

726 1442 865 1507 moratur,
875 1439 925 1495 sed
933 1438 1019 1510 ‚quasi
1033 1438 1239 1496 filiusbominis
1250 1454 1317 1497 cnm

727 1510 893 1583 parentibus
908 1525 965 1582 qno
976 1511 1079 1581 jubent
1097 1510 1260 1568 revertitur.

765 1587 796 1650 il,
818 1583 858 1638 De
882 1582 990 1639 Cnnrsrr
1017 1599 1191 1638 sunurssronn
1217 1599 1246 1638 ru
1272 1599 1318 1640 ra·

726 1671 838 1711 neuras.
857 1685 888 1696 -·
905 1657 942 1710 Et
965 1658 1024 1709 erat
1039 1654 1167 1709 subditus
1188 1655 1258 1718 illis,
1279 1652 1317 1711 ad

727 1731 856 1783 nostram
883 1724 1096 1782 instructionem
1124 1727 1153 1782 et
1173 1724 1316 1798 superbiae

726 1802 833 1853 uestrae
857 1796 1064 1865 contusionem,
1083 1797 1129 1868 qui
1150 1796 1316 1869 frequenter

727 1869 874 1926 renuimus
885 1867 984 1939 subjici
993 1867 1188 1941 superioribus
1197 1866 1314 1925 nostris.

726 1943 793 1997 Erat
808 1942 910 2013 quippe
927 1939 1057 1997 subditus
1076 1939 1143 2009 illis,
1162 1938 1270 1997 scilieet
1284 1939 1315 1996 in

727 2028 761 2069 ea
774 2017 876 2069 natura
890 2028 945 2084 qua
959 2013 1042 2069 Patre
1057 2010 1150 2068 minor
1163 2017 1216 2069 est.
1232 2011 1314 2082 Quia,

727 2089 758 2140 ut
778 2083 847 2139 dicit
865 2085 1048 2154 augentibus,
1075 2084 1230 2141 seeundum
1255 2083 1316 2140 ior·

727 2171 803 2211 marn
818 2157 892 2211 servi
911 2171 982 2227 puer
1000 2155 1126 2212 Christus
1141 2156 1235 2211 minor
1253 2156 1316 2212 erat

727 2227 813 2283 etiarn
837 2227 1002 2299 parentibus
1030 2227 1098 2283 suis.
1129 2229 1162 2282 Et
1190 2231 1220 2282 tu
1245 2241 1314 2297 ergo

727 2298 857 2355 subditus
876 2304 937 2354 esto
964 2302 1080 2369 propter
1104 2296 1196 2365 illurn,
1225 2301 1257 2354 ut
1278 2295 1316 2353 ad

727 2385 792 2426 eum
805 2385 856 2441 per
870 2367 1045 2424 obediendia
1058 2367 1186 2423 laborem
1201 2367 1314 2438 redeas,

727 2457 745 2497 a
761 2457 818 2512 quo
835 2455 886 2510 per
900 2437 1099 2495 inobedientia
1115 2437 1253 2494 desidiam
1267 2454 1314 2494 re·

728 2526 866 2569 cesseras.
883 2510 933 2566 llic
946 2510 1022 2564 enim
1035 2507 1204 2588 eremplum,
1220 2514 1248 2564 et
1260 2508 1316 2588 lor·

728 2598 804 2638 mam
820 2579 989 2637 obedientiae
1005 2584 1033 2634 et
1046 2578 1214 2635 humilitatis
1231 2578 1315 2636 Chri-

728 2659 789 2710 stus
808 2651 890 2708 nobis
909 2649 1030 2723 praebuit
1048 2657 1076 2706 et
1099 2648 1232 2717 ostendit,
1246 2648 1315 2707 dum

727 2725 788 2797 ipse
803 2723 958 2794 imperator
972 2721 1083 2790 mundi,
1095 2727 1123 2778 et
1135 2719 1179 2777 cui
1192 2720 1315 2777 mundus

728 2797 874 2867 subjectus
902 2799 971 2862 est,
997 2792 1163 2864 parentibus
1197 2790 1257 2849 suis
1286 2795 1316 2849 et

728 2883 826 2925 eornm
846 2865 965 2940 imperio
985 2864 1131 2921 humiliter
1152 2864 1235 2921 subdi
1262 2879 1315 2921 vo·

727 2939 789 2996 luit.
813 2938 936 2995 Audiant
962 2953 1029 3008 ergo
1049 2937 1110 2993 haec
1133 2935 1261 3004 subditi,
1287 2939 1316 2992 et

728 3009 834 3068 subditi
853 3024 915 3067 esse
935 3025 991 3065 nen
1010 3008 1211 3080 dedignentur,
1225 3007 1248 3063 si
1271 3005 1315 3064 ui-

728 3083 793 3139 dem
810 3081 943 3139 omnibus
963 3080 1087 3152 praelatis
1109 3079 1238 3136 subditus
1252 3022 1316 3136 deri

728 3170 785 3210 non
808 3158 851 3210 est
874 3152 1054 3222 dedignatus.
1070 3150 1182 3207 Praelati
1202 3163 1315 3221 quoque

727 3243 786 3282 non
801 3241 834 3280 su
854 3224 978 3290 erbiant,
991 3228 1020 3277 et
1031 3222 1061 3277 in
1071 3224 1137 3277 lose
1158 3219 1314 3291 bpraelato,

727 3302 756 3353 et
770 3295 799 3351 in
814 3241 925 3352 Cdristo
941 3291 1052 3373 subdito
1073 3237 1233 3370 intedigant
1247 3288 1315 3360 quia

727 3359 1313 3512 dicltmutatcttabllctat:

727 3508 773 3576 rit,
788 3524 846 3563 non
870 3504 1029 3562 elevabitur
1047 3503 1190 3574 superbia,
1207 3517 1253 3572 qur
1269 3503 1313 3558 est

726 3578 875 3636 sublimior
889 3575 1037 3646 dignitate,
1055 3574 1149 3631 sciens
1166 3574 1313 3630 moliorem

726 3650 778 3708 sibi
795 3651 952 3731 subjectum
964 3663 1035 3703 esse.
1053 3649 1086 3702 Et
1097 3646 1211 3702 adverte
1225 3661 1314 3717 quan·

727 3719 1050 3792 tatuitdignitasbeatae
1061 3715 1315 3789 Virginis,qnodei

726 3793 775 3850 ille
790 3793 934 3865 subjectus
946 3795 999 3860 est,
1015 3789 1059 3846 eui
1075 3788 1167 3846 omnis
1184 3793 1316 3845 creatura

728 3863 884 3936 subjicitur.
906 3863 985 3919 Unde
1002 3864 1176 3931 Augustinus
1194 3880 1202 3916 :
1228 3882 1242 3911 «ι
1258 3861 1317 3916 lloe

728 3935 873 4005 singulare
897 3933 1077 4006 privilegium
1100 3931 1199 3990 babuit
1217 3931 1315 4004 Virgo,

729 4012 760 4064 ut
774 4007 893 4063 haberet
907 4004 960 4061 sibi
976 4006 1147 4076 subJectum,
1159 4019 1241 4075 quem
1258 4017 1316 4083 non

727 4079 819 4135 solum
833 4078 1214 4144 hnmauacreatura,verum
1230 4078 1316 4129 etiam

728 4148 864 4222 angelica
874 4155 1028 4218 reveretur,
1036 4153 1064 4203 et
1078 4147 1178 4203 adorat
1190 4143 1315 4200 multitu-

728 4222 775 4278 do.
794 4241 808 4270 »
824 4220 902 4276 Unde
918 4225 945 4276 et
956 4220 1123 4281 Romanius,
1139 4217 1316 4292 pertractans

728 4294 783 4349 hoc
807 4291 882 4348 idern
895 4293 1031 4349 verbum:
1052 4292 1086 4344 Et
1106 4291 1168 4342 erat
1185 4282 1316 4339 subditus
