2790 4912
353 366 393 420 ΒΕ
420 366 704 423 tunsinrlrlohu
730 367 849 423 uulllltl
877 367 910 420 tlt
939 367 1108 422 tullinum.
1305 373 1349 427 103

100 464 183 523 enim
198 473 229 525 et
245 466 340 541 ipsum
356 470 481 528 Verbum
496 471 546 528 Dei
563 470 593 529 in
607 470 700 529 mani·
758 472 809 540 tio,
834 470 891 528 imo
911 470 998 527 totius
1023 472 1200 545 Evangelicae
1222 472 1351 532 historias

104 531 160 592 bus
188 539 330 612 accipere,
362 547 391 597 et
419 541 487 598 tidei
518 558 551 599 ac
581 543 653 616 spei,
672 548 702 600 et
759 543 890 615 quadam
920 541 1089 600 brevissima
1122 545 1349 616 comprehensio.

108 604 259 668 charitatis
295 611 419 669 brachiis
451 613 607 671 merebitur
638 630 700 672 am·
759 616 798 670 Ea
811 628 933 684 namque
946 629 1009 684 quai
1020 613 1175 687 respiciunt
1187 617 1248 688 ejus
1260 616 1352 674 incar-

108 674 211 757 plecti3
237 689 268 740 et
291 688 360 740 tuuc
386 683 554 755 dimittetur,
581 690 614 743 ut
642 702 702 742 non
759 685 907 741 nationem
920 685 1200 757 comprehenduntur
1214 686 1244 743 iu
1259 702 1350 760 pace:

112 748 207 827 udeat
225 759 348 811 mortem
372 760 522 825 aeternam,
548 755 615 828 quia
632 755 703 813 vidit
759 759 821 829 lpse
842 757 915 811 enim
940 762 979 812 est
997 773 1059 829 poc
1079 763 1184 822 nostru,
1212 762 1262 830 qui
1285 761 1353 827 fecit

115 825 211 897 'tiam
242 826 361 882 Multum
386 826 462 884 enim
490 826 556 884 felix
580 832 703 885 mortem
759 834 878 899 utroque
896 843 1000 895 unum,·
1017 827 1083 899 quia
1101 833 1253 901 utramque
1273 836 1354 886 natu·

119 890 221 951 Videbit
237 895 342 965 carnis,
364 897 535 970 quicumque
557 897 599 954 sio
622 897 702 956 Chri·
760 915 822 955 ram
848 898 878 955 in
902 914 958 954 uuo
982 898 1128 971 supposito
1156 900 1258 968 univit,
1281 901 1353 958 duos

123 962 192 1022 tium
203 967 352 1024 Dominum
367 971 503 1041 satagerit
516 968 595 1042 prius
606 969 703 1026 videre
759 969 879 1042 populos
895 968 925 1025 in
941 984 1028 1025 unum
1047 970 1198 1042 copulavit,
1217 972 1288 1028 dans
1303 987 1354 1044 pa-

126 1034 205 1114 titulis
216 1038 319 1095 cordis.
337 1041 417 1097 Unde
428 1041 608 1098 Bernordua:
626 1062 641 1092 «
655 1042 702 1098 Di·
760 1057 822 1098 ccin
840 1041 884 1097 his
908 1039 956 1112 qui
977 1040 1060 1124 longe
1082 1047 1112 1099 et
1128 1042 1174 1099 his
1190 1041 1238 1124 qui
1254 1058 1354 1115 prope,

130 1109 240 1178 prtum
253 1109 283 1165 iu
298 1126 379 1196 poce,
395 1111 443 1183 qui
459 1111 602 1169 Christum
617 1112 705 1170 habet
761 1114 851 1169 Deum
865 1112 951 1169 etiam
966 1112 1076 1168 homiui
1091 1113 1296 1170 reconciliavit.
1316 1115 1356 1170 Ea

134 1184 160 1228 ¹1¹
169 1185 284 1249 pectora
299 1198 311 1236 a
330 1198 359 1237 se
377 1187 450 1238 enim
464 1188 504 1239 est
519 1200 579 1255 pau
597 1189 702 1240 nostra.
759 1199 826 1240 vero
842 1199 906 1254 quae
923 1182 1081 1256 respiciunt
1095 1185 1156 1256 ejus
1172 1183 1356 1256 praedicatio-

136 1241 180 1317 lb,
197 1266 246 1333 quo
256 1198 370 1334 μῖξίς,
388 1253 485 1311 anima
504 1255 622 1324 misera,
640 1270 704 1327 quae
759 1270 836 1322 nem,
852 1261 879 1309 et
892 1269 952 1310 suae
965 1253 1033 1310 ritae
1045 1256 1305 1324 conversationem,
1321 1271 1356 1312 ac

138 1311 216 1378 <lucem
232 1329 342 1380 itineris
364 1325 489 1382 desumi
530 1326 614 1383 oras?
634 1346 648 1376 n
669 1357 705 1367 -
759 1323 962 1380 miraculorum
987 1324 1197 1395 operationem,
1224 1341 1354 1398 compre·

142 1383 239 1463 luta,
259 1394 385 1464 Simeon,
406 1395 453 1468 qui
473 1413 488 1453 o
508 1398 600 1453 odiens
613 1395 703 1453 iuter·
759 1396 926 1452 henduutur
940 1394 969 1450 iu
985 1394 1065 1463 luce;
1086 1396 1164 1452 unde
1184 1396 1244 1467 ipsc
1260 1396 1353 1452 dicit:

143 1467 251 1533 unuin,
280 1466 388 1523 bonum
411 1467 576 1539 religiosum
594 1467 703 1541 signiti-
758 1470 816 1535 noo
831 1482 891 1521 sum
909 1467 959 1521 tue
977 1468 1084 1522 muudi.
1105 1467 1173 1532 Quae
1190 1471 1285 1523 autem
1305 1482 1354 1524 re·

143 1535 185 1602 aab
197 1539 220 1591 ct
232 1535 277 1593 hic
292 1543 389 1594 manet
408 1538 438 1594 in
451 1541 622 1609 Jerusalem,
640 1555 704 1611 quae
759 1536 881 1610 spiciunt
895 1536 1122 1609 redemptionem
1136 1542 1164 1593 et
1176 1536 1355 1609 passionem,

142 1604 317 1677 ¹ttcrprctatur
327 1612 455 1680 meliton,
476 1610 544 1682 quia
563 1617 659 1667 manet
675 1610 704 1666 in
759 1609 1039 1680 comprehenduntur
1058 1608 1217 1665 innomine
1234 1607 1353 1678 salutis;

137 1676 190 1731 moa
205 1677 316 1735 iuterna
332 1685 360 1735 et
376 1681 512 1750 fraterna,
534 1681 583 1754 qui
599 1687 643 1738 cst
657 1682 703 1753 ju·
759 1680 809 1737 sed
837 1695 901 1751 quae
931 1679 1087 1751 respiciunt
1112 1678 1350 1736 resurrectionem

132 1736 551 1820 stlltcdpmximum,timorosus
559 1753 596 1810 ad
604 1755 703 1819 Deum,
757 1757 786 1808 ct
800 1750 1008 1820 ascensionem,
1025 1751 1304 1823 comprehenduntur
1320 1749 1350 1807 iu

128 1812 276 1887 &aucuns
303 1823 525 1880 consolationem
556 1824 655 1893 lsrael,
675 1823 704 1879 id
758 1822 860 1895 gloria.
888 1824 922 1878 Et
969 1821 1015 1878 uia
1041 1821 1182 1878 canticum
1208 1821 1283 1878 istud
1309 1820 1351 1878 sic

109 1882 280 2016 munic
289 1891 421 1966 visionis,
432 1894 499 1965 quia
510 1896 597 1952 lsrael
608 1895 705 1950 videns
759 1894 887 1950 continet
900 1837 993 1949 laudis
1007 1892 1110 1951 Christi
1122 1892 1349 2020 ¹plenitudinem,

105 2016 181 2086 sn
195 1960 703 2108 xllhbiill’dhslilllisall'
758 1961 1350 2093 littltlhltthhtlthlltlt?

96 2073 221 2159 acium.
244 2106 279 2160 Et
302 2078 352 2163 tali
376 2108 462 2164 datur
483 2110 566 2165 Jesus
586 2107 623 2164 ad
642 2122 703 2163 am·
760 2111 837 2164 tatur
858 2105 888 2162 in
907 2106 1103 2179 completorio.

86 2149 297 2245 metandum,
323 2184 353 2234 et
377 2177 417 2234 sic
436 2194 499 2236 cum
519 2179 651 2237 Simeoue
670 2178 705 2235 de
799 2183 830 2246 id
845 2180 974 2236 Simeonis
995 2195 1164 2235 nnnnnierio.
1184 2211 1218 2220 -
1237 2181 1274 2236 Et
1292 2185 1353 2235 erut

90 2218 194 2302 ‘into
221 2247 361 2304 beneflcio
381 2249 523 2307 benedicit
542 2250 704 2332 Dominum,
757 2254 838 2320 poter
857 2249 930 2320 ejus,
955 2249 1063 2306 scilicet
1086 2249 1240 2322 putativus,
1259 2249 1289 2306 id
1309 2255 1354 2306 est

81 2304 143 2371 §p
166 2316 314 2375 desiderat
335 2318 412 2378 exire
432 2321 468 2377 de
492 2321 609 2390 mundo,
630 2326 659 2377 ut
679 2337 705 2377 ei
758 2321 875 2392 Joscph,
910 2319 957 2392 qui
996 2320 1100 2377 meruit
1140 2320 1235 2377 vocari
1270 2325 1353 2392 pater

77 2371 199 2444 (latui
218 2388 255 2444 ad
276 2390 402 2461 perlecta
422 2392 582 2463 fruendum,
603 2408 705 2449 secuu-
760 2391 876 2464 Christi,
901 2407 935 2448 eo
955 2392 1031 2462 quod
1050 2390 1103 2447 tuit
1121 2390 1255 2448 nutritius
1279 2392 1351 2462 ejus,

79 2447 181 2515 Qum
206 2459 385 2531 Apostolum,
411 2463 578 2519 medentum
604 2464 706 2520 tobeias
759 2468 786 2518 ct
811 2464 901 2518 Mater
926 2463 988 2533 cjus
1013 2477 1091 2528 vera,
1119 2461 1224 2518 scilicet
1252 2461 1351 2529 llaria,

76 2528 244 2594 ducatu,
259 2537 286 2587 et
297 2549 354 2588 ease
366 2550 427 2589 cum
440 2536 557 2592 Christo.
568 2565 604 2576 -
618 2538 707 2592 blora-
759 2536 902 2597 mirantes,
922 2548 979 2588 uon
996 2531 1162 2600 dubitando,
1184 2532 1234 2588 sed
1253 2547 1351 2588 asseu-

83 2582 181 2657 liter
194 2600 282 2657 ctiam
295 2603 340 2660 hic
354 2605 523 2663 instruimur
537 2606 572 2662 de
587 2605 684 2662 multis
698 2623 705 2662 ε
760 2603 857 2660 tiendo
871 2608 898 2659 et
913 2602 1129 2673 congaudendo,
1143 2604 1352 2683 superbisque

86 2671 221 2744 mimo,
253 2675 309 2730 uod
323 2690 376 2747 per
387 2675 514 2734 virtuosa
528 2693 625 2748 opera,
643 2692 707 2749 qua
761 2675 924 2729 dicebantur
934 2674 968 2729 dc
981 2675 1042 2737 itto,
1056 2671 1163 2728 scilicet
1177 2675 1256 2730 lesu.
1267 2675 1352 2729 llira·

148 2743 243 2799 rbrac
265 2744 708 2820 iaintelliguutur,lesusapprs·
761 2747 845 2802 batur
860 2744 957 2817 Virgo,
973 2744 1008 2800 de
1028 2743 1073 2800 his
1092 2759 1156 2825 quae
1171 2743 1301 2801 audierat
1315 2744 1352 2800 ab

129 2812 267 2884 cuditur3
280 2818 415 2887 secundo,
428 2818 707 2901 inhocquodsenex
761 2815 869 2887 angelo
895 2815 925 2873 in
950 2815 1180 2884 annuntiatione,
1204 2817 1240 2872 ab
1260 2815 1351 2872 Elisa·

101 2884 257 2941 infantem
282 2889 415 2961 suscepit,
441 2889 611 2946 instruimur
631 2890 707 2962 quod
761 2889 829 2944 beth
848 2887 878 2944 in
893 2887 1063 2944 salutatione
1080 2891 1107 2944 et
1124 2887 1242 2944 loannis
1260 2886 1351 2944 exsul·

100 2955 150 3012 de
172 2955 249 3012 osita
276 2959 365 3031 culpae
391 2964 542 3030 vetustate,
570 2961 707 3018 debemus
762 2959 879 3029 tatione,
898 2965 926 3016 et
940 2975 957 3015 a
971 2958 1107 3015 Zacharia
1123 2959 1153 3015 iu
1166 2957 1284 3016 loanhis
1302 2973 1352 3014 na-

114 3025 121 3037 '
166 3042 238 3083 uere
262 3029 327 3086 xitae
356 3031 525 3102 novitatem3
552 3032 649 3100 tertio,
676 3031 707 3088 in
761 3029 1352 3102 tivitate.ltemmirabaturipsaetloscph

115 3097 172 3154 hoc
188 3099 267 3170 quod
282 3101 409 3159 Christus
425 3102 472 3174 qui
489 3103 585 3159 omnia
602 3107 708 3175 portat,
763 3118 826 3159 cum
846 3118 891 3172 ca,
910 3103 946 3159 de
968 3101 1154 3159 exsultatione
1168 3102 1352 3173 Angelorum,

115 3167 209 3225 voluit
237 3172 356 3242 portari,
385 3175 524 3231 babemus
550 3174 709 3245 exemplum
763 3178 829 3230 nato
840 3173 962 3243 Christo,
972 3178 1000 3230 et
1015 3174 1051 3230 de
1065 3172 1174 3228 cantico
1185 3172 1353 3240 novo;item

116 3238 303 3311 humilitatis3
322 3250 434 3315 quarto,
450 3244 480 3301 in
498 3246 553 3302 hoc
572 3246 648 3327 quod
666 3245 709 3303 Si·
764 3245 800 3301 de
812 3245 934 3301 adventu
946 3240 1353 3326 pastorumetdereuerentia

119 3324 206 3367 meon
222 3312 365 3371 benedixit
379 3318 480 3385 Deum,
492 3315 659 3373 iustrmmur
673 3317 710 3373 ad
765 3318 925 3387 Magorum3
951 3321 1019 3370 item
1043 3315 1079 3370 de
1101 3312 1225 3369 adventu
1245 3314 1354 3368 Simeo-

119 3381 265 3453 agcndum
291 3385 398 3457 gratias
428 3390 487 3445 Deo
515 3387 551 3445 de
578 3388 711 3445 omuibus
764 3387 820 3454 nis,
836 3392 865 3443 et
879 3385 1013 3442 dclaude
1027 3384 1244 3463 ejusdemgquae
1258 3381 1356 3462 omnia

121 3450 207 3509 bouis
222 3457 338 3512 nostris.
766 3463 849 3514 crant
876 3455 948 3512 mira
975 3459 1004 3511 et
1040 3454 1230 3512 admiratione
1258 3451 1354 3523 digna.

159 3528 191 3582 ib
225 3525 359 3584 Cunisrns
387 3546 415 3586 iu
445 3547 555 3587 canrico
575 3531 712 3587 sinconis
768 3528 847 3585 Unde
865 3527 1057 3583 Ambrosiam:
1085 3547 1100 3577 α
1126 3526 1187 3581 Non
1207 3523 1299 3580 solum
1318 3524 1354 3580 ab

120 3609 249 3656 uuirdon
276 3616 422 3658 nomnibus
444 3619 651 3659 ueniricxrun.
679 3633 713 3642 -
767 3598 882 3670 Angelis
895 3602 924 3655 et
939 3599 993 3654 Pro
1015 3597 1098 3666 betis,
1114 3613 1132 3654 a
1148 3595 1308 3669 pastoribus
1328 3600 1357 3652 et

123 3665 280 3748 Possumus
300 3671 386 3753 etiam
405 3671 501 3729 dicere
518 3674 595 3755 quod
613 3672 642 3728 iu
660 3673 714 3728 hoc
767 3669 943 3753 parentibus,
959 3613 1013 3753 seg
1024 3667 1109 3725 ctiam
1124 3684 1142 3751 a
1156 3667 1315 3750 senioribus
1328 3670 1357 3722 et

121 3742 236 3795 cauuco
252 3742 452 3812 magmlicatur
466 3744 604 3813 Christus,
620 3743 715 3815 quoad
765 3748 860 3815 Justis,
880 3746 1028 3813 generatio
1055 3743 1168 3796 Domini
1189 3744 1298 3812 accepit
1313 3743 1355 3794 te-

122 3814 257 3879 quatuor,
277 3814 432 3870 secundum
447 3820 570 3896 quatuor
587 3815 713 3883 nomina,
768 3813 942 3870 stimonium.
966 3810 1066 3869 Omnis
1090 3816 1171 3880 aetas,
1188 3817 1217 3867 ct
1238 3816 1356 3881 uterque

164 3878 229 3937 ibus
258 3882 373 3941 Simeon
406 3886 548 3942 Christum
579 3886 713 3959 appellat.
769 3902 862 3954 sexus,
874 3890 1096 3955 eventorumque
1108 3882 1256 3963 miracula,
1269 3881 1357 3938 fldem

165 3953 348 4012 mmendatur
364 3956 441 4013 cuim
455 3957 583 4014 Christus
603 3962 633 4014 ut
651 3973 714 4028 pax,
769 3957 936 4014 adstruunt:
946 3955 1032 4027 Virgo
1049 3959 1178 4026 generat,
1187 3953 1291 4010 sterilis
1306 3967 1357 4025 pa·

122 4025 157 4078 ut
179 4023 270 4095 salus,
299 4030 331 4083 ut
354 4027 462 4097 lumen,
486 4032 520 4084 ut
535 4027 636 4100 gloria.
658 4029 715 4084 Pax
770 4027 818 4096 rit,
842 4032 936 4084 mutus
961 4027 989 4082 lo
1010 4026 1096 4095 uitur,
1122 4025 1265 4083 Elisabeth
1290 4039 1356 4095 pro-

120 4096 178 4164 est,
195 4095 263 4167 quia
281 4097 435 4168 mediatum
456 4099 543 4170 salus,
564 4100 632 4171 quia
649 4099 714 4156 red·
770 4100 878 4172 phetat‚
895 4102 975 4154 utero
988 4043 1100 4154 &ausus
1114 4096 1244 4163 exsultat,
1257 4097 1357 4166 hlagus

122 4170 253 4250 emptum
272 4169 381 4240 lumen,
395 4169 468 4298 ¹{uia
483 4170 597 4240 doctor;
613 4170 714 4242 gloria,
771 4170 882 4239 adorat,
908 4168 993 4226 vidua
1013 4168 1175 4251 confitetur,
1196 4168 1290 4248 J'ustus
1309 4180 1357 4220 cx·

122 4252 196 4308 quia
209 4240 384 4311 praemiator.
418 4240 480 4298 tsic
493 4241 580 4298 iubis
595 4247 717 4314 quatuor
772 4244 919 4314 spectat.»
939 4242 976 4297 Et
993 4256 1027 4297 ex
1046 4243 1149 4296 virtute
1169 4238 1259 4320 Pueri
1273 4250 1357 4317 quem

123 4308 260 4368 consistit
275 4311 401 4386 perlecta
417 4311 521 4372 Christi
533 4312 717 4371 commenda·
772 4313 903 4386 gestabat
915 4309 945 4368 in
960 4310 1044 4380 ulnis,
1059 4310 1199 4366 benedixit
1212 4308 1272 4363 iltis
1286 4306 1360 4364 scili-
