<?xml version="1.0" encoding="UTF-8"?>
<!DOCTYPE html PUBLIC "-//W3C//DTD XHTML 1.0 Transitional//EN"
    "http://www.w3.org/TR/xhtml1/DTD/xhtml1-transitional.dtd">
<html xmlns="http://www.w3.org/1999/xhtml" xml:lang="en" lang="en">
 <head>
  <title>
</title>
<meta http-equiv="Content-Type" content="text/html;charset=utf-8" />
  <meta name='ocr-system' content='tesseract 3.04.00' />
  <meta name='ocr-capabilities' content='ocr_page ocr_carea ocr_par ocr_line ocrx_word'/>
</head>
<body>
  <div class='ocr_page' id='page_1' title='image "./vitajesuchristi02ludogoog_0125.png"; bbox 0 0 2790 4912; ppageno 0'>
   <div class='ocr_carea' id='block_1_1' title="bbox 153 279 999 339">
    <p class='ocr_par' dir='ltr' id='par_1_1' title="bbox 153 279 999 339">
     <span class='ocr_line' id='line_1_1' title="bbox 153 279 999 339; baseline -0.004 -1"><span class='ocrx_word' id='word_1_1' title='bbox 153 286 196 339; x_wconf 80' lang='lat' dir='ltr'><strong>ll‘i</strong></span> <span class='ocrx_word' id='word_1_2' title='bbox 526 280 637 336; x_wconf 75' lang='lat' dir='ltr'><strong>PsslllAE</strong></span> <span class='ocrx_word' id='word_1_3' title='bbox 664 280 784 336; x_wconf 75' lang='lat' dir='ltr'><strong>Pluris</strong></span> <span class='ocrx_word' id='word_1_4' title='bbox 810 279 918 335; x_wconf 76' lang='lat' dir='ltr'><strong>stiur</strong></span> <span class='ocrx_word' id='word_1_5' title='bbox 944 281 999 335; x_wconf 81' lang='lat' dir='ltr'><strong>Xll</strong></span> 
     </span>
    </p>
   </div>
   <div class='ocr_carea' id='block_1_2' title="bbox 147 384 741 4296">
    <p class='ocr_par' dir='ltr' id='par_1_2' title="bbox 147 384 737 1597">
     <span class='ocr_line' id='line_1_2' title="bbox 151 384 737 448; baseline -0.009 0"><span class='ocrx_word' id='word_1_6' title='bbox 151 404 219 448; x_wconf 83' lang='lat' dir='ltr'><strong>nam</strong></span> <span class='ocrx_word' id='word_1_7' title='bbox 235 391 310 447; x_wconf 91' lang='lat' dir='ltr'><strong>Deus</strong></span> <span class='ocrx_word' id='word_1_8' title='bbox 326 404 385 445; x_wconf 93' lang='lat' dir='ltr'><strong>non</strong></span> <span class='ocrx_word' id='word_1_9' title='bbox 404 384 544 444; x_wconf 81' lang='lat' dir='ltr'><strong>edulium</strong></span> <span class='ocrx_word' id='word_1_10' title='bbox 559 385 645 443; x_wconf 85' lang='lat' dir='ltr'><strong>tinem</strong></span> <span class='ocrx_word' id='word_1_11' title='bbox 659 400 737 443; x_wconf 84' lang='lat' dir='ltr'><strong>crea·</strong></span> 
     </span>
     <span class='ocr_line' id='line_1_3' title="bbox 152 456 735 531; baseline -0.01 -12"><span class='ocrx_word' id='word_1_12' title='bbox 152 461 192 519; x_wconf 85' lang='lat' dir='ltr'><strong>vit</strong></span> <span class='ocrx_word' id='word_1_13' title='bbox 210 461 346 528; x_wconf 87' lang='lat' dir='ltr'><strong>animam,</strong></span> <span class='ocrx_word' id='word_1_14' title='bbox 362 473 447 531; x_wconf 88' lang='lat' dir='ltr'><strong>quam</strong></span> <span class='ocrx_word' id='word_1_15' title='bbox 483 461 582 529; x_wconf 78' lang='lat' dir='ltr'><strong>reptes</strong></span> <span class='ocrx_word' id='word_1_16' title='bbox 599 456 735 530; x_wconf 91' lang='lat' dir='ltr'><strong>seipsum,</strong></span> 
     </span>
     <span class='ocr_line' id='line_1_4' title="bbox 152 528 735 598; baseline -0.009 -9"><span class='ocrx_word' id='word_1_17' title='bbox 152 537 181 590; x_wconf 92' lang='lat' dir='ltr'><strong>ut</strong></span> <span class='ocrx_word' id='word_1_18' title='bbox 196 532 327 589; x_wconf 81' lang='lat' dir='ltr'><strong>videlicet</strong></span> <span class='ocrx_word' id='word_1_19' title='bbox 341 534 417 588; x_wconf 90' lang='lat' dir='ltr'><strong>esset</strong></span> <span class='ocrx_word' id='word_1_20' title='bbox 430 529 449 585; x_wconf 90' lang='lat' dir='ltr'><strong>h</strong></span> <span class='ocrx_word' id='word_1_21' title='bbox 488 528 623 585; x_wconf 86' lang='lat' dir='ltr'><strong>itaculum</strong></span> <span class='ocrx_word' id='word_1_22' title='bbox 642 543 735 598; x_wconf 89' lang='lat' dir='ltr'><strong>suum,</strong></span> 
     </span>
     <span class='ocr_line' id='line_1_5' title="bbox 147 599 737 682; baseline -0.01 -21"><span class='ocrx_word' id='word_1_23' title='bbox 147 605 229 675; x_wconf 82' lang='lat' dir='ltr'><strong>juxta</strong></span> <span class='ocrx_word' id='word_1_24' title='bbox 252 603 322 659; x_wconf 93' lang='lat' dir='ltr'><strong>illud</strong></span> <span class='ocrx_word' id='word_1_25' title='bbox 338 599 494 658; x_wconf 73' lang='lat' dir='ltr'><strong>psalmista</strong></span> <span class='ocrx_word' id='word_1_26' title='bbox 515 617 522 655; x_wconf 74' lang='grc' dir='ltr'>ε</span> <span class='ocrx_word' id='word_1_27' title='bbox 540 600 675 682; x_wconf 78' lang='lat' dir='ltr'><strong>Quoniam</strong></span> <span class='ocrx_word' id='word_1_28' title='bbox 686 601 737 655; x_wconf 86' lang='lat' dir='ltr'><strong>ete·</strong></span> 
     </span>
     <span class='ocr_line' id='line_1_6' title="bbox 151 670 736 744; baseline -0.005 -14"><span class='ocrx_word' id='word_1_29' title='bbox 151 678 194 744; x_wconf 78' lang='lat' dir='ltr'><strong>pit</strong></span> <span class='ocrx_word' id='word_1_30' title='bbox 207 677 339 731; x_wconf 83' lang='lat' dir='ltr'><strong>Dominus</strong></span> <span class='ocrx_word' id='word_1_31' title='bbox 348 674 425 737; x_wconf 84' lang='lat' dir='ltr'><strong>Sion,</strong></span> <span class='ocrx_word' id='word_1_32' title='bbox 435 670 465 728; x_wconf 89' lang='lat' dir='ltr'><strong>id</strong></span> <span class='ocrx_word' id='word_1_33' title='bbox 480 675 523 728; x_wconf 88' lang='lat' dir='ltr'><strong>est</strong></span> <span class='ocrx_word' id='word_1_34' title='bbox 535 686 659 728; x_wconf 78' lang='lat' dir='ltr'><strong>animam</strong></span> <span class='ocrx_word' id='word_1_35' title='bbox 675 686 736 743; x_wconf 75' lang='lat' dir='ltr'><strong>spe</strong></span> 
     </span>
     <span class='ocr_line' id='line_1_7' title="bbox 151 742 737 814; baseline -0.007 -13"><span class='ocrx_word' id='word_1_36' title='bbox 151 744 326 814; x_wconf 84' lang='lat' dir='ltr'><strong>culatricem,</strong></span> <span class='ocrx_word' id='word_1_37' title='bbox 339 745 486 813; x_wconf 82' lang='lat' dir='ltr'><strong>elegitenm</strong></span> <span class='ocrx_word' id='word_1_38' title='bbox 497 745 527 798; x_wconf 83' lang='lat' dir='ltr'><strong>tn</strong></span> <span class='ocrx_word' id='word_1_39' title='bbox 539 742 737 799; x_wconf 74' lang='lat' dir='ltr'><strong>habitationem</strong></span> 
     </span>
     <span class='ocr_line' id='line_1_8' title="bbox 150 812 735 887; baseline -0.007 -15"><span class='ocrx_word' id='word_1_40' title='bbox 150 817 215 873; x_wconf 85' lang='lat' dir='ltr'><strong>sibi.</strong></span> <span class='ocrx_word' id='word_1_41' title='bbox 231 818 265 872; x_wconf 90' lang='lat' dir='ltr'><strong>Et</strong></span> <span class='ocrx_word' id='word_1_42' title='bbox 283 815 419 887; x_wconf 87' lang='lat' dir='ltr'><strong>quoniam</strong></span> <span class='ocrx_word' id='word_1_43' title='bbox 438 813 543 870; x_wconf 85' lang='lat' dir='ltr'><strong>adhoc</strong></span> <span class='ocrx_word' id='word_1_44' title='bbox 561 828 625 870; x_wconf 88' lang='lat' dir='ltr'><strong>eam</strong></span> <span class='ocrx_word' id='word_1_45' title='bbox 639 812 735 886; x_wconf 88' lang='lat' dir='ltr'><strong>elegit,</strong></span> 
     </span>
     <span class='ocr_line' id='line_1_9' title="bbox 149 883 737 959; baseline -0.005 -16"><span class='ocrx_word' id='word_1_46' title='bbox 149 894 262 944; x_wconf 86' lang='lat' dir='ltr'><strong>sunime</strong></span> <span class='ocrx_word' id='word_1_47' title='bbox 288 888 350 959; x_wconf 83' lang='lat' dir='ltr'><strong>ejus</strong></span> <span class='ocrx_word' id='word_1_48' title='bbox 372 883 608 943; x_wconf 77' lang='lat' dir='ltr'><strong>inhabitationem</strong></span> <span class='ocrx_word' id='word_1_49' title='bbox 636 899 737 941; x_wconf 92' lang='lat' dir='ltr'><strong>concu-</strong></span> 
     </span>
     <span class='ocr_line' id='line_1_10' title="bbox 150 953 734 1038; baseline -0.007 -24"><span class='ocrx_word' id='word_1_50' title='bbox 150 957 244 1031; x_wconf 89' lang='lat' dir='ltr'><strong>piscit,</strong></span> <span class='ocrx_word' id='word_1_51' title='bbox 281 957 356 1014; x_wconf 82' lang='lat' dir='ltr'><strong>&#39;unta</strong></span> <span class='ocrx_word' id='word_1_52' title='bbox 383 956 453 1013; x_wconf 91' lang='lat' dir='ltr'><strong>illud</strong></span> <span class='ocrx_word' id='word_1_53' title='bbox 485 953 734 1038; x_wconf 77' lang='lat' dir='ltr'><strong>Proverbiorum:</strong></span> 
     </span>
     <span class='ocr_line' id='line_1_11' title="bbox 150 973 734 1099; baseline -0.007 -13"><span class='ocrx_word' id='word_1_54' title='bbox 150 1030 251 1094; x_wconf 72' lang='lat' dir='ltr'><strong>tresde,</strong></span> <span class='ocrx_word' id='word_1_55' title='bbox 268 973 322 1099; x_wconf 54' lang='lat' dir='ltr'><strong>dli,</strong></span> <span class='ocrx_word' id='word_1_56' title='bbox 338 1034 474 1085; x_wconf 85' lang='lat' dir='ltr'><strong>cortuum</strong></span> <span class='ocrx_word' id='word_1_57' title='bbox 488 1029 578 1094; x_wconf 83' lang='lat' dir='ltr'><strong>mibi,·</strong></span> <span class='ocrx_word' id='word_1_58' title='bbox 599 1031 627 1082; x_wconf 88' lang='lat' dir='ltr'><strong>et</strong></span> <span class='ocrx_word' id='word_1_59' title='bbox 643 1026 710 1084; x_wconf 80' lang='lat' dir='ltr'><strong>alibi</strong></span> <span class='ocrx_word' id='word_1_60' title='bbox 727 1043 734 1082; x_wconf 92' lang='lat'>:</span> 
     </span>
     <span class='ocr_line' id='line_1_12' title="bbox 150 1099 734 1168; baseline -0.005 -11"><span class='ocrx_word' id='word_1_61' title='bbox 150 1101 261 1157; x_wconf 79' lang='lat' dir='ltr'><strong>Deliciae</strong></span> <span class='ocrx_word' id='word_1_62' title='bbox 275 1115 340 1156; x_wconf 79' lang='lat' dir='ltr'><strong>mea</strong></span> <span class='ocrx_word' id='word_1_63' title='bbox 354 1115 411 1156; x_wconf 87' lang='lat' dir='ltr'><strong>esse</strong></span> <span class='ocrx_word' id='word_1_64' title='bbox 425 1115 485 1156; x_wconf 75' lang='lat' dir='ltr'><strong>mom</strong></span> <span class='ocrx_word' id='word_1_65' title='bbox 500 1100 568 1168; x_wconf 70' lang='lat' dir='ltr'><strong>tiliis</strong></span> <span class='ocrx_word' id='word_1_66' title='bbox 585 1099 734 1154; x_wconf 87' lang='lat' dir='ltr'><strong>bominum.</strong></span> 
     </span>
     <span class='ocr_line' id='line_1_13' title="bbox 151 1169 736 1243; baseline -0.005 -16"><span class='ocrx_word' id='word_1_67' title='bbox 151 1170 241 1241; x_wconf 88' lang='lat' dir='ltr'><strong>Unde,</strong></span> <span class='ocrx_word' id='word_1_68' title='bbox 258 1170 492 1243; x_wconf 81' lang='lat' dir='ltr'>quandocumque</span> <span class='ocrx_word' id='word_1_69' title='bbox 511 1171 585 1226; x_wconf 87' lang='lat' dir='ltr'><strong>Deus</strong></span> <span class='ocrx_word' id='word_1_70' title='bbox 604 1169 736 1241; x_wconf 87' lang='lat' dir='ltr'><strong>hujusce·</strong></span> 
     </span>
     <span class='ocr_line' id='line_1_14' title="bbox 149 1239 734 1313; baseline -0.007 -14"><span class='ocrx_word' id='word_1_71' title='bbox 149 1241 227 1299; x_wconf 89' lang='lat' dir='ltr'><strong>modi</strong></span> <span class='ocrx_word' id='word_1_72' title='bbox 242 1242 366 1299; x_wconf 86' lang='lat' dir='ltr'><strong>animam</strong></span> <span class='ocrx_word' id='word_1_73' title='bbox 381 1241 467 1313; x_wconf 81' lang='lat' dir='ltr'><strong>digne</strong></span> <span class='ocrx_word' id='word_1_74' title='bbox 485 1243 675 1312; x_wconf 73' lang='lat' dir='ltr'><strong>praeparatam</strong></span> <span class='ocrx_word' id='word_1_75' title='bbox 691 1239 734 1295; x_wconf 92' lang='lat' dir='ltr'><strong>in-</strong></span> 
     </span>
     <span class='ocr_line' id='line_1_15' title="bbox 149 1310 737 1385; baseline 0.002 -20"><span class='ocrx_word' id='word_1_76' title='bbox 149 1312 270 1382; x_wconf 84' lang='lat' dir='ltr'><strong>venerit,</strong></span> <span class='ocrx_word' id='word_1_77' title='bbox 285 1312 365 1385; x_wconf 85' lang='lat' dir='ltr'><strong>quusi</strong></span> <span class='ocrx_word' id='word_1_78' title='bbox 376 1316 442 1369; x_wconf 86' lang='lat' dir='ltr'><strong>roto</strong></span> <span class='ocrx_word' id='word_1_79' title='bbox 455 1311 572 1384; x_wconf 88' lang='lat' dir='ltr'><strong>potitus,</strong></span> <span class='ocrx_word' id='word_1_80' title='bbox 585 1310 653 1367; x_wconf 91' lang='lat' dir='ltr'><strong>dicit</strong></span> <span class='ocrx_word' id='word_1_81' title='bbox 667 1310 737 1367; x_wconf 94' lang='lat' dir='ltr'><strong>illud</strong></span> 
     </span>
     <span class='ocr_line' id='line_1_16' title="bbox 150 1383 736 1454; baseline -0.005 -14"><span class='ocrx_word' id='word_1_82' title='bbox 150 1383 308 1441; x_wconf 81' lang='lat' dir='ltr'><strong>Psalmistae</strong></span> <span class='ocrx_word' id='word_1_83' title='bbox 324 1387 408 1441; x_wconf 72' lang='lat' dir='ltr'><strong>:llaec</strong></span> <span class='ocrx_word' id='word_1_84' title='bbox 423 1386 531 1454; x_wconf 81' lang='lat' dir='ltr'><strong>requies</strong></span> <span class='ocrx_word' id='word_1_85' title='bbox 544 1398 604 1437; x_wconf 86' lang='lat' dir='ltr'><strong>meo</strong></span> <span class='ocrx_word' id='word_1_86' title='bbox 616 1385 645 1437; x_wconf 84' lang='lat' dir='ltr'><strong>in</strong></span> <span class='ocrx_word' id='word_1_87' title='bbox 660 1397 736 1438; x_wconf 87' lang='lat' dir='ltr'><strong>secu·</strong></span> 
     </span>
     <span class='ocr_line' id='line_1_17' title="bbox 150 1454 736 1524; baseline -0.007 -12"><span class='ocrx_word' id='word_1_88' title='bbox 150 1458 207 1512; x_wconf 86' lang='lat' dir='ltr'><strong>tum</strong></span> <span class='ocrx_word' id='word_1_89' title='bbox 233 1458 337 1524; x_wconf 83' lang='lat' dir='ltr'><strong>seculi;</strong></span> <span class='ocrx_word' id='word_1_90' title='bbox 365 1458 409 1511; x_wconf 87' lang='lat' dir='ltr'><strong>bic</strong></span> <span class='ocrx_word' id='word_1_91' title='bbox 437 1454 576 1517; x_wconf 75' lang='lat' dir='ltr'><em>habitabo,</em></span> <span class='ocrx_word' id='word_1_92' title='bbox 606 1456 736 1523; x_wconf 83' lang='lat' dir='ltr'><strong>quoniam</strong></span> 
     </span>
     <span class='ocr_line' id='line_1_18' title="bbox 149 1529 304 1597; baseline 0.006 -15"><span class='ocrx_word' id='word_1_93' title='bbox 149 1529 221 1597; x_wconf 75' lang='lat' dir='ltr'><strong>elegi</strong></span> <span class='ocrx_word' id='word_1_94' title='bbox 235 1544 304 1584; x_wconf 88' lang='lat' dir='ltr'><strong>eum.</strong></span> 
     </span>
    </p>

    <p class='ocr_par' dir='ltr' id='par_1_3' title="bbox 147 1600 741 4296">
     <span class='ocr_line' id='line_1_19' title="bbox 187 1600 738 1656; baseline -0.007 0"><span class='ocrx_word' id='word_1_95' title='bbox 187 1603 222 1655; x_wconf 78' lang='lat' dir='ltr'><strong>do</strong></span> <span class='ocrx_word' id='word_1_96' title='bbox 238 1600 314 1656; x_wconf 82' lang='lat' dir='ltr'><strong>Uuns</strong></span> <span class='ocrx_word' id='word_1_97' title='bbox 329 1613 497 1652; x_wconf 80' lang='lat' dir='ltr'><strong>exnonrsrso</strong></span> <span class='ocrx_word' id='word_1_98' title='bbox 512 1613 546 1651; x_wconf 77' lang='lat' dir='ltr'><strong>sn</strong></span> <span class='ocrx_word' id='word_1_99' title='bbox 560 1611 615 1651; x_wconf 81' lang='lat' dir='ltr'><strong>nou</strong></span> <span class='ocrx_word' id='word_1_100' title='bbox 627 1612 738 1652; x_wconf 71' lang='lat' dir='ltr'><strong>rnccuu·</strong></span> 
     </span>
     <span class='ocr_line' id='line_1_20' title="bbox 153 1665 736 1740; baseline -0.002 -16"><span class='ocrx_word' id='word_1_101' title='bbox 153 1686 217 1726; x_wconf 82' lang='lat' dir='ltr'><strong>nun.</strong></span> <span class='ocrx_word' id='word_1_102' title='bbox 241 1700 276 1710; x_wconf 92' lang='lat'>-</span> <span class='ocrx_word' id='word_1_103' title='bbox 299 1668 323 1725; x_wconf 90' lang='lat'>0</span> <span class='ocrx_word' id='word_1_104' title='bbox 350 1667 437 1740; x_wconf 88' lang='lat' dir='ltr'><strong>igitur</strong></span> <span class='ocrx_word' id='word_1_105' title='bbox 463 1665 556 1723; x_wconf 85' lang='lat' dir='ltr'><strong>tidelis</strong></span> <span class='ocrx_word' id='word_1_106' title='bbox 580 1665 685 1734; x_wconf 88' lang='lat' dir='ltr'><strong>anima,</strong></span> <span class='ocrx_word' id='word_1_107' title='bbox 713 1665 736 1723; x_wconf 91' lang='lat' dir='ltr'><strong>si</strong></span> 
     </span>
     <span class='ocr_line' id='line_1_21' title="bbox 153 1736 738 1809; baseline -0.003 -13"><span class='ocrx_word' id='word_1_108' title='bbox 153 1739 330 1796; x_wconf 88' lang='lat' dir='ltr'><strong>nobilitatem</strong></span> <span class='ocrx_word' id='word_1_109' title='bbox 341 1736 738 1809; x_wconf 82' lang='lat' dir='ltr'><strong>tuam,exomnibuspraemis-</strong></span> 
     </span>
     <span class='ocr_line' id='line_1_22' title="bbox 151 1807 738 1879; baseline -0.005 -12"><span class='ocrx_word' id='word_1_110' title='bbox 151 1809 302 1868; x_wconf 83' lang='lat' dir='ltr'><strong>siscensis</strong></span> <span class='ocrx_word' id='word_1_111' title='bbox 328 1807 512 1875; x_wconf 86' lang='lat' dir='ltr'><strong>attenderes,</strong></span> <span class='ocrx_word' id='word_1_112' title='bbox 532 1807 629 1879; x_wconf 90' lang='lat' dir='ltr'><strong>utique</strong></span> <span class='ocrx_word' id='word_1_113' title='bbox 653 1824 738 1865; x_wconf 90' lang='lat' dir='ltr'><strong>num·</strong></span> 
     </span>
     <span class='ocr_line' id='line_1_23' title="bbox 156 1879 737 1954; baseline -0.003 -15"><span class='ocrx_word' id='word_1_114' title='bbox 156 1896 240 1954; x_wconf 85' lang='lat' dir='ltr'><strong>quam</strong></span> <span class='ocrx_word' id='word_1_115' title='bbox 249 1879 397 1954; x_wconf 89' lang='lat' dir='ltr'><strong>peccaresl</strong></span> <span class='ocrx_word' id='word_1_116' title='bbox 411 1879 668 1936; x_wconf 84' lang='lat' dir='ltr'><strong>Undettemardus:</strong></span> <span class='ocrx_word' id='word_1_117' title='bbox 684 1902 698 1931; x_wconf 73' lang='grc' dir='ltr'>α</span> <span class='ocrx_word' id='word_1_118' title='bbox 709 1879 737 1937; x_wconf 91' lang='lat' dir='ltr'><strong>Si</strong></span> 
     </span>
     <span class='ocr_line' id='line_1_24' title="bbox 154 1949 739 2020; baseline -0.003 -12"><span class='ocrx_word' id='word_1_119' title='bbox 154 1951 330 2010; x_wconf 76' lang='lat' dir='ltr'><strong>nobilitatem</strong></span> <span class='ocrx_word' id='word_1_120' title='bbox 342 1956 421 2007; x_wconf 88' lang='lat' dir='ltr'><strong>tuam</strong></span> <span class='ocrx_word' id='word_1_121' title='bbox 435 1949 593 2020; x_wconf 77' lang='lat' dir='ltr'><strong>cognoscis,</strong></span> <span class='ocrx_word' id='word_1_122' title='bbox 609 1967 625 2007; x_wconf 92' lang='lat' dir='ltr'><strong>o</strong></span> <span class='ocrx_word' id='word_1_123' title='bbox 643 1950 739 2008; x_wconf 87' lang='lat' dir='ltr'><strong>anima</strong></span> 
     </span>
     <span class='ocr_line' id='line_1_25' title="bbox 155 2020 738 2094; baseline -0.003 -15"><span class='ocrx_word' id='word_1_124' title='bbox 155 2039 229 2091; x_wconf 90' lang='lat' dir='ltr'><strong>mea,</strong></span> <span class='ocrx_word' id='word_1_125' title='bbox 240 2027 387 2094; x_wconf 89' lang='lat' dir='ltr'><strong>peccatum</strong></span> <span class='ocrx_word' id='word_1_126' title='bbox 395 2020 577 2077; x_wconf 82' lang='lat' dir='ltr'><strong>abominaris.</strong></span> <span class='ocrx_word' id='word_1_127' title='bbox 590 2043 604 2072; x_wconf 76' lang='lat' dir='ltr'><strong>n</strong></span> <span class='ocrx_word' id='word_1_128' title='bbox 617 2025 650 2078; x_wconf 83' lang='lat' dir='ltr'><strong>st</strong></span> <span class='ocrx_word' id='word_1_129' title='bbox 662 2025 738 2079; x_wconf 90' lang='lat' dir='ltr'><strong>certe</strong></span> 
     </span>
     <span class='ocr_line' id='line_1_26' title="bbox 155 2091 738 2149; baseline 0 0"><span class='ocrx_word' id='word_1_130' title='bbox 155 2094 185 2149; x_wconf 90' lang='lat' dir='ltr'><strong>in</strong></span> <span class='ocrx_word' id='word_1_131' title='bbox 213 2098 324 2149; x_wconf 81' lang='lat' dir='ltr'><strong>tantum</strong></span> <span class='ocrx_word' id='word_1_132' title='bbox 355 2091 544 2149; x_wconf 65' lang='lat' dir='ltr'><strong>consideratio</strong></span> <span class='ocrx_word' id='word_1_133' title='bbox 583 2092 738 2149; x_wconf 69' lang='lat' dir='ltr'><strong>nobilitatis</strong></span> 
     </span>
     <span class='ocr_line' id='line_1_27' title="bbox 154 2162 738 2236; baseline -0.002 -15"><span class='ocrx_word' id='word_1_134' title='bbox 154 2162 268 2232; x_wconf 85' lang='lat' dir='ltr'><strong>animae,</strong></span> <span class='ocrx_word' id='word_1_135' title='bbox 281 2162 357 2220; x_wconf 90' lang='lat' dir='ltr'><strong>ducit</strong></span> <span class='ocrx_word' id='word_1_136' title='bbox 371 2162 401 2219; x_wconf 93' lang='lat' dir='ltr'><strong>iu</strong></span> <span class='ocrx_word' id='word_1_137' title='bbox 416 2162 655 2221; x_wconf 82' lang='lat' dir='ltr'><strong>abominationem</strong></span> <span class='ocrx_word' id='word_1_138' title='bbox 671 2180 738 2236; x_wconf 91' lang='lat' dir='ltr'><strong>pec·</strong></span> 
     </span>
     <span class='ocr_line' id='line_1_28' title="bbox 155 2233 737 2307; baseline 0.002 -16"><span class='ocrx_word' id='word_1_139' title='bbox 155 2234 222 2304; x_wconf 89' lang='lat' dir='ltr'><strong>cati,</strong></span> <span class='ocrx_word' id='word_1_140' title='bbox 238 2233 414 2307; x_wconf 88' lang='lat' dir='ltr'><strong>quodetiam</strong></span> <span class='ocrx_word' id='word_1_141' title='bbox 429 2250 485 2290; x_wconf 91' lang='lat' dir='ltr'><strong>non</strong></span> <span class='ocrx_word' id='word_1_142' title='bbox 499 2234 631 2292; x_wconf 86' lang='lat' dir='ltr'><strong>habendo</strong></span> <span class='ocrx_word' id='word_1_143' title='bbox 641 2251 687 2292; x_wconf 90' lang='lat' dir='ltr'><strong>res</strong></span> <span class='ocrx_word' id='word_1_144' title='bbox 708 2252 737 2292; x_wconf 94' lang='lat' dir='ltr'><strong>e·</strong></span> 
     </span>
     <span class='ocr_line' id='line_1_29' title="bbox 154 2251 739 2388; baseline 0 -26"><span class='ocrx_word' id='word_1_145' title='bbox 154 2310 232 2362; x_wconf 89' lang='lat' dir='ltr'><strong>ctum</strong></span> <span class='ocrx_word' id='word_1_146' title='bbox 246 2306 282 2362; x_wconf 86' lang='lat' dir='ltr'><strong>ad</strong></span> <span class='ocrx_word' id='word_1_147' title='bbox 292 2305 409 2378; x_wconf 72' lang='lat' dir='ltr'><strong>praemia</strong></span> <span class='ocrx_word' id='word_1_148' title='bbox 419 2306 462 2362; x_wconf 79' lang='lat' dir='ltr'><strong>vel</strong></span> <span class='ocrx_word' id='word_1_149' title='bbox 476 2305 513 2362; x_wconf 88' lang='lat' dir='ltr'><strong>ad</strong></span> <span class='ocrx_word' id='word_1_150' title='bbox 524 2322 633 2378; x_wconf 87' lang='lat' dir='ltr'><strong>poenas,</strong></span> <span class='ocrx_word' id='word_1_151' title='bbox 646 2251 739 2388; x_wconf 42' lang='lat' dir='ltr'><strong>adbuc</strong></span> 
     </span>
     <span class='ocr_line' id='line_1_30' title="bbox 156 2376 740 2449; baseline 0.003 -17"><span class='ocrx_word' id='word_1_152' title='bbox 156 2377 301 2435; x_wconf 84' lang='lat' dir='ltr'><strong>induceret</strong></span> <span class='ocrx_word' id='word_1_153' title='bbox 319 2378 355 2434; x_wconf 90' lang='lat' dir='ltr'><strong>ad</strong></span> <span class='ocrx_word' id='word_1_154' title='bbox 376 2393 432 2433; x_wconf 89' lang='lat' dir='ltr'><strong>non</strong></span> <span class='ocrx_word' id='word_1_155' title='bbox 457 2376 653 2449; x_wconf 89' lang='lat' dir='ltr'><strong>peccandum:</strong></span> <span class='ocrx_word' id='word_1_156' title='bbox 673 2394 740 2449; x_wconf 81' lang='lat' dir='ltr'><strong>quia</strong></span> 
     </span>
     <span class='ocr_line' id='line_1_31' title="bbox 154 2447 740 2517; baseline 0 -12"><span class='ocrx_word' id='word_1_157' title='bbox 154 2448 252 2506; x_wconf 87' lang='lat' dir='ltr'><strong>anima</strong></span> <span class='ocrx_word' id='word_1_158' title='bbox 270 2447 383 2517; x_wconf 92' lang='lat' dir='ltr'><strong>nobilis,</strong></span> <span class='ocrx_word' id='word_1_159' title='bbox 399 2447 495 2505; x_wconf 89' lang='lat' dir='ltr'><strong>omnia</strong></span> <span class='ocrx_word' id='word_1_160' title='bbox 508 2448 563 2505; x_wconf 87' lang='lat' dir='ltr'><strong>ista</strong></span> <span class='ocrx_word' id='word_1_161' title='bbox 576 2448 685 2505; x_wconf 90' lang='lat' dir='ltr'><strong>caduca</strong></span> <span class='ocrx_word' id='word_1_162' title='bbox 697 2465 740 2506; x_wconf 91' lang='lat' dir='ltr'><strong>re-</strong></span> 
     </span>
     <span class='ocr_line' id='line_1_32' title="bbox 156 2518 738 2592; baseline 0 -16"><span class='ocrx_word' id='word_1_163' title='bbox 156 2524 237 2592; x_wconf 89' lang='lat' dir='ltr'><strong>putat</strong></span> <span class='ocrx_word' id='word_1_164' title='bbox 256 2519 341 2577; x_wconf 87' lang='lat' dir='ltr'><strong>nimis</strong></span> <span class='ocrx_word' id='word_1_165' title='bbox 354 2518 421 2576; x_wconf 86' lang='lat' dir='ltr'><strong>vilia</strong></span> <span class='ocrx_word' id='word_1_166' title='bbox 439 2525 468 2576; x_wconf 89' lang='lat' dir='ltr'><strong>et</strong></span> <span class='ocrx_word' id='word_1_167' title='bbox 487 2519 605 2591; x_wconf 88' lang='lat' dir='ltr'><strong>indigna</strong></span> <span class='ocrx_word' id='word_1_168' title='bbox 619 2520 655 2576; x_wconf 87' lang='lat' dir='ltr'><strong>ed</strong></span> <span class='ocrx_word' id='word_1_169' title='bbox 673 2520 738 2588; x_wconf 91' lang='lat' dir='ltr'><strong>hoc,</strong></span> 
     </span>
     <span class='ocr_line' id='line_1_33' title="bbox 157 2590 740 2663; baseline 0 -15"><span class='ocrx_word' id='word_1_170' title='bbox 157 2596 188 2648; x_wconf 90' lang='lat' dir='ltr'><strong>ut</strong></span> <span class='ocrx_word' id='word_1_171' title='bbox 205 2591 268 2663; x_wconf 85' lang='lat' dir='ltr'><strong>ipsa</strong></span> <span class='ocrx_word' id='word_1_172' title='bbox 282 2591 324 2648; x_wconf 89' lang='lat' dir='ltr'><strong>eis</strong></span> <span class='ocrx_word' id='word_1_173' title='bbox 340 2591 408 2648; x_wconf 83' lang='lat' dir='ltr'><strong>velit</strong></span> <span class='ocrx_word' id='word_1_174' title='bbox 423 2590 610 2663; x_wconf 89' lang='lat' dir='ltr'><strong>coinquinari.</strong></span> <span class='ocrx_word' id='word_1_175' title='bbox 627 2592 661 2647; x_wconf 83' lang='lat' dir='ltr'><strong>Et</strong></span> <span class='ocrx_word' id='word_1_176' title='bbox 678 2592 740 2648; x_wconf 77' lang='lat' dir='ltr'><strong>hoec</strong></span> 
     </span>
     <span class='ocr_line' id='line_1_34' title="bbox 156 2662 738 2735; baseline 0 -16"><span class='ocrx_word' id='word_1_177' title='bbox 156 2667 201 2719; x_wconf 84' lang='lat' dir='ltr'><strong>est</strong></span> <span class='ocrx_word' id='word_1_178' title='bbox 212 2663 344 2735; x_wconf 70' lang='lat' dir='ltr'><strong>quaedam</strong></span> <span class='ocrx_word' id='word_1_179' title='bbox 360 2667 459 2719; x_wconf 85' lang='lat' dir='ltr'><strong>sancta</strong></span> <span class='ocrx_word' id='word_1_180' title='bbox 475 2667 504 2718; x_wconf 92' lang='lat' dir='ltr'><strong>et</strong></span> <span class='ocrx_word' id='word_1_181' title='bbox 517 2662 621 2719; x_wconf 89' lang='lat' dir='ltr'><strong>nobilis</strong></span> <span class='ocrx_word' id='word_1_182' title='bbox 638 2678 738 2734; x_wconf 90' lang='lat' dir='ltr'><strong>super·</strong></span> 
     </span>
     <span class='ocr_line' id='line_1_35' title="bbox 155 2732 739 2805; baseline -0.003 -14"><span class='ocrx_word' id='word_1_183' title='bbox 155 2732 203 2791; x_wconf 88' lang='lat' dir='ltr'><strong>bia</strong></span> <span class='ocrx_word' id='word_1_184' title='bbox 231 2734 333 2790; x_wconf 86' lang='lat' dir='ltr'><strong>animae</strong></span> <span class='ocrx_word' id='word_1_185' title='bbox 361 2749 516 2805; x_wconf 75' lang='lat' dir='ltr'><strong>generosas,</strong></span> <span class='ocrx_word' id='word_1_186' title='bbox 543 2749 629 2804; x_wconf 84' lang='lat' dir='ltr'><strong>quarn</strong></span> <span class='ocrx_word' id='word_1_187' title='bbox 653 2733 739 2790; x_wconf 86' lang='lat' dir='ltr'><strong>etiam</strong></span> 
     </span>
     <span class='ocr_line' id='line_1_36' title="bbox 155 2803 738 2876; baseline 0.002 -16"><span class='ocrx_word' id='word_1_188' title='bbox 155 2804 254 2861; x_wconf 87' lang='lat' dir='ltr'><strong>habuit</strong></span> <span class='ocrx_word' id='word_1_189' title='bbox 265 2804 313 2860; x_wconf 89' lang='lat' dir='ltr'><strong>ille</strong></span> <span class='ocrx_word' id='word_1_190' title='bbox 328 2803 442 2876; x_wconf 87' lang='lat' dir='ltr'><strong>gentilis</strong></span> <span class='ocrx_word' id='word_1_191' title='bbox 456 2806 566 2868; x_wconf 84' lang='lat' dir='ltr'><strong>Seneca,</strong></span> <span class='ocrx_word' id='word_1_192' title='bbox 583 2804 629 2875; x_wconf 87' lang='lat' dir='ltr'><strong>qui</strong></span> <span class='ocrx_word' id='word_1_193' title='bbox 645 2804 714 2861; x_wconf 85' lang='lat' dir='ltr'><strong>dixit</strong></span> <span class='ocrx_word' id='word_1_194' title='bbox 731 2822 738 2861; x_wconf 92' lang='lat'><strong>:</strong></span> 
     </span>
     <span class='ocr_line' id='line_1_37' title="bbox 154 2873 741 2945; baseline 0.012 -20"><span class='ocrx_word' id='word_1_195' title='bbox 154 2894 169 2926; x_wconf 77' lang='lat' dir='ltr'><strong>a</strong></span> <span class='ocrx_word' id='word_1_196' title='bbox 186 2873 214 2932; x_wconf 90' lang='lat' dir='ltr'><strong>Si</strong></span> <span class='ocrx_word' id='word_1_197' title='bbox 229 2874 331 2930; x_wconf 89' lang='lat' dir='ltr'><strong>scirem</strong></span> <span class='ocrx_word' id='word_1_198' title='bbox 352 2875 425 2930; x_wconf 86' lang='lat' dir='ltr'><strong>Deos</strong></span> <span class='ocrx_word' id='word_1_199' title='bbox 445 2873 634 2945; x_wconf 87' lang='lat' dir='ltr'><strong>ignoscituros</strong></span> <span class='ocrx_word' id='word_1_200' title='bbox 648 2880 677 2932; x_wconf 90' lang='lat' dir='ltr'><strong>et</strong></span> <span class='ocrx_word' id='word_1_201' title='bbox 691 2876 741 2932; x_wconf 92' lang='lat' dir='ltr'><strong>bo·</strong></span> 
     </span>
     <span class='ocr_line' id='line_1_38' title="bbox 154 2944 739 3018; baseline 0.002 -17"><span class='ocrx_word' id='word_1_202' title='bbox 154 2944 245 3001; x_wconf 89' lang='lat' dir='ltr'><strong>mines</strong></span> <span class='ocrx_word' id='word_1_203' title='bbox 272 2944 464 3015; x_wconf 77' lang='lat' dir='ltr'><strong>ignoraturos,</strong></span> <span class='ocrx_word' id='word_1_204' title='bbox 493 2944 597 3014; x_wconf 88' lang='lat' dir='ltr'><strong>adhuc,</strong></span> <span class='ocrx_word' id='word_1_205' title='bbox 621 2952 739 3018; x_wconf 86' lang='lat' dir='ltr'><strong>propter</strong></span> 
     </span>
     <span class='ocr_line' id='line_1_39' title="bbox 155 3014 738 3087; baseline 0.003 -16"><span class='ocrx_word' id='word_1_206' title='bbox 155 3015 262 3087; x_wconf 82' lang='lat' dir='ltr'><strong>peccati</strong></span> <span class='ocrx_word' id='word_1_207' title='bbox 285 3014 433 3084; x_wconf 87' lang='lat' dir='ltr'><strong>vilitatem,</strong></span> <span class='ocrx_word' id='word_1_208' title='bbox 461 3029 577 3086; x_wconf 88' lang='lat' dir='ltr'><strong>peccare</strong></span> <span class='ocrx_word' id='word_1_209' title='bbox 605 3015 738 3087; x_wconf 87' lang='lat' dir='ltr'><strong>dedigna-</strong></span> 
     </span>
     <span class='ocr_line' id='line_1_40' title="bbox 154 3084 738 3157; baseline 0.005 -16"><span class='ocrx_word' id='word_1_210' title='bbox 154 3101 240 3143; x_wconf 86' lang='lat' dir='ltr'><strong>rer.»</strong></span> <span class='ocrx_word' id='word_1_211' title='bbox 257 3087 315 3142; x_wconf 89' lang='lat' dir='ltr'><strong>lloc</strong></span> <span class='ocrx_word' id='word_1_212' title='bbox 328 3084 416 3157; x_wconf 90' lang='lat' dir='ltr'><strong>igitur</strong></span> <span class='ocrx_word' id='word_1_213' title='bbox 434 3085 572 3157; x_wconf 90' lang='lat' dir='ltr'><strong>templum</strong></span> <span class='ocrx_word' id='word_1_214' title='bbox 590 3086 641 3143; x_wconf 90' lang='lat' dir='ltr'><strong>Dei</strong></span> <span class='ocrx_word' id='word_1_215' title='bbox 655 3103 738 3144; x_wconf 89' lang='lat' dir='ltr'><strong>men-</strong></span> 
     </span>
     <span class='ocr_line' id='line_1_41' title="bbox 154 3156 736 3228; baseline 0.003 -15"><span class='ocrx_word' id='word_1_216' title='bbox 154 3156 210 3213; x_wconf 90' lang='lat' dir='ltr'><strong>tale</strong></span> <span class='ocrx_word' id='word_1_217' title='bbox 224 3156 309 3213; x_wconf 90' lang='lat' dir='ltr'><strong>debet</strong></span> <span class='ocrx_word' id='word_1_218' title='bbox 324 3171 387 3212; x_wconf 88' lang='lat' dir='ltr'><strong>esse</strong></span> <span class='ocrx_word' id='word_1_219' title='bbox 402 3161 534 3213; x_wconf 88' lang='lat' dir='ltr'><strong>ornatum</strong></span> <span class='ocrx_word' id='word_1_220' title='bbox 551 3161 581 3213; x_wconf 88' lang='lat' dir='ltr'><strong>et</strong></span> <span class='ocrx_word' id='word_1_221' title='bbox 595 3156 736 3228; x_wconf 89' lang='lat' dir='ltr'><strong>depictum</strong></span> 
     </span>
     <span class='ocr_line' id='line_1_42' title="bbox 152 3226 733 3296; baseline 0.005 -15"><span class='ocrx_word' id='word_1_222' title='bbox 152 3227 239 3284; x_wconf 81' lang='lat' dir='ltr'><strong>variis</strong></span> <span class='ocrx_word' id='word_1_223' title='bbox 258 3227 401 3284; x_wconf 90' lang='lat' dir='ltr'><strong>coloribus</strong></span> <span class='ocrx_word' id='word_1_224' title='bbox 420 3226 564 3296; x_wconf 82' lang='lat' dir='ltr'><strong>virtutum,</strong></span> <span class='ocrx_word' id='word_1_225' title='bbox 579 3227 733 3286; x_wconf 82' lang='lat' dir='ltr'><strong>videlicet:</strong></span> 
     </span>
     <span class='ocr_line' id='line_1_43' title="bbox 151 3297 735 3368; baseline 0.003 -13"><span class='ocrx_word' id='word_1_226' title='bbox 151 3299 247 3356; x_wconf 89' lang='lat' dir='ltr'><strong>colore</strong></span> <span class='ocrx_word' id='word_1_227' title='bbox 261 3299 326 3356; x_wconf 91' lang='lat' dir='ltr'><strong>albo</strong></span> <span class='ocrx_word' id='word_1_228' title='bbox 341 3297 490 3368; x_wconf 85' lang='lat' dir='ltr'><strong>castitatis,</strong></span> <span class='ocrx_word' id='word_1_229' title='bbox 504 3300 593 3357; x_wconf 90' lang='lat' dir='ltr'><strong>rubeo</strong></span> <span class='ocrx_word' id='word_1_230' title='bbox 602 3301 735 3357; x_wconf 87' lang='lat' dir='ltr'><strong>volunta·</strong></span> 
     </span>
     <span class='ocr_line' id='line_1_44' title="bbox 150 3369 736 3444; baseline 0.002 -18"><span class='ocrx_word' id='word_1_231' title='bbox 150 3369 201 3428; x_wconf 83' lang='lat' dir='ltr'><strong>riae</strong></span> <span class='ocrx_word' id='word_1_232' title='bbox 215 3386 268 3443; x_wconf 91' lang='lat' dir='ltr'><strong>pro</strong></span> <span class='ocrx_word' id='word_1_233' title='bbox 281 3369 392 3428; x_wconf 89' lang='lat' dir='ltr'><strong>Christo</strong></span> <span class='ocrx_word' id='word_1_234' title='bbox 405 3369 557 3442; x_wconf 87' lang='lat' dir='ltr'><strong>passionis,</strong></span> <span class='ocrx_word' id='word_1_235' title='bbox 565 3387 666 3428; x_wconf 91' lang='lat' dir='ltr'><strong>croceo</strong></span> <span class='ocrx_word' id='word_1_236' title='bbox 681 3371 736 3444; x_wconf 91' lang='lat' dir='ltr'><strong>spi·</strong></span> 
     </span>
     <span class='ocr_line' id='line_1_45' title="bbox 150 3440 734 3514; baseline 0 -16"><span class='ocrx_word' id='word_1_237' title='bbox 150 3441 260 3500; x_wconf 88' lang='lat' dir='ltr'><strong>ritualis</strong></span> <span class='ocrx_word' id='word_1_238' title='bbox 277 3440 487 3514; x_wconf 86' lang='lat' dir='ltr'><strong>jucunditatis,</strong></span> <span class='ocrx_word' id='word_1_239' title='bbox 507 3440 591 3497; x_wconf 80' lang='lat' dir='ltr'><strong>viridi</strong></span> <span class='ocrx_word' id='word_1_240' title='bbox 615 3441 734 3499; x_wconf 87' lang='lat' dir='ltr'><strong>virtuosi</strong></span> 
     </span>
     <span class='ocr_line' id='line_1_46' title="bbox 149 3511 735 3581; baseline 0 -11"><span class='ocrx_word' id='word_1_241' title='bbox 149 3511 735 3581; x_wconf 82' lang='lat' dir='ltr'><strong>exercitii‚blaveocoelestisdesiderii,au·</strong></span> 
     </span>
     <span class='ocr_line' id='line_1_47' title="bbox 150 3582 733 3655; baseline 0.005 -17"><span class='ocrx_word' id='word_1_242' title='bbox 150 3599 200 3640; x_wconf 91' lang='lat' dir='ltr'><strong>reo</strong></span> <span class='ocrx_word' id='word_1_243' title='bbox 208 3582 486 3651; x_wconf 88' lang='lat' dir='ltr'><strong>charitatis,demum</strong></span> <span class='ocrx_word' id='word_1_244' title='bbox 495 3583 576 3655; x_wconf 88' lang='lat' dir='ltr'><strong>nigro</strong></span> <span class='ocrx_word' id='word_1_245' title='bbox 590 3585 733 3641; x_wconf 83' lang='lat' dir='ltr'><strong>bumilita-</strong></span> 
     </span>
     <span class='ocr_line' id='line_1_48' title="bbox 151 3653 735 3728; baseline 0.007 -20"><span class='ocrx_word' id='word_1_246' title='bbox 151 3655 235 3709; x_wconf 89' lang='lat' dir='ltr'><strong>tis.ln</strong></span> <span class='ocrx_word' id='word_1_247' title='bbox 248 3653 320 3709; x_wconf 91' lang='lat' dir='ltr'><strong>istud</strong></span> <span class='ocrx_word' id='word_1_248' title='bbox 332 3654 483 3725; x_wconf 89' lang='lat' dir='ltr'><strong>igitnrtem</strong></span> <span class='ocrx_word' id='word_1_249' title='bbox 505 3654 562 3711; x_wconf 91' lang='lat' dir='ltr'><strong>lum</strong></span> <span class='ocrx_word' id='word_1_250' title='bbox 571 3654 612 3711; x_wconf 90' lang='lat' dir='ltr'><strong>sic</strong></span> <span class='ocrx_word' id='word_1_251' title='bbox 623 3671 735 3728; x_wconf 89' lang='lat' dir='ltr'><strong>compo·</strong></span> 
     </span>
     <span class='ocr_line' id='line_1_49' title="bbox 150 3670 734 3794; baseline 0.005 -14"><span class='ocrx_word' id='word_1_252' title='bbox 150 3670 734 3794; x_wconf 49' lang='lat' dir='ltr'><strong>situm,sicornatum‚dessemusinducere</strong></span> 
     </span>
     <span class='ocr_line' id='line_1_50' title="bbox 148 3796 735 3867; baseline 0.003 -17"><span class='ocrx_word' id='word_1_253' title='bbox 148 3797 375 3867; x_wconf 87' lang='lat' dir='ltr'><strong>puerumlesum</strong></span> <span class='ocrx_word' id='word_1_254' title='bbox 390 3797 513 3854; x_wconf 90' lang='lat' dir='ltr'><strong>Verbum</strong></span> <span class='ocrx_word' id='word_1_255' title='bbox 526 3802 674 3866; x_wconf 70' lang='lat' dir='ltr'><strong>aeternum,</strong></span> <span class='ocrx_word' id='word_1_256' title='bbox 684 3796 735 3854; x_wconf 92' lang='lat' dir='ltr'><strong>ibi·</strong></span> 
     </span>
     <span class='ocr_line' id='line_1_51' title="bbox 149 3865 734 3939; baseline 0.007 -18"><span class='ocrx_word' id='word_1_257' title='bbox 149 3880 204 3938; x_wconf 84' lang='lat' dir='ltr'><strong>que</strong></span> <span class='ocrx_word' id='word_1_258' title='bbox 219 3865 355 3922; x_wconf 88' lang='lat' dir='ltr'><strong>debemus</strong></span> <span class='ocrx_word' id='word_1_259' title='bbox 364 3867 468 3923; x_wconf 85' lang='lat' dir='ltr'><strong>olierre</strong></span> <span class='ocrx_word' id='word_1_260' title='bbox 478 3883 528 3939; x_wconf 88' lang='lat' dir='ltr'><strong>pro</strong></span> <span class='ocrx_word' id='word_1_261' title='bbox 538 3884 572 3924; x_wconf 95' lang='lat' dir='ltr'><strong>eo</strong></span> <span class='ocrx_word' id='word_1_262' title='bbox 585 3884 636 3939; x_wconf 85' lang='lat' dir='ltr'><strong>par</strong></span> <span class='ocrx_word' id='word_1_263' title='bbox 646 3872 734 3925; x_wconf 87' lang='lat' dir='ltr'><strong>turtu-</strong></span> 
     </span>
     <span class='ocr_line' id='line_1_52' title="bbox 149 3936 733 4008; baseline 0.005 -16"><span class='ocrx_word' id='word_1_264' title='bbox 149 3951 224 4004; x_wconf 87' lang='lat' dir='ltr'><strong>rum,</strong></span> <span class='ocrx_word' id='word_1_265' title='bbox 236 3941 285 3992; x_wconf 88' lang='lat' dir='ltr'><strong>aut</strong></span> <span class='ocrx_word' id='word_1_266' title='bbox 299 3936 371 3993; x_wconf 91' lang='lat' dir='ltr'><strong>duos</strong></span> <span class='ocrx_word' id='word_1_267' title='bbox 382 3937 473 4008; x_wconf 89' lang='lat' dir='ltr'><strong>pullos</strong></span> <span class='ocrx_word' id='word_1_268' title='bbox 488 3938 694 4008; x_wconf 89' lang='lat' dir='ltr'><strong>columbarum,</strong></span> <span class='ocrx_word' id='word_1_269' title='bbox 705 3939 733 3995; x_wconf 93' lang='lat' dir='ltr'><strong>id</strong></span> 
     </span>
     <span class='ocr_line' id='line_1_53' title="bbox 148 4007 734 4078; baseline 0.003 -15"><span class='ocrx_word' id='word_1_270' title='bbox 148 4007 734 4078; x_wconf 82' lang='lat' dir='ltr'><strong>estgeminamdilectionem‚Deividelicet</strong></span> 
     </span>
     <span class='ocr_line' id='line_1_54' title="bbox 147 4077 731 4150; baseline 0.007 -16"><span class='ocrx_word' id='word_1_271' title='bbox 147 4082 177 4134; x_wconf 89' lang='lat' dir='ltr'><strong>et</strong></span> <span class='ocrx_word' id='word_1_272' title='bbox 191 4077 325 4150; x_wconf 78' lang='lat' dir='ltr'><strong>proximi3</strong></span> <span class='ocrx_word' id='word_1_273' title='bbox 341 4078 384 4135; x_wconf 86' lang='lat' dir='ltr'><strong>vel</strong></span> <span class='ocrx_word' id='word_1_274' title='bbox 409 4078 589 4137; x_wconf 88' lang='lat' dir='ltr'><strong>solitudinem</strong></span> <span class='ocrx_word' id='word_1_275' title='bbox 606 4087 731 4138; x_wconf 89' lang='lat' dir='ltr'><strong>contem-</strong></span> 
     </span>
     <span class='ocr_line' id='line_1_55' title="bbox 147 4148 734 4221; baseline 0.01 -17"><span class='ocrx_word' id='word_1_276' title='bbox 147 4148 292 4221; x_wconf 87' lang='lat' dir='ltr'><strong>plationis,</strong></span> <span class='ocrx_word' id='word_1_277' title='bbox 313 4153 342 4204; x_wconf 88' lang='lat' dir='ltr'><strong>et</strong></span> <span class='ocrx_word' id='word_1_278' title='bbox 360 4148 504 4221; x_wconf 89' lang='lat' dir='ltr'><strong>publicum</strong></span> <span class='ocrx_word' id='word_1_279' title='bbox 525 4151 662 4221; x_wconf 85' lang='lat' dir='ltr'><strong>actionis;</strong></span> <span class='ocrx_word' id='word_1_280' title='bbox 685 4158 734 4209; x_wconf 88' lang='lat' dir='ltr'><strong>aut</strong></span> 
     </span>
     <span class='ocr_line' id='line_1_56' title="bbox 147 4219 733 4296; baseline 0.009 -21"><span class='ocrx_word' id='word_1_281' title='bbox 147 4219 306 4278; x_wconf 86' lang='lat' dir='ltr'><strong>castitatem</strong></span> <span class='ocrx_word' id='word_1_282' title='bbox 332 4220 436 4277; x_wconf 88' lang='lat' dir='ltr'><strong>mentis</strong></span> <span class='ocrx_word' id='word_1_283' title='bbox 454 4225 484 4276; x_wconf 86' lang='lat' dir='ltr'><strong>et</strong></span> <span class='ocrx_word' id='word_1_284' title='bbox 502 4222 643 4293; x_wconf 89' lang='lat' dir='ltr'><strong>corporis,</strong></span> <span class='ocrx_word' id='word_1_285' title='bbox 666 4223 733 4296; x_wconf 88' lang='lat' dir='ltr'><strong>quia</strong></span> 
     </span>
    </p>
   </div>
   <div class='ocr_carea' id='block_1_3' title="bbox 792 385 1331 4288">
    <p class='ocr_par' dir='ltr' id='par_1_4' title="bbox 795 385 1331 3217">
     <span class='ocr_line' id='line_1_57' title="bbox 796 385 1315 453; baseline 0.008 -12"><span class='ocrx_word' id='word_1_286' title='bbox 796 390 921 444; x_wconf 89' lang='lat' dir='ltr'><strong>turtures</strong></span> <span class='ocrx_word' id='word_1_287' title='bbox 946 391 1012 443; x_wconf 88' lang='lat' dir='ltr'><strong>sunt</strong></span> <span class='ocrx_word' id='word_1_288' title='bbox 1037 401 1106 445; x_wconf 80' lang='lat' dir='ltr'><strong>ares</strong></span> <span class='ocrx_word' id='word_1_289' title='bbox 1129 385 1315 453; x_wconf 71' lang='lat' dir='ltr'><strong>castissime:</strong></span> 
     </span>
     <span class='ocr_line' id='line_1_58' title="bbox 797 455 1330 531; baseline 0.009 -18"><span class='ocrx_word' id='word_1_290' title='bbox 797 455 1060 529; x_wconf 88' lang='lat' dir='ltr'><strong>multiplicationem</strong></span> <span class='ocrx_word' id='word_1_291' title='bbox 1088 459 1232 516; x_wconf 86' lang='lat' dir='ltr'><strong>bonorum</strong></span> <span class='ocrx_word' id='word_1_292' title='bbox 1253 474 1330 531; x_wconf 82' lang='lat' dir='ltr'><strong>open</strong></span> 
     </span>
     <span class='ocr_line' id='line_1_59' title="bbox 796 528 1330 602; baseline 0.006 -18"><span class='ocrx_word' id='word_1_293' title='bbox 796 528 863 600; x_wconf 86' lang='lat' dir='ltr'><strong>quia</strong></span> <span class='ocrx_word' id='word_1_294' title='bbox 877 529 1015 585; x_wconf 78' lang='lat' dir='ltr'><strong>columba</strong></span> <span class='ocrx_word' id='word_1_295' title='bbox 1030 534 1097 586; x_wconf 90' lang='lat' dir='ltr'><strong>sunt</strong></span> <span class='ocrx_word' id='word_1_296' title='bbox 1111 545 1178 587; x_wconf 88' lang='lat' dir='ltr'><strong>aves</strong></span> <span class='ocrx_word' id='word_1_297' title='bbox 1191 529 1221 586; x_wconf 92' lang='lat' dir='ltr'><strong>in</strong></span> <span class='ocrx_word' id='word_1_298' title='bbox 1235 531 1313 602; x_wconf 90' lang='lat' dir='ltr'><strong>prole</strong></span> <span class='ocrx_word' id='word_1_299' title='bbox 1327 543 1330 587; x_wconf 84' lang='lat' dir='ltr'><strong>l</strong></span> 
     </span>
     <span class='ocr_line' id='line_1_60' title="bbox 796 599 1324 670; baseline 0.006 -14"><span class='ocrx_word' id='word_1_300' title='bbox 796 599 907 656; x_wconf 77' lang='lat' dir='ltr'><strong>cunda.</strong></span> <span class='ocrx_word' id='word_1_301' title='bbox 921 600 1063 658; x_wconf 86' lang='lat' dir='ltr'><strong>Debemus</strong></span> <span class='ocrx_word' id='word_1_302' title='bbox 1076 600 1164 657; x_wconf 89' lang='lat' dir='ltr'><strong>etiam</strong></span> <span class='ocrx_word' id='word_1_303' title='bbox 1178 617 1324 670; x_wconf 74' lang='lat' dir='ltr'><strong>eumcum</strong></span> 
     </span>
     <span class='ocr_line' id='line_1_61' title="bbox 796 671 1330 744; baseline 0.006 -18"><span class='ocrx_word' id='word_1_304' title='bbox 796 686 908 738; x_wconf 91' lang='lat' dir='ltr'><strong>meone,</strong></span> <span class='ocrx_word' id='word_1_305' title='bbox 920 676 1035 742; x_wconf 87' lang='lat' dir='ltr'><strong>portare</strong></span> <span class='ocrx_word' id='word_1_306' title='bbox 1052 671 1081 727; x_wconf 93' lang='lat' dir='ltr'><strong>in</strong></span> <span class='ocrx_word' id='word_1_307' title='bbox 1098 671 1330 744; x_wconf 85' lang='lat' dir='ltr'><strong>ulnis,amplexa1</strong></span> 
     </span>
     <span class='ocr_line' id='line_1_62' title="bbox 795 741 1330 801; baseline 0.006 -3"><span class='ocrx_word' id='word_1_308' title='bbox 795 757 861 798; x_wconf 80' lang='lat' dir='ltr'><strong>cuin</strong></span> <span class='ocrx_word' id='word_1_309' title='bbox 883 741 1009 798; x_wconf 85' lang='lat' dir='ltr'><strong>brachiis</strong></span> <span class='ocrx_word' id='word_1_310' title='bbox 1031 742 1089 799; x_wconf 81' lang='lat' dir='ltr'><strong>reri</strong></span> <span class='ocrx_word' id='word_1_311' title='bbox 1106 743 1224 800; x_wconf 88' lang='lat' dir='ltr'><strong>amoris.</strong></span> <span class='ocrx_word' id='word_1_312' title='bbox 1244 745 1330 801; x_wconf 90' lang='lat' dir='ltr'><strong>Deben</strong></span> 
     </span>
     <span class='ocr_line' id='line_1_63' title="bbox 795 812 1330 887; baseline 0.009 -19"><span class='ocrx_word' id='word_1_313' title='bbox 795 812 982 869; x_wconf 90' lang='lat' dir='ltr'><strong>nibilominus</strong></span> <span class='ocrx_word' id='word_1_314' title='bbox 1013 829 1078 869; x_wconf 90' lang='lat' dir='ltr'><strong>eum</strong></span> <span class='ocrx_word' id='word_1_315' title='bbox 1109 815 1303 884; x_wconf 90' lang='lat' dir='ltr'><strong>benedicere,</strong></span> <span class='ocrx_word' id='word_1_316' title='bbox 1328 832 1330 887; x_wconf 78' lang='lat' dir='ltr'>j</span> 
     </span>
     <span class='ocr_line' id='line_1_64' title="bbox 795 883 1330 960; baseline 0.006 -20"><span class='ocrx_word' id='word_1_317' title='bbox 795 883 928 940; x_wconf 89' lang='lat' dir='ltr'><strong>omnibus</strong></span> <span class='ocrx_word' id='word_1_318' title='bbox 946 884 1094 941; x_wconf 82' lang='lat' dir='ltr'><strong>beneflciis</strong></span> <span class='ocrx_word' id='word_1_319' title='bbox 1117 889 1219 955; x_wconf 87' lang='lat' dir='ltr'><strong>menti,</strong></span> <span class='ocrx_word' id='word_1_320' title='bbox 1235 886 1265 942; x_wconf 90' lang='lat' dir='ltr'><strong>in</strong></span> <span class='ocrx_word' id='word_1_321' title='bbox 1284 887 1330 960; x_wconf 89' lang='lat' dir='ltr'><strong>huj</strong></span> 
     </span>
     <span class='ocr_line' id='line_1_65' title="bbox 795 953 1330 1038; baseline 0.006 -27"><span class='ocrx_word' id='word_1_322' title='bbox 795 953 872 1012; x_wconf 88' lang='lat' dir='ltr'><strong>modi</strong></span> <span class='ocrx_word' id='word_1_323' title='bbox 891 955 1111 1038; x_wconf 72' lang='lat' dir='ltr'><strong>pregustatione</strong></span> <span class='ocrx_word' id='word_1_324' title='bbox 1130 955 1237 1013; x_wconf 78' lang='lat' dir='ltr'><strong>divinae</strong></span> <span class='ocrx_word' id='word_1_325' title='bbox 1256 957 1330 1014; x_wconf 84' lang='lat' dir='ltr'><strong>dulce</strong></span> 
     </span>
     <span class='ocr_line' id='line_1_66' title="bbox 796 1025 1330 1094; baseline 0.009 -13"><span class='ocrx_word' id='word_1_326' title='bbox 796 1026 841 1082; x_wconf 89' lang='lat' dir='ltr'><strong>nis</strong></span> <span class='ocrx_word' id='word_1_327' title='bbox 853 1025 998 1094; x_wconf 80' lang='lat' dir='ltr'><strong>exhibit1s3</strong></span> <span class='ocrx_word' id='word_1_328' title='bbox 1014 1032 1045 1083; x_wconf 97' lang='lat' dir='ltr'><strong>ut</strong></span> <span class='ocrx_word' id='word_1_329' title='bbox 1071 1026 1111 1083; x_wconf 91' lang='lat' dir='ltr'><strong>sic</strong></span> <span class='ocrx_word' id='word_1_330' title='bbox 1129 1027 1273 1085; x_wconf 85' lang='lat' dir='ltr'><strong>desiderio</strong></span> <span class='ocrx_word' id='word_1_331' title='bbox 1294 1028 1330 1086; x_wconf 84' lang='lat' dir='ltr'><strong>dis</strong></span> 
     </span>
     <span class='ocr_line' id='line_1_67' title="bbox 796 1096 1330 1168; baseline 0.007 -16"><span class='ocrx_word' id='word_1_332' title='bbox 796 1096 911 1154; x_wconf 91' lang='lat' dir='ltr'><strong>tutionis</strong></span> <span class='ocrx_word' id='word_1_333' title='bbox 939 1097 1044 1168; x_wconf 83' lang='lat' dir='ltr'><strong>allecti,</strong></span> <span class='ocrx_word' id='word_1_334' title='bbox 1074 1099 1186 1155; x_wconf 87' lang='lat' dir='ltr'><strong>beatam</strong></span> <span class='ocrx_word' id='word_1_335' title='bbox 1217 1099 1330 1156; x_wconf 84' lang='lat' dir='ltr'><strong>fruition</strong></span> 
     </span>
     <span class='ocr_line' id='line_1_68' title="bbox 795 1166 1330 1241; baseline 0.004 -16"><span class='ocrx_word' id='word_1_336' title='bbox 795 1166 880 1225; x_wconf 91' lang='lat' dir='ltr'><strong>Verbi</strong></span> <span class='ocrx_word' id='word_1_337' title='bbox 900 1168 999 1225; x_wconf 90' lang='lat' dir='ltr'><strong>aeterni</strong></span> <span class='ocrx_word' id='word_1_338' title='bbox 1014 1174 1220 1241; x_wconf 79' lang='lat' dir='ltr'><strong>exspectemus,</strong></span> <span class='ocrx_word' id='word_1_339' title='bbox 1236 1178 1330 1227; x_wconf 73' lang='lat' dir='ltr'><strong>centn</strong></span> 
     </span>
     <span class='ocr_line' id='line_1_69' title="bbox 796 1239 1330 1311; baseline 0.004 -15"><span class='ocrx_word' id='word_1_340' title='bbox 796 1239 935 1296; x_wconf 86' lang='lat' dir='ltr'><strong>canticum</strong></span> <span class='ocrx_word' id='word_1_341' title='bbox 943 1239 1097 1311; x_wconf 88' lang='lat' dir='ltr'><strong>jubilosum</strong></span> <span class='ocrx_word' id='word_1_342' title='bbox 1114 1241 1265 1311; x_wconf 89' lang='lat' dir='ltr'><strong>Simeonis,</strong></span> <span class='ocrx_word' id='word_1_343' title='bbox 1277 1247 1304 1298; x_wconf 86' lang='lat' dir='ltr'><strong>et</strong></span> <span class='ocrx_word' id='word_1_344' title='bbox 1316 1258 1330 1298; x_wconf 97' lang='lat' dir='ltr'><strong>c</strong></span> 
     </span>
     <span class='ocr_line' id='line_1_70' title="bbox 796 1309 1330 1370; baseline 0.002 -2"><span class='ocrx_word' id='word_1_345' title='bbox 796 1327 830 1368; x_wconf 89' lang='lat' dir='ltr'><strong>eo</strong></span> <span class='ocrx_word' id='word_1_346' title='bbox 854 1309 980 1367; x_wconf 88' lang='lat' dir='ltr'><strong>dicentes</strong></span> <span class='ocrx_word' id='word_1_347' title='bbox 1001 1328 1007 1365; x_wconf 96' lang='lat'><strong>:</strong></span> <span class='ocrx_word' id='word_1_348' title='bbox 1030 1314 1109 1370; x_wconf 83' lang='lat' dir='ltr'><strong>ltuac</strong></span> <span class='ocrx_word' id='word_1_349' title='bbox 1133 1313 1256 1368; x_wconf 81' lang='lat' dir='ltr'><strong>dimittis</strong></span> <span class='ocrx_word' id='word_1_350' title='bbox 1276 1329 1330 1369; x_wconf 83' lang='lat' dir='ltr'><strong>sert</strong></span> 
     </span>
     <span class='ocr_line' id='line_1_71' title="bbox 797 1383 1330 1447; baseline 0.006 -10"><span class='ocrx_word' id='word_1_351' title='bbox 797 1388 884 1446; x_wconf 87' lang='lat' dir='ltr'><strong>tuum,</strong></span> <span class='ocrx_word' id='word_1_352' title='bbox 891 1385 1013 1447; x_wconf 83' lang='lat' dir='ltr'><strong>Domine,</strong></span> <span class='ocrx_word' id='word_1_353' title='bbox 1020 1383 1166 1439; x_wconf 82' lang='lat' dir='ltr'><strong>seeundum</strong></span> <span class='ocrx_word' id='word_1_354' title='bbox 1182 1385 1295 1439; x_wconf 84' lang='lat' dir='ltr'><strong>uerbum</strong></span> <span class='ocrx_word' id='word_1_355' title='bbox 1307 1391 1330 1440; x_wconf 87' lang='lat' dir='ltr'><strong>tu</strong></span> 
     </span>
     <span class='ocr_line' id='line_1_72' title="bbox 796 1457 1330 1582; baseline 0.006 -3"><span class='ocrx_word' id='word_1_356' title='bbox 796 1457 1086 1582; x_wconf 43' lang='lat' dir='ltr'><strong>⁸nttpsacg&#39;offsssicmrnssrs</strong></span> <span class='ocrx_word' id='word_1_357' title='bbox 1117 1542 1260 1582; x_wconf 79' lang='lat' dir='ltr'><strong>nonmnsn</strong></span> <span class='ocrx_word' id='word_1_358' title='bbox 1286 1543 1330 1582; x_wconf 78' lang='lat' dir='ltr'><strong>uss</strong></span> 
     </span>
     <span class='ocr_line' id='line_1_73' title="bbox 795 1597 1326 1669; baseline 0.006 -18"><span class='ocrx_word' id='word_1_359' title='bbox 795 1612 876 1652; x_wconf 87' lang='lat' dir='ltr'><strong>runo.</strong></span> <span class='ocrx_word' id='word_1_360' title='bbox 891 1627 924 1637; x_wconf 99' lang='lat'>—</span> <span class='ocrx_word' id='word_1_361' title='bbox 940 1597 1044 1667; x_wconf 83' lang='lat' dir='ltr'><strong>Magna</strong></span> <span class='ocrx_word' id='word_1_362' title='bbox 1057 1600 1101 1652; x_wconf 84' lang='lat' dir='ltr'><strong>est</strong></span> <span class='ocrx_word' id='word_1_363' title='bbox 1114 1612 1183 1668; x_wconf 91' lang='lat' dir='ltr'><strong>ergo</strong></span> <span class='ocrx_word' id='word_1_364' title='bbox 1197 1612 1326 1669; x_wconf 80' lang='lat' dir='ltr'><strong>praesens</strong></span> 
     </span>
     <span class='ocr_line' id='line_1_74' title="bbox 796 1665 1325 1739; baseline 0.002 -16"><span class='ocrx_word' id='word_1_365' title='bbox 796 1665 928 1723; x_wconf 89' lang='lat' dir='ltr'><strong>lemnitas</strong></span> <span class='ocrx_word' id='word_1_366' title='bbox 952 1672 1068 1738; x_wconf 86' lang='lat' dir='ltr'><strong>propter</strong></span> <span class='ocrx_word' id='word_1_367' title='bbox 1091 1668 1179 1723; x_wconf 89' lang='lat' dir='ltr'><strong>multa</strong></span> <span class='ocrx_word' id='word_1_368' title='bbox 1206 1685 1270 1739; x_wconf 81' lang='lat' dir='ltr'><strong>quae</strong></span> <span class='ocrx_word' id='word_1_369' title='bbox 1296 1667 1325 1724; x_wconf 93' lang='lat' dir='ltr'><strong>in</strong></span> 
     </span>
     <span class='ocr_line' id='line_1_75' title="bbox 797 1738 1330 1808; baseline 0.006 -15"><span class='ocrx_word' id='word_1_370' title='bbox 797 1738 872 1794; x_wconf 85' lang='lat' dir='ltr'><strong>tacta</strong></span> <span class='ocrx_word' id='word_1_371' title='bbox 892 1746 968 1807; x_wconf 90' lang='lat' dir='ltr'><strong>sunt,</strong></span> <span class='ocrx_word' id='word_1_372' title='bbox 985 1754 1070 1808; x_wconf 80' lang='lat' dir='ltr'><strong>quam</strong></span> <span class='ocrx_word' id='word_1_373' title='bbox 1090 1743 1187 1794; x_wconf 88' lang='lat' dir='ltr'><strong>tamen</strong></span> <span class='ocrx_word' id='word_1_374' title='bbox 1204 1739 1289 1796; x_wconf 90' lang='lat' dir='ltr'><strong>trias</strong></span> <span class='ocrx_word' id='word_1_375' title='bbox 1309 1756 1330 1796; x_wconf 75' lang='lat' dir='ltr'><strong>el</strong></span> 
     </span>
     <span class='ocr_line' id='line_1_76' title="bbox 797 1808 1330 1879; baseline 0.006 -15"><span class='ocrx_word' id='word_1_376' title='bbox 797 1808 862 1865; x_wconf 89' lang='lat' dir='ltr'><strong>liter</strong></span> <span class='ocrx_word' id='word_1_377' title='bbox 879 1809 1038 1865; x_wconf 89' lang='lat' dir='ltr'><strong>attollunt:</strong></span> <span class='ocrx_word' id='word_1_378' title='bbox 1083 1809 1186 1866; x_wconf 91' lang='lat' dir='ltr'><strong>rimum</strong></span> <span class='ocrx_word' id='word_1_379' title='bbox 1206 1816 1260 1879; x_wconf 92' lang='lat' dir='ltr'><strong>est,</strong></span> <span class='ocrx_word' id='word_1_380' title='bbox 1302 1812 1330 1867; x_wconf 82' lang='lat' dir='ltr'><strong>ht</strong></span> 
     </span>
     <span class='ocr_line' id='line_1_77' title="bbox 796 1879 1331 1953; baseline 0.006 -18"><span class='ocrx_word' id='word_1_381' title='bbox 796 1880 826 1936; x_wconf 92' lang='lat' dir='ltr'><strong>in</strong></span> <span class='ocrx_word' id='word_1_382' title='bbox 855 1879 991 1952; x_wconf 92' lang='lat' dir='ltr'><strong>templum</strong></span> <span class='ocrx_word' id='word_1_383' title='bbox 1020 1879 1048 1936; x_wconf 92' lang='lat' dir='ltr'><strong>in</strong></span> <span class='ocrx_word' id='word_1_384' title='bbox 1071 1881 1146 1937; x_wconf 92' lang='lat' dir='ltr'><strong>uctio</strong></span> <span class='ocrx_word' id='word_1_385' title='bbox 1180 1882 1331 1953; x_wconf 74' lang='lat' dir='ltr'><strong>prasentia</strong></span> 
     </span>
     <span class='ocr_line' id='line_1_78' title="bbox 797 1951 1330 2025; baseline 0.006 -18"><span class='ocrx_word' id='word_1_386' title='bbox 797 1951 953 2007; x_wconf 86' lang='lat' dir='ltr'><strong>secundum</strong></span> <span class='ocrx_word' id='word_1_387' title='bbox 969 1956 1022 2021; x_wconf 89' lang='lat' dir='ltr'><strong>est,</strong></span> <span class='ocrx_word' id='word_1_388' title='bbox 1040 1957 1189 2023; x_wconf 85' lang='lat' dir='ltr'><strong>parentum</strong></span> <span class='ocrx_word' id='word_1_389' title='bbox 1205 1954 1267 2025; x_wconf 84' lang='lat' dir='ltr'><strong>ejus</strong></span> <span class='ocrx_word' id='word_1_390' title='bbox 1281 1969 1330 2025; x_wconf 88' lang='lat' dir='ltr'><strong>pro</strong></span> 
     </span>
     <span class='ocr_line' id='line_1_79' title="bbox 797 2021 1330 2095; baseline 0.002 -15"><span class='ocrx_word' id='word_1_391' title='bbox 797 2021 904 2080; x_wconf 86' lang='lat' dir='ltr'><strong>oblatio</strong></span> <span class='ocrx_word' id='word_1_392' title='bbox 919 2022 1033 2094; x_wconf 62' lang='lat' dir='ltr'><strong>legalis·</strong></span> <span class='ocrx_word' id='word_1_393' title='bbox 1049 2023 1164 2080; x_wconf 80' lang='lat' dir='ltr'><strong>testium</strong></span> <span class='ocrx_word' id='word_1_394' title='bbox 1176 2030 1230 2095; x_wconf 87' lang='lat' dir='ltr'><strong>est,</strong></span> <span class='ocrx_word' id='word_1_395' title='bbox 1245 2024 1330 2081; x_wconf 82' lang='lat' dir='ltr'><strong>Simec</strong></span> 
     </span>
     <span class='ocr_line' id='line_1_80' title="bbox 798 2092 1330 2152; baseline 0.006 -3"><span class='ocrx_word' id='word_1_396' title='bbox 798 2092 875 2150; x_wconf 90' lang='lat' dir='ltr'><strong>senis</strong></span> <span class='ocrx_word' id='word_1_397' title='bbox 896 2093 1052 2150; x_wconf 88' lang='lat' dir='ltr'><strong>consolatio</strong></span> <span class='ocrx_word' id='word_1_398' title='bbox 1071 2095 1213 2151; x_wconf 87' lang='lat' dir='ltr'><strong>salutaris.</strong></span> <span class='ocrx_word' id='word_1_399' title='bbox 1232 2098 1266 2151; x_wconf 87' lang='lat' dir='ltr'><strong>Et</strong></span> <span class='ocrx_word' id='word_1_400' title='bbox 1280 2111 1330 2152; x_wconf 85' lang='lat' dir='ltr'><strong>seu</strong></span> 
     </span>
     <span class='ocr_line' id='line_1_81' title="bbox 798 2164 1330 2234; baseline 0.006 -14"><span class='ocrx_word' id='word_1_401' title='bbox 798 2165 866 2221; x_wconf 90' lang='lat' dir='ltr'><strong>dum</strong></span> <span class='ocrx_word' id='word_1_402' title='bbox 889 2165 950 2220; x_wconf 83' lang='lat' dir='ltr'><strong>hmo</strong></span> <span class='ocrx_word' id='word_1_403' title='bbox 969 2164 1033 2234; x_wconf 87' lang='lat' dir='ltr'><strong>tria,</strong></span> <span class='ocrx_word' id='word_1_404' title='bbox 1053 2166 1156 2222; x_wconf 83' lang='lat' dir='ltr'><strong>testum</strong></span> <span class='ocrx_word' id='word_1_405' title='bbox 1171 2166 1247 2223; x_wconf 90' lang='lat' dir='ltr'><strong>istud</strong></span> <span class='ocrx_word' id='word_1_406' title='bbox 1266 2167 1330 2223; x_wconf 88' lang='lat' dir='ltr'><strong>sorti</strong></span> 
     </span>
     <span class='ocr_line' id='line_1_82' title="bbox 798 2235 1330 2310; baseline 0.006 -19"><span class='ocrx_word' id='word_1_407' title='bbox 798 2235 854 2291; x_wconf 89' lang='lat' dir='ltr'><strong>tria</strong></span> <span class='ocrx_word' id='word_1_408' title='bbox 879 2235 1025 2292; x_wconf 84' lang='lat' dir='ltr'><strong>vocabula.</strong></span> <span class='ocrx_word' id='word_1_409' title='bbox 1055 2238 1125 2292; x_wconf 89' lang='lat' dir='ltr'><strong>Nam</strong></span> <span class='ocrx_word' id='word_1_410' title='bbox 1150 2237 1261 2294; x_wconf 87' lang='lat' dir='ltr'><strong>ratione</strong></span> <span class='ocrx_word' id='word_1_411' title='bbox 1287 2237 1330 2310; x_wconf 86' lang='lat' dir='ltr'><strong>pri</strong></span> 
     </span>
     <span class='ocr_line' id='line_1_83' title="bbox 798 2307 1330 2380; baseline 0.002 -17"><span class='ocrx_word' id='word_1_412' title='bbox 798 2307 903 2363; x_wconf 89' lang='lat' dir='ltr'><strong>dictum</strong></span> <span class='ocrx_word' id='word_1_413' title='bbox 925 2312 968 2363; x_wconf 92' lang='lat' dir='ltr'><strong>est</strong></span> <span class='ocrx_word' id='word_1_414' title='bbox 991 2308 1088 2364; x_wconf 85' lang='lat' dir='ltr'><strong>Graece</strong></span> <span class='ocrx_word' id='word_1_415' title='bbox 1102 2310 1330 2380; x_wconf 51' lang='lat' dir='ltr'><strong>prepamtsm</strong></span> 
     </span>
     <span class='ocr_line' id='line_1_84' title="bbox 799 2378 1330 2451; baseline 0.002 -18"><span class='ocrx_word' id='word_1_416' title='bbox 799 2378 874 2434; x_wconf 91' lang='lat' dir='ltr'><strong>idem</strong></span> <span class='ocrx_word' id='word_1_417' title='bbox 888 2383 932 2433; x_wconf 89' lang='lat' dir='ltr'><strong>est</strong></span> <span class='ocrx_word' id='word_1_418' title='bbox 966 2378 1021 2434; x_wconf 93' lang='lat' dir='ltr'><strong>uod</strong></span> <span class='ocrx_word' id='word_1_419' title='bbox 1040 2380 1238 2451; x_wconf 69' lang='lat' dir='ltr'><strong>praesentati03</strong></span> <span class='ocrx_word' id='word_1_420' title='bbox 1255 2396 1290 2436; x_wconf 92' lang='lat' dir='ltr'><strong>eo</strong></span> <span class='ocrx_word' id='word_1_421' title='bbox 1308 2396 1330 2450; x_wconf 77' lang='lat' dir='ltr'><strong>ql</strong></span> 
     </span>
     <span class='ocr_line' id='line_1_85' title="bbox 798 2393 1330 2530; baseline 0.006 -26"><span class='ocrx_word' id='word_1_422' title='bbox 798 2450 859 2520; x_wconf 91' lang='lat' dir='ltr'><strong>ipso</strong></span> <span class='ocrx_word' id='word_1_423' title='bbox 879 2448 925 2505; x_wconf 89' lang='lat' dir='ltr'><strong>die</strong></span> <span class='ocrx_word' id='word_1_424' title='bbox 946 2393 1073 2530; x_wconf 58' lang='lat' dir='ltr'><strong>ghristus</strong></span> <span class='ocrx_word' id='word_1_425' title='bbox 1088 2456 1278 2521; x_wconf 78' lang='lat' dir='ltr'><strong>praesentatus</strong></span> <span class='ocrx_word' id='word_1_426' title='bbox 1297 2467 1330 2507; x_wconf 86' lang='lat' dir='ltr'><strong>es</strong></span> 
     </span>
     <span class='ocr_line' id='line_1_86' title="bbox 797 2520 1320 2591; baseline 0.006 -16"><span class='ocrx_word' id='word_1_427' title='bbox 797 2520 913 2591; x_wconf 89' lang='lat' dir='ltr'><strong>templo.</strong></span> <span class='ocrx_word' id='word_1_428' title='bbox 939 2520 1059 2577; x_wconf 82' lang='lat' dir='ltr'><strong>Ratione</strong></span> <span class='ocrx_word' id='word_1_429' title='bbox 1075 2523 1201 2591; x_wconf 91' lang='lat' dir='ltr'><strong>secundi,</strong></span> <span class='ocrx_word' id='word_1_430' title='bbox 1217 2522 1320 2579; x_wconf 86' lang='lat' dir='ltr'><strong>dicitur</strong></span> 
     </span>
     <span class='ocr_line' id='line_1_87' title="bbox 799 2593 1330 2664; baseline 0.004 -18"><span class='ocrx_word' id='word_1_431' title='bbox 799 2598 873 2647; x_wconf 89' lang='lat' dir='ltr'><strong>stum</strong></span> <span class='ocrx_word' id='word_1_432' title='bbox 900 2594 1119 2661; x_wconf 61' lang='lat' dir='ltr'><strong>Pundentiouim</strong></span> <span class='ocrx_word' id='word_1_433' title='bbox 1147 2609 1181 2649; x_wconf 90' lang='lat' dir='ltr'><strong>eo</strong></span> <span class='ocrx_word' id='word_1_434' title='bbox 1215 2593 1292 2664; x_wconf 85' lang='lat' dir='ltr'><strong>quod</strong></span> <span class='ocrx_word' id='word_1_435' title='bbox 1317 2599 1330 2648; x_wconf 87' lang='lat' dir='ltr'><strong>t</strong></span> 
     </span>
     <span class='ocr_line' id='line_1_88' title="bbox 798 2662 1321 2734; baseline 0.002 -14"><span class='ocrx_word' id='word_1_436' title='bbox 798 2664 882 2720; x_wconf 85' lang='lat' dir='ltr'><strong>beata</strong></span> <span class='ocrx_word' id='word_1_437' title='bbox 897 2662 982 2732; x_wconf 91' lang='lat' dir='ltr'><strong>Virgo</strong></span> <span class='ocrx_word' id='word_1_438' title='bbox 996 2678 1048 2734; x_wconf 91' lang='lat' dir='ltr'><strong>pro</strong></span> <span class='ocrx_word' id='word_1_439' title='bbox 1063 2663 1106 2719; x_wconf 92' lang='lat' dir='ltr'><strong>sui</strong></span> <span class='ocrx_word' id='word_1_440' title='bbox 1122 2664 1321 2734; x_wconf 83' lang='lat' dir='ltr'><strong>purificatione</strong></span> 
     </span>
     <span class='ocr_line' id='line_1_89' title="bbox 799 2732 1330 2807; baseline 0 -19"><span class='ocrx_word' id='word_1_441' title='bbox 799 2732 921 2789; x_wconf 91' lang='lat' dir='ltr'><strong>cundum</strong></span> <span class='ocrx_word' id='word_1_442' title='bbox 941 2734 978 2789; x_wconf 88' lang='lat' dir='ltr'><strong>Le</strong></span> <span class='ocrx_word' id='word_1_443' title='bbox 999 2749 1053 2802; x_wconf 90' lang='lat' dir='ltr'><strong>em,</strong></span> <span class='ocrx_word' id='word_1_444' title='bbox 1070 2734 1136 2790; x_wconf 89' lang='lat' dir='ltr'><strong>licet</strong></span> <span class='ocrx_word' id='word_1_445' title='bbox 1152 2752 1208 2791; x_wconf 89' lang='lat' dir='ltr'><strong>non</strong></span> <span class='ocrx_word' id='word_1_446' title='bbox 1231 2735 1330 2807; x_wconf 59' lang='lat' dir='ltr'><strong>indige,</strong></span> 
     </span>
     <span class='ocr_line' id='line_1_90' title="bbox 798 2749 1330 2876; baseline 0.006 -16"><span class='ocrx_word' id='word_1_447' title='bbox 798 2803 970 2861; x_wconf 89' lang='lat' dir='ltr'><strong>oblationem</strong></span> <span class='ocrx_word' id='word_1_448' title='bbox 979 2749 1059 2861; x_wconf 46' lang='lat' dir='ltr'><strong>{ecit</strong></span> <span class='ocrx_word' id='word_1_449' title='bbox 1080 2807 1198 2862; x_wconf 81' lang='lat' dir='ltr'><strong>flatione</strong></span> <span class='ocrx_word' id='word_1_450' title='bbox 1213 2806 1302 2876; x_wconf 89' lang='lat' dir='ltr'><strong>tertii,</strong></span> <span class='ocrx_word' id='word_1_451' title='bbox 1316 2807 1330 2863; x_wconf 94' lang='lat' dir='ltr'><strong>d</strong></span> 
     </span>
     <span class='ocr_line' id='line_1_91' title="bbox 798 2876 1330 2941; baseline 0.008 -11"><span class='ocrx_word' id='word_1_452' title='bbox 798 2880 881 2931; x_wconf 89' lang='lat' dir='ltr'><strong>turet</strong></span> <span class='ocrx_word' id='word_1_453' title='bbox 895 2876 1126 2941; x_wconf 77' lang='lat' dir='ltr'><strong>condelabrn,vel</strong></span> <span class='ocrx_word' id='word_1_454' title='bbox 1136 2878 1238 2933; x_wconf 85' lang='lat' dir='ltr'><strong>testum</strong></span> <span class='ocrx_word' id='word_1_455' title='bbox 1249 2877 1330 2934; x_wconf 81' lang='lat' dir='ltr'><strong>tumis</strong></span> 
     </span>
     <span class='ocr_line' id='line_1_92' title="bbox 798 2945 1330 3017; baseline 0.004 -14"><span class='ocrx_word' id='word_1_456' title='bbox 798 2962 832 3003; x_wconf 88' lang='lat' dir='ltr'><strong>eo</strong></span> <span class='ocrx_word' id='word_1_457' title='bbox 848 2945 923 3017; x_wconf 84' lang='lat' dir='ltr'><strong>quod</strong></span> <span class='ocrx_word' id='word_1_458' title='bbox 938 2946 1023 3003; x_wconf 89' lang='lat' dir='ltr'><strong>hodie</strong></span> <span class='ocrx_word' id='word_1_459' title='bbox 1035 2948 1330 3006; x_wconf 82' lang='lat' dir='ltr'><strong>candelasbenedicta</strong></span> 
     </span>
     <span class='ocr_line' id='line_1_93' title="bbox 798 3018 1318 3090; baseline 0.004 -16"><span class='ocrx_word' id='word_1_460' title='bbox 798 3033 933 3074; x_wconf 88' lang='lat' dir='ltr'><strong>accensas</strong></span> <span class='ocrx_word' id='word_1_461' title='bbox 953 3018 981 3073; x_wconf 91' lang='lat' dir='ltr'><strong>in</strong></span> <span class='ocrx_word' id='word_1_462' title='bbox 1007 3019 1137 3075; x_wconf 88' lang='lat' dir='ltr'><strong>manibus</strong></span> <span class='ocrx_word' id='word_1_463' title='bbox 1160 3025 1318 3090; x_wconf 87' lang='lat' dir='ltr'><strong>gestamus,</strong></span> 
     </span>
     <span class='ocr_line' id='line_1_94' title="bbox 796 3091 1320 3160; baseline 0.008 -16"><span class='ocrx_word' id='word_1_464' title='bbox 796 3092 982 3160; x_wconf 75' lang='lat' dir='ltr'><strong>praesentates</strong></span> <span class='ocrx_word' id='word_1_465' title='bbox 1006 3094 1035 3145; x_wconf 92' lang='lat' dir='ltr'><strong>et</strong></span> <span class='ocrx_word' id='word_1_466' title='bbox 1052 3096 1193 3146; x_wconf 89' lang='lat' dir='ltr'><strong>sectantes</strong></span> <span class='ocrx_word' id='word_1_467' title='bbox 1218 3091 1249 3146; x_wconf 93' lang='lat' dir='ltr'><strong>in</strong></span> <span class='ocrx_word' id='word_1_468' title='bbox 1264 3093 1320 3149; x_wconf 85' lang='lat' dir='ltr'><strong>hoc</strong></span> 
     </span>
     <span class='ocr_line' id='line_1_95' title="bbox 797 3158 1106 3217; baseline 0.006 -3"><span class='ocrx_word' id='word_1_469' title='bbox 797 3158 940 3215; x_wconf 77' lang='lat' dir='ltr'><strong>notionem</strong></span> <span class='ocrx_word' id='word_1_470' title='bbox 955 3158 1106 3217; x_wconf 88' lang='lat' dir='ltr'><strong>Simeonis.</strong></span> 
     </span>
    </p>

    <p class='ocr_par' dir='ltr' id='par_1_5' title="bbox 792 3232 1330 4288">
     <span class='ocr_line' id='line_1_96' title="bbox 831 3232 1330 3290; baseline 0.008 -4"><span class='ocrx_word' id='word_1_471' title='bbox 831 3235 865 3286; x_wconf 77' lang='lat' dir='ltr'><strong>bn</strong></span> <span class='ocrx_word' id='word_1_472' title='bbox 881 3232 982 3286; x_wconf 76' lang='lat' dir='ltr'><strong>Taueni</strong></span> <span class='ocrx_word' id='word_1_473' title='bbox 996 3234 1152 3288; x_wconf 74' lang='lat' dir='ltr'><strong>lunussnsu</strong></span> <span class='ocrx_word' id='word_1_474' title='bbox 1169 3251 1196 3288; x_wconf 80' lang='lat' dir='ltr'><strong>m</strong></span> <span class='ocrx_word' id='word_1_475' title='bbox 1214 3251 1307 3289; x_wconf 76' lang='lat' dir='ltr'><strong>nosne</strong></span> <span class='ocrx_word' id='word_1_476' title='bbox 1323 3235 1330 3290; x_wconf 92' lang='lat' dir='ltr'><strong>l</strong></span> 
     </span>
     <span class='ocr_line' id='line_1_97' title="bbox 795 3307 1330 3362; baseline 0.011 -7"><span class='ocrx_word' id='word_1_477' title='bbox 795 3318 841 3356; x_wconf 80' lang='lat' dir='ltr'><strong>nm</strong></span> <span class='ocrx_word' id='word_1_478' title='bbox 854 3318 1008 3358; x_wconf 75' lang='lat' dir='ltr'><strong>cossanum</strong></span> <span class='ocrx_word' id='word_1_479' title='bbox 1021 3321 1167 3359; x_wconf 75' lang='lat' dir='ltr'><strong>renconis.</strong></span> <span class='ocrx_word' id='word_1_480' title='bbox 1184 3335 1220 3346; x_wconf 92' lang='lat'><em>-</em></span> <span class='ocrx_word' id='word_1_481' title='bbox 1236 3307 1295 3361; x_wconf 88' lang='lat' dir='ltr'><strong>lloe</strong></span> <span class='ocrx_word' id='word_1_482' title='bbox 1310 3311 1330 3362; x_wconf 82' lang='lat' dir='ltr'><strong>tt</strong></span> 
     </span>
     <span class='ocr_line' id='line_1_98' title="bbox 795 3373 1320 3447; baseline 0.01 -20"><span class='ocrx_word' id='word_1_483' title='bbox 795 3373 874 3444; x_wconf 92' lang='lat' dir='ltr'><strong>plum</strong></span> <span class='ocrx_word' id='word_1_484' title='bbox 901 3373 1014 3429; x_wconf 91' lang='lat' dir='ltr'><strong>Domini</strong></span> <span class='ocrx_word' id='word_1_485' title='bbox 1041 3380 1181 3443; x_wconf 87' lang='lat' dir='ltr'><strong>sanctum,</strong></span> <span class='ocrx_word' id='word_1_486' title='bbox 1204 3375 1320 3447; x_wconf 88' lang='lat' dir='ltr'><strong>dequo</strong></span> 
     </span>
     <span class='ocr_line' id='line_1_99' title="bbox 795 3442 1330 3512; baseline 0.006 -13"><span class='ocrx_word' id='word_1_487' title='bbox 795 3442 909 3512; x_wconf 89' lang='lat' dir='ltr'><strong>dicitnr,</strong></span> <span class='ocrx_word' id='word_1_488' title='bbox 925 3443 954 3499; x_wconf 89' lang='lat' dir='ltr'><strong>in</strong></span> <span class='ocrx_word' id='word_1_489' title='bbox 971 3451 1066 3501; x_wconf 91' lang='lat' dir='ltr'><strong>monte</strong></span> <span class='ocrx_word' id='word_1_490' title='bbox 1086 3446 1173 3501; x_wconf 86' lang='lat' dir='ltr'><strong>llorie</strong></span> <span class='ocrx_word' id='word_1_491' title='bbox 1188 3449 1230 3501; x_wconf 90' lang='lat' dir='ltr'><strong>est</strong></span> <span class='ocrx_word' id='word_1_492' title='bbox 1245 3451 1330 3503; x_wconf 92' lang='lat' dir='ltr'><strong>const</strong></span> 
     </span>
     <span class='ocr_line' id='line_1_100' title="bbox 794 3514 1330 3585; baseline 0.009 -16"><span class='ocrx_word' id='word_1_493' title='bbox 794 3519 865 3583; x_wconf 92' lang='lat' dir='ltr'><strong>tum,</strong></span> <span class='ocrx_word' id='word_1_494' title='bbox 881 3514 911 3571; x_wconf 93' lang='lat' dir='ltr'><strong>in</strong></span> <span class='ocrx_word' id='word_1_495' title='bbox 932 3530 988 3585; x_wconf 87' lang='lat' dir='ltr'><strong>quo</strong></span> <span class='ocrx_word' id='word_1_496' title='bbox 1007 3516 1096 3572; x_wconf 86' lang='lat' dir='ltr'><strong>voluit</strong></span> <span class='ocrx_word' id='word_1_497' title='bbox 1111 3517 1256 3573; x_wconf 76' lang='lat' dir='ltr'><strong>Abrabam</strong></span> <span class='ocrx_word' id='word_1_498' title='bbox 1275 3517 1330 3574; x_wconf 80' lang='lat' dir='ltr'><strong>imi</strong></span> 
     </span>
     <span class='ocr_line' id='line_1_101' title="bbox 794 3585 1330 3659; baseline 0.007 -18"><span class='ocrx_word' id='word_1_499' title='bbox 794 3585 855 3642; x_wconf 86' lang='lat' dir='ltr'><strong>lere</strong></span> <span class='ocrx_word' id='word_1_500' title='bbox 870 3589 949 3642; x_wconf 86' lang='lat' dir='ltr'><strong>lsaac</strong></span> <span class='ocrx_word' id='word_1_501' title='bbox 964 3586 1053 3643; x_wconf 86' lang='lat' dir='ltr'><strong>tilium</strong></span> <span class='ocrx_word' id='word_1_502' title='bbox 1067 3603 1165 3655; x_wconf 87' lang='lat' dir='ltr'><strong>suum;</strong></span> <span class='ocrx_word' id='word_1_503' title='bbox 1182 3588 1211 3643; x_wconf 90' lang='lat' dir='ltr'><strong>in</strong></span> <span class='ocrx_word' id='word_1_504' title='bbox 1222 3604 1279 3659; x_wconf 88' lang='lat' dir='ltr'><strong>quo</strong></span> <span class='ocrx_word' id='word_1_505' title='bbox 1293 3588 1330 3645; x_wconf 84' lang='lat' dir='ltr'><strong>eti</strong></span> 
     </span>
     <span class='ocr_line' id='line_1_102' title="bbox 794 3655 1330 3727; baseline 0.009 -15"><span class='ocrx_word' id='word_1_506' title='bbox 794 3655 856 3712; x_wconf 89' lang='lat' dir='ltr'><strong>loco</strong></span> <span class='ocrx_word' id='word_1_507' title='bbox 880 3659 969 3714; x_wconf 84' lang='lat' dir='ltr'><strong>Jacob</strong></span> <span class='ocrx_word' id='word_1_508' title='bbox 994 3658 1149 3727; x_wconf 87' lang='lat' dir='ltr'><strong>dormiens,</strong></span> <span class='ocrx_word' id='word_1_509' title='bbox 1176 3658 1245 3715; x_wconf 83' lang='lat' dir='ltr'><strong>vidit</strong></span> <span class='ocrx_word' id='word_1_510' title='bbox 1273 3660 1330 3718; x_wconf 79' lang='lat' dir='ltr'><strong>scal</strong></span> 
     </span>
     <span class='ocr_line' id='line_1_103' title="bbox 794 3730 1330 3801; baseline 0.009 -18"><span class='ocrx_word' id='word_1_511' title='bbox 794 3732 917 3784; x_wconf 89' lang='lat' dir='ltr'><strong>erectam</strong></span> <span class='ocrx_word' id='word_1_512' title='bbox 946 3744 1036 3801; x_wconf 89' lang='lat' dir='ltr'><strong>usque</strong></span> <span class='ocrx_word' id='word_1_513' title='bbox 1065 3730 1100 3785; x_wconf 87' lang='lat' dir='ltr'><strong>ed</strong></span> <span class='ocrx_word' id='word_1_514' title='bbox 1126 3730 1238 3786; x_wconf 86' lang='lat' dir='ltr'><strong>coelum.</strong></span> <span class='ocrx_word' id='word_1_515' title='bbox 1267 3734 1301 3788; x_wconf 93' lang='lat' dir='ltr'><strong>ln</strong></span> <span class='ocrx_word' id='word_1_516' title='bbox 1328 3732 1330 3787; x_wconf 77' lang='grc' dir='ltr'>Ι</span> 
     </span>
     <span class='ocr_line' id='line_1_104' title="bbox 794 3800 1330 3870; baseline 0.009 -16"><span class='ocrx_word' id='word_1_517' title='bbox 794 3813 907 3870; x_wconf 86' lang='lat' dir='ltr'><strong>quoque</strong></span> <span class='ocrx_word' id='word_1_518' title='bbox 933 3805 1041 3868; x_wconf 91' lang='lat' dir='ltr'><strong>moute,</strong></span> <span class='ocrx_word' id='word_1_519' title='bbox 1057 3800 1158 3857; x_wconf 83' lang='lat' dir='ltr'><strong>sidens</strong></span> <span class='ocrx_word' id='word_1_520' title='bbox 1178 3801 1268 3859; x_wconf 84' lang='lat' dir='ltr'><strong>David</strong></span> <span class='ocrx_word' id='word_1_521' title='bbox 1288 3804 1330 3859; x_wconf 77' lang='lat' dir='ltr'><strong>An</strong></span> 
     </span>
     <span class='ocr_line' id='line_1_105' title="bbox 794 3869 1330 3950; baseline 0.013 -25"><span class='ocrx_word' id='word_1_522' title='bbox 794 3869 852 3950; x_wconf 84' lang='lat' dir='ltr'><strong>lum</strong></span> <span class='ocrx_word' id='word_1_523' title='bbox 868 3875 990 3927; x_wconf 88' lang='lat' dir='ltr'><strong>stantem</strong></span> <span class='ocrx_word' id='word_1_524' title='bbox 1010 3876 1039 3927; x_wconf 94' lang='lat' dir='ltr'><strong>et</strong></span> <span class='ocrx_word' id='word_1_525' title='bbox 1059 3872 1216 3928; x_wconf 86' lang='lat' dir='ltr'><strong>caedentem</strong></span> <span class='ocrx_word' id='word_1_526' title='bbox 1231 3873 1330 3946; x_wconf 78' lang='lat' dir='ltr'><strong>populi</strong></span> 
     </span>
     <span class='ocr_line' id='line_1_106' title="bbox 793 3941 1330 4016; baseline 0.009 -21"><span class='ocrx_word' id='word_1_527' title='bbox 793 3956 823 3995; x_wconf 82' lang='lat' dir='ltr'><strong>sn</strong></span> <span class='ocrx_word' id='word_1_528' title='bbox 836 3945 942 3997; x_wconf 88' lang='lat' dir='ltr'><strong>terram</strong></span> <span class='ocrx_word' id='word_1_529' title='bbox 954 3941 1076 4010; x_wconf 83' lang='lat' dir='ltr'><strong>corruit3</strong></span> <span class='ocrx_word' id='word_1_530' title='bbox 1091 3948 1117 3998; x_wconf 88' lang='lat' dir='ltr'><strong>et</strong></span> <span class='ocrx_word' id='word_1_531' title='bbox 1131 3943 1274 4014; x_wconf 88' lang='lat' dir='ltr'><strong>poenitens</strong></span> <span class='ocrx_word' id='word_1_532' title='bbox 1288 3960 1330 4016; x_wconf 73' lang='lat' dir='ltr'><strong>gra</strong></span> 
     </span>
     <span class='ocr_line' id='line_1_107' title="bbox 794 4014 1330 4086; baseline 0.013 -20"><span class='ocrx_word' id='word_1_533' title='bbox 794 4016 892 4083; x_wconf 87' lang='lat' dir='ltr'><strong>terque</strong></span> <span class='ocrx_word' id='word_1_534' title='bbox 908 4029 938 4068; x_wconf 89' lang='lat' dir='ltr'><strong>se</strong></span> <span class='ocrx_word' id='word_1_535' title='bbox 953 4014 1084 4086; x_wconf 85' lang='lat' dir='ltr'><strong>altligens</strong></span> <span class='ocrx_word' id='word_1_536' title='bbox 1096 4030 1112 4069; x_wconf 90' lang='lat' dir='ltr'><strong>a</strong></span> <span class='ocrx_word' id='word_1_537' title='bbox 1122 4016 1180 4071; x_wconf 90' lang='lat' dir='ltr'><strong>Deo</strong></span> <span class='ocrx_word' id='word_1_538' title='bbox 1195 4015 1330 4073; x_wconf 81' lang='lat' dir='ltr'><strong>veniams</strong></span> 
     </span>
     <span class='ocr_line' id='line_1_108' title="bbox 793 4082 1330 4152; baseline 0.013 -14"><span class='ocrx_word' id='word_1_539' title='bbox 793 4082 859 4138; x_wconf 89' lang='lat' dir='ltr'><strong>ruit.</strong></span> <span class='ocrx_word' id='word_1_540' title='bbox 890 4085 921 4139; x_wconf 94' lang='lat' dir='ltr'><strong>ln</strong></span> <span class='ocrx_word' id='word_1_541' title='bbox 949 4086 1002 4141; x_wconf 88' lang='lat' dir='ltr'><strong>boc</strong></span> <span class='ocrx_word' id='word_1_542' title='bbox 1032 4090 1138 4152; x_wconf 91' lang='lat' dir='ltr'><strong>monte,</strong></span> <span class='ocrx_word' id='word_1_543' title='bbox 1169 4101 1238 4143; x_wconf 88' lang='lat' dir='ltr'><strong>area</strong></span> <span class='ocrx_word' id='word_1_544' title='bbox 1258 4089 1330 4145; x_wconf 89' lang='lat' dir='ltr'><strong>tlreu</strong></span> 
     </span>
     <span class='ocr_line' id='line_1_109' title="bbox 792 4154 1330 4226; baseline 0.011 -17"><span class='ocrx_word' id='word_1_545' title='bbox 792 4154 904 4210; x_wconf 89' lang='lat' dir='ltr'><strong>Jebusei</strong></span> <span class='ocrx_word' id='word_1_546' title='bbox 921 4161 992 4225; x_wconf 86' lang='lat' dir='ltr'><strong>erat,</strong></span> <span class='ocrx_word' id='word_1_547' title='bbox 1010 4171 1095 4226; x_wconf 86' lang='lat' dir='ltr'><strong>quam</strong></span> <span class='ocrx_word' id='word_1_548' title='bbox 1111 4157 1200 4214; x_wconf 88' lang='lat' dir='ltr'><strong>David</strong></span> <span class='ocrx_word' id='word_1_549' title='bbox 1218 4159 1256 4215; x_wconf 87' lang='lat' dir='ltr'><strong>ad</strong></span> <span class='ocrx_word' id='word_1_550' title='bbox 1273 4175 1330 4215; x_wconf 89' lang='lat' dir='ltr'><strong>con</strong></span> 
     </span>
     <span class='ocr_line' id='line_1_110' title="bbox 793 4225 1330 4288; baseline 0.011 -8"><span class='ocrx_word' id='word_1_551' title='bbox 793 4226 926 4283; x_wconf 89' lang='lat' dir='ltr'><strong>tuendam</strong></span> <span class='ocrx_word' id='word_1_552' title='bbox 940 4225 979 4283; x_wconf 89' lang='lat' dir='ltr'><strong>ibi</strong></span> <span class='ocrx_word' id='word_1_553' title='bbox 993 4226 1109 4283; x_wconf 91' lang='lat' dir='ltr'><strong>domum</strong></span> <span class='ocrx_word' id='word_1_554' title='bbox 1123 4229 1235 4285; x_wconf 88' lang='lat' dir='ltr'><strong>Domini</strong></span> <span class='ocrx_word' id='word_1_555' title='bbox 1251 4246 1330 4288; x_wconf 81' lang='lat' dir='ltr'><strong>einer</strong></span> 
     </span>
    </p>
   </div>
   <div class='ocr_carea' id='block_1_4' title="bbox 0 0 1400 4912">
    <p class='ocr_par' dir='ltr' id='par_1_6' title="bbox 0 0 1400 4912">
     <span class='ocr_line' id='line_1_111' title="bbox 0 0 1400 4912; baseline 0 0"><span class='ocrx_word' id='word_1_556' title='bbox 0 0 1400 4912; x_wconf 95' lang='lat' dir='ltr'><strong> </strong></span> 
     </span>
    </p>
   </div>
  </div>
 </body>
</html>
