2790 4912
150 303 197 358 850
523 299 635 354 rutum
662 296 782 354 riuus
810 297 915 354 CAPUT
941 297 1017 352 nnn

151 411 232 472 Veni,
246 413 273 464 et
283 411 367 466 uenit.
382 410 520 480 quantum
544 405 581 462 ad
610 405 734 462 officium

150 478 329 552 implendum
357 479 385 535 iu
434 476 586 544 raesentia3
608 484 633 532 et
657 493 733 532 seruo

149 566 218 616 meo,
231 550 295 608 dico
311 569 318 606 ε
336 555 390 607 Fae
444 567 467 613 o,
482 554 508 604 et
519 551 601 616 tobit,
617 547 679 604 sine
693 564 735 605 re·

149 621 290 679 sistentia.
310 625 348 678 Er
370 621 414 677 his
439 618 582 676 concludit
595 619 681 689 quod,
709 618 732 676 si

149 692 225 750 dieto
240 694 302 764 ejus
317 709 389 750 unus
403 691 481 748 radit
504 694 533 747 et
557 688 629 746 alius
645 690 732 759 veuit,

148 771 178 821 et
188 763 260 820 alius
275 763 343 820 fauit
358 763 433 834 qnod
444 762 536 834 jubet,
553 761 642 817 multo
657 762 732 833 plus,

148 834 173 891 si
186 834 314 891 Christus
338 837 413 891 Deus
442 839 472 890 et
494 832 630 889 Dominus
657 833 733 890 dieat

148 904 309 963 infirmitati
325 908 408 974 vade,
423 905 559 972 etradet;
575 911 603 960 et
615 904 731 961 sanitati

38 1044 42 1051 Ι
147 976 224 1046 reni,
240 983 269 1034 et
277 977 386 1045 veniet3
399 983 428 1034 et
440 975 594 1104 paralgtioo
607 976 651 1031 lae
666 978 730 1046 hoo,

147 1053 177 1105 et
195 1047 296 1116 iaeiet;
314 1049 356 1105 vel
384 1047 516 1105 servienti
540 1063 572 1103 us
595 1047 648 1103 sibi
673 1050 731 1104 dn·

113 1170 118 1176 .
144 1119 229 1246 felis,
256 1126 287 1177 ut
317 1122 377 1176 baso
406 1119 543 1176 miracula
562 1118 679 1185 iaciant,
702 1124 731 1176 et

158 1191 260 1248 acient.
278 1193 310 1246 Et
326 1197 368 1247 est
390 1191 463 1247 ratio
480 1206 497 1246 a
513 1189 618 1246 minori
639 1189 729 1247 talis:

145 1262 247 1319 Potius
261 1263 346 1319 debet
360 1263 422 1319 lieri
435 1263 553 1318 rerbum
569 1260 630 1330 Dei,
645 1278 730 1332 quam

144 1333 269 1391 hominis
284 1334 402 1406 subjecti
414 1351 421 1400 ;
435 1333 485 1389 sed
503 1333 619 1388 verbum
635 1349 730 1390 meum

144 1405 190 1473 tlt,
210 1405 258 1477 qui
272 1421 335 1462 sum
352 1407 436 1462 bomo
453 1411 482 1461 et
497 1421 553 1460 non
567 1406 652 1472 Deus,
664 1406 730 1461 sub

141 1475 235 1548 jectus
248 1480 277 1532 et
290 1494 346 1532 non
357 1476 493 1532 Dominus
506 1491 647 1543 summus;
660 1492 728 1547 ergo

144 1553 174 1604 et
188 1556 278 1615 tuum,
294 1548 342 1619 qui
358 1565 388 1604 es
404 1550 477 1604 Deus
491 1552 519 1603 et
533 1562 660 1603 summus
672 1549 728 1603 Do-

143 1618 247 1676 minus.
269 1619 297 1676 Si
318 1636 385 1690 ergo
406 1636 469 1690 ego,
486 1619 534 1690 qui
562 1633 624 1674 sum
642 1619 728 1675 homo

143 1690 263 1746 modicas
289 1691 435 1761 potentiae,
451 1696 479 1746 et
506 1688 608 1761 majori
630 1690 727 1761 subje-

144 1766 218 1830 ctus,
238 1762 299 1818 solo
327 1763 412 1818 verbo
439 1778 543 1834 operor
562 1776 613 1831 per
641 1759 726 1816 mini-

142 1837 218 1889 stros
237 1849 327 1902 meos,
343 1838 372 1889 et
389 1850 506 1906 possum
522 1832 664 1903 imperare
679 1831 725 1887 in-

141 1902 304 1971 ferioribus,
335 1904 381 1975 qui
414 1906 451 1960 ad
483 1905 601 1962 rerbum
631 1918 726 1959 meum

142 1974 212 2030 milri
235 1975 384 2044 obediuut3
402 1975 491 2032 multo
509 1974 611 2045 magis,
630 1980 661 2031 tu
677 1974 724 2045 qui

143 2046 218 2101 Deus
242 2061 273 2100 es
293 2047 397 2116 ubique
421 2062 560 2117 presens,
577 2049 606 2101 et
625 2051 725 2116 potens

140 2129 227 2186 super
241 2131 341 2171 omnes
362 2122 516 2187 potestates
540 2121 568 2171 et
597 2116 724 2172 omnium

138 2185 286 2247 Dominus.
302 2186 347 2242 eui
367 2203 468 2243 omnes
482 2190 638 2259 potestates
663 2203 723 2243 ser-

139 2256 232 2326 viunt,
248 2257 294 2314 eui
311 2258 412 2329 Angoli
426 2262 453 2314 et
464 2257 560 2314 omnia
574 2257 723 2327 obediunt,

136 2328 245 2401 poteris
261 2330 321 2385 solo
344 2332 430 2387 verbo
450 2336 478 2387 et
494 2329 556 2386 sine
571 2330 724 2401 praeseutia

138 2400 278 2472 corporali
306 2418 419 2458 servum
442 2417 538 2458 meum
557 2402 674 2468 curare'3
693 2405 722 2458 et

138 2470 205 2529 ideo
234 2489 293 2529 non
320 2480 363 2529 est
392 2490 508 2530 neeesse
536 2473 723 2545 corporaliter

138 2544 233 2600 eundo
245 2548 272 2600 te
284 2545 414 2616 fatigare.

172 2619 189 2670 5
214 2616 366 2673 dournsrro
389 2618 499 2673 Cnnrsrr
524 2633 605 2672 mors
636 2633 722 2672 rrsrus

136 2701 350 2743 coursnonsrrs.
371 2719 405 2730 -
424 2688 547 2744 Audiens
566 2694 656 2744 autem
675 2691 721 2744 Je-

135 2773 184 2812 sus
218 2759 305 2814 rerba
339 2758 530 2827 Centuriouis,
559 2758 721 2830 expressiva

135 2832 225 2884 tante
243 2829 322 2897 fidei,
344 2830 450 2886 seilicet
465 2831 541 2911 quod
567 2833 619 2888 sub
643 2830 719 2886 rela-

136 2905 233 2956 mento
255 2901 350 2957 carnis
379 2910 495 2973 agnovit
522 2901 720 2958 excellentiam

135 2971 317 3042 majestatis:
343 2977 461 3027 miratus
491 2978 540 3035 est,
564 2972 593 3027 id
620 2980 664 3029 est
684 2972 720 3029 ad

136 3042 253 3096 modum
276 3041 406 3096 mirantis
430 3059 459 3097 se
486 3042 594 3109 habuit,
612 3050 640 3099 et
659 3045 719 3099 rul-

134 3114 196 3166 tum
216 3110 345 3166 mirantis
365 3111 499 3167 ostendit.
516 3113 720 3170 Admirabatur

134 3180 272 3238 Dominus
301 3183 387 3238 tidem
417 3183 608 3253 Centurionis,
633 3201 718 3257 quam

134 3253 213 3310 cordi
228 3254 289 3310 e'us
300 3254 468 3311 mirabiliter
484 3255 673 3326 ministrabat,
690 3261 720 3313 et

134 3326 278 3397 magnale
309 3326 356 3382 Dei
385 3325 413 3382 in
442 3343 475 3383 eo
500 3326 640 3397 laudavit,
661 3345 718 3384 non

134 3398 212 3468 quod
227 3397 252 3454 ei
265 3398 373 3471 aliquid
392 3399 552 3455 mirandum
567 3407 653 3469 esset,
670 3400 717 3471 qui

133 3475 235 3526 cuncte
256 3470 426 3526 mirabiliter
448 3477 593 3541 oporatur,
613 3471 664 3528 sed
686 3477 718 3527 ut

132 3555 184 3595 nos
199 3541 228 3597 iu
255 3542 402 3599 benefieiis
419 3542 468 3599 Dei
491 3542 588 3599 mirari
608 3549 635 3598 et
654 3543 715 3599 lau·

133 3611 202 3667 dare
224 3612 348 3670 doceret.
366 3614 445 3671 Unde
459 3614 500 3670 ait
518 3615 713 3683 Auprtstinus:

134 3702 149 3731 «
164 3683 236 3749 Quia
255 3685 375 3740 miratur
395 3686 540 3754 Dominus,
557 3685 640 3742 nobis
659 3687 714 3741 mi-

131 3753 254 3810 randum
282 3771 345 3813 esse
371 3756 476 3828 signat,
491 3757 593 3828 quibus
620 3757 715 3812 adhue

131 3838 203 3893 opus
226 3830 269 3880 est
298 3827 338 3882 sio
363 3828 488 3896 moneri;
515 3844 614 3884 omnes
637 3827 713 3884 enim

131 3893 203 3949 tales
230 3900 334 3963 motus,
347 3914 412 3954 cum
433 3899 468 3955 de
491 3901 549 3956 Deo
569 3899 712 3968 dicuntur,

131 3979 191 4019 non
207 3967 362 4046 perturbati
378 3969 464 4026 animi
478 3971 646 4041 sinuosum,
663 3971 712 4027 sed

132 4034 261 4117 docentis
275 4038 412 4109 Magistri.
421 4062 435 4090 »
448 4042 627 4099 centurionis
642 4058 711 4114 ergo

132 4107 269 4164 Dominus
283 4110 370 4165 tidem
388 4112 532 4168 admirans
557 4115 666 4185 pariter
682 4121 708 4169 et

132 4178 312 4248 callaudans,
330 4198 474 4237 conuersus
492 4187 667 4254 sequentibus
684 4201 713 4241 se

131 4249 219 4316 dieti,
234 4253 321 4309 tidem
340 4254 402 4325 ejus
422 4254 617 4327 approbando,
632 4261 662 4313 et
680 4255 712 4314 iu

788 405 948 477 exemplum
968 402 1158 486 proponendo
1176 419 1184 457 ε
1200 405 1259 462 Noa
1276 405 1343 461 urolt
1380 406 1385 475 l

788 482 895 533 tontum
908 478 1001 546 fidem,
1021 475 1049 531 rd
1073 479 1118 530 est
1139 478 1226 531 tantae
1248 473 1344 532 fideisi·
1380 484 1385 545 j

788 564 884 630 gnum,
901 549 944 603 vel
969 545 1038 603 fidei
1064 546 1239 614 facilitatem,
1263 545 1343 603 suilioet
1382 554 1385 607 l

787 636 817 675 rn
832 619 986 687 eredendo,
1005 622 1036 674 in
1051 620 1148 683 lsrau,
1164 617 1194 673 id
1214 623 1254 673 est
1272 617 1296 673 in
1307 633 1344 689 po·

787 691 854 763 pulo
878 689 1045 759 israelitico,
1066 688 1175 744 seilicet
1197 688 1277 759 hujus
1294 694 1344 745 ten·
1381 732 1385 740 .

786 761 865 834 poris
880 760 1040 833 presentis.
1059 758 1171 817 Invenit
1189 759 1261 815 enim
1273 759 1299 815 in
1310 775 1345 816 tn·

787 832 873 905 tiquis
889 834 1037 900 maiorem,
1051 831 1119 888 utin
1132 822 1346 897 Abrahamlsut

785 911 815 961 et
828 904 892 960 aliis
914 904 1042 977 puribus
1065 902 1240 959 Patriarehis
1254 908 1279 957 et
1295 903 1346 958 Pro·

785 975 889 1047 puetis,
905 975 951 1047 qui
965 976 1081 1031 luerunt
1097 973 1164 1030 fidei
1176 981 1277 1030 nostre
1288 973 1345 1045 priu-

785 1047 900 1119 oipium.
915 1046 1058 1118 Excipitur
1070 1052 1168 1101 autem
1187 1061 1295 1116 semper
1308 1044 1346 1101 be·

785 1124 833 1175 ata
850 1119 935 1190 Virgo
955 1116 1055 1183 Maria,
1071 1133 1137 1172 cum
1153 1117 1188 1172 de
1202 1115 1300 1172 meritis
1313 1114 1345 1171 rel

784 1189 908 1262 peccatis
925 1190 956 1244 tit
973 1187 1089 1244 mentio.
1107 1190 1164 1244 Nee
1191 1193 1284 1244 tamen
1306 1186 1345 1242 hoe

784 1262 904 1318 verbum
919 1260 1022 1317 Christi
1043 1259 1078 1315 de
1099 1259 1232 1315 omuibus
1251 1272 1345 1330 presen-

784 1332 861 1389 tibus
880 1337 923 1388 est
947 1330 1175 1400 intelligendum,
1190 1330 1255 1402 quia
1274 1328 1344 1386 erdu-

784 1405 891 1460 duntur
902 1403 944 1460 illi
959 1403 1061 1475 quibus
1075 1402 1254 1473 loquebatur,
1261 1401 1344 1457 scilicet

782 1474 909 1547 Apostoli
928 1479 1080 1545 sequentes
1099 1489 1175 1529 eum.
1193 1476 1250 1528 lloc
1271 1478 1342 1528 auten

783 1551 912 1619 apparet,
922 1546 1082 1603 secundum
1097 1560 1274 1601 communem
1283 1555 1343 1599 usum

782 1617 929 1689 loquendi,
948 1622 980 1673 ut
1003 1618 1027 1672 si
1051 1616 1115 1687 quis
1139 1616 1228 1671 intrat
1253 1615 1343 1694 domun

781 1689 907 1760 aliquam
923 1704 987 1745 oum
1000 1688 1147 1755 societate,
1167 1690 1191 1744 si
1206 1686 1302 1743 nulium
1313 1685 1342 1740 rbi

781 1759 933 1828 invenerit,
949 1760 1039 1815 dicit:
1056 1761 1117 1815 Non
1133 1758 1228 1816 inveni
1243 1757 1342 1828 aliquem

780 1831 810 1888 in
825 1832 910 1888 domo
926 1831 991 1888 ista.
1008 1833 1039 1886 lu
1056 1830 1106 1887 tali
1131 1831 1209 1887 enim
1226 1826 1342 1886 modulo·

780 1902 886 1975 quendi
910 1919 967 1958 non
994 1908 1182 1958 connumerat
1203 1915 1291 1958 secum
1305 1913 1342 1953 re·

780 1975 902 2033 dientes.
919 1979 948 2030 et
962 1973 1092 2029 redditur
1104 1973 1210 2029 locutio
1221 1987 1290 2038 vera,
1303 1982 1342 2040 pro

779 2045 911 2118 pluribus
934 2044 1112 2101 absentibus.
1134 2045 1195 2110 Vel,
1211 2041 1343 2100 seeundum

780 2119 1011 2187 Gbrpsostomum
1028 2115 1051 2170 si
1065 2116 1198 2172 volumus
1212 2115 1290 2170 tidem
1301 2112 1343 2167 hu·

775 2189 822 2270 jus
842 2188 978 2259 praeferre
1004 2186 1069 2243 fidei
1095 2181 1342 2258 Apostolorumsie

777 2260 993 2330 intelligendum
1010 2264 1062 2328 est,
1074 2258 1156 2328 juxta
1172 2258 1248 2330 quod
1261 2268 1342 2312 unum·

778 2331 910 2402 quodque
923 2329 1177 2392 bouumbominis,
1198 2343 1303 2400 semper
1315 2340 1347 2381 se

778 2402 901 2458 eundum
929 2401 1097 2473 qualitatem
1124 2400 1199 2457 illius
1223 2400 1345 2478 laudatur.

778 2473 925 2530 Rusticum
943 2472 1019 2529 enim
1040 2472 1136 2528 dicere
1159 2472 1267 2543 aliquid
1287 2486 1312 2526 so
1328 2484 1346 2522 r·

777 2551 868 2613 enter,
887 2559 1023 2615 magnum
1040 2548 1092 2612 est,
1112 2544 1189 2615 quod
1206 2543 1243 2599 de
1268 2484 1345 2621 Phirt-

776 2619 866 2688 sopho
890 2632 948 2672 non
975 2621 1019 2671 est
1042 2615 1161 2682 mirum;
1183 2613 1224 2670 sie
1252 2620 1280 2670 et
1303 2614 1346 2668 luc.

776 2689 837 2743 Non
852 2687 929 2743 enim
944 2693 1007 2743 erat
1025 2687 1136 2757 {equale
1150 2686 1282 2743 Judaeum
1297 2698 1345 2741 ere·

775 2759 844 2815 dere
860 2765 945 2830 atque
961 2758 1110 2815 Gentilem.
1125 2757 1187 2826 Vel,
1204 2756 1349 2813 secundun

775 2831 908 2886 eumdem
939 2831 1179 2899 Gbrpsostomum‚
1207 2828 1351 2898 intelligen-

774 2902 843 2957 dum
863 2907 907 2957 est
924 2907 1064 2971 quantum
1081 2902 1116 2956 ad
1135 2899 1280 2970 originem
1301 2912 1349 2955 ere-

773 2972 870 3040 dendi‚
884 2972 952 3044 quia
966 2972 1024 3039 alii,
1039 2972 1167 3043 pluribus
1179 2971 1270 3042 signis
1286 2968 1350 3036 visis,

774 3044 971 3110 erediderunt;
987 3043 1041 3098 iste
1057 3060 1134 3110 vero,
1148 3043 1227 3099 nullo
1244 3042 1352 3098 miraeu-

773 3114 800 3170 lo
817 3114 887 3178 viso,
903 3114 954 3170 sed
970 3120 1082 3170 tantum
1101 3114 1213 3183 auditu,
1230 3111 1350 3170 credidit.

774 3186 825 3242 Ubi
850 3189 1059 3254 Hieronymus:
1081 3188 1151 3241 «De
1171 3184 1354 3257 praesentibus

772 3257 926 3327 dicit‚non
954 3256 1048 3312 inveni
1081 3261 1190 3312 tantam
1220 3257 1308 3313 fldem
1330 3254 1354 3309 in

773 3329 870 3392 lsrael.
883 3346 940 3385 non
955 3329 991 3385 de
1007 3328 1183 3384 Patriarclris
1196 3333 1224 3382 et
1240 3328 1355 3413 Prophe·

772 3400 819 3469 tis,
841 3401 896 3457 nisi
930 3400 1004 3456 forte
1031 3399 1059 3455 iu
1090 3399 1267 3456 centurione
1293 3398 1355 3455 lrdes

772 3472 903 3528 Gentium
917 3475 1100 3543 praeponatur
1113 3470 1249 3526 israeli.»
1271 3469 1321 3527 Ubi
1332 3471 1356 3524 et

770 3544 866 3599 Reda:
884 3565 899 3594 «
915 3543 1109 3599 Praesentibus
1122 3542 1186 3597 ideo
1203 3541 1277 3598 fides
1291 3543 1355 3599 Cen·

770 3615 891 3671 turionis
900 3616 1067 3679 antefertur,
1077 3613 1144 3683 quia
1153 3612 1193 3668 illi
1207 3613 1357 3686 LegisPro-

770 3688 979 3812 Ebetarumque
1008 3684 1123 3740 monitis
1145 3683 1239 3740 edocti
1258 3689 1355 3749 erent;

791 3756 817 3812 io
844 3762 951 3825 autem,
970 3756 1084 3812 nemine
1106 3757 1239 3821 docente,
1260 3761 1356 3828 sponte

770 3828 892 3885 eredidit
923 3845 967 3883 :o
994 3828 1057 3884 haee
1082 3828 1166 3883 Dedo.
1204 3825 1358 3884 Mirabatur

769 3915 837 3980 ergo
851 3903 933 3956 lesus
953 3899 988 3955 de
1006 3902 1063 3956 tide
1076 3897 1268 3967 Centurionis‚
1287 3899 1356 3954 Gen·

768 3970 827 4027 tilis
842 3970 977 4038 hominm,
999 3976 1025 4027 et
1042 3987 1104 4026 eam
1125 3968 1266 4037 laudavit,
1280 3976 1312 4026 ut
1327 3983 1357 4026 ex

768 4040 852 4098 istius
878 4043 961 4098 laudo
989 4044 1158 4098 erubescant
1181 4046 1212 4096 et
1236 4041 1355 4097 conlun-

768 4113 875 4170 dautur
890 4114 1043 4180 israelite3
1060 4119 1087 4168 et
1104 4113 1168 4168 ideo
1187 4117 1256 4168 tune
1271 4112 1356 4171 tidem

766 4186 933 4242 ludaeorum
944 4201 1030 4256 quam
1048 4185 1121 4239 ultra
1137 4183 1226 4239 fidem
1243 4183 1361 4241 ludeo.

766 4271 833 4313 rum
861 4272 990 4313 creseere
1020 4257 1143 4313 videbat.
1173 4256 1231 4312 Nee
1265 4255 1357 4312 solum
