2790 4912
77 287 126 339 3³8

80 391 175 464 quitas
209 390 326 446 obtutus
352 384 414 455 ejus
441 383 567 440 ostendit
603 382 674 440 indi-

80 478 180 534 guum.
191 482 202 512 o
218 464 252 516 El
265 457 379 515 tandem
394 471 444 512 eos
455 462 570 526 propter
585 471 673 526 opera

83 532 242 605 iniquitatis
270 527 452 600 abjiciendo,
484 527 632 597 subjungit
665 544 672 581 :

80 606 253 662 disceditea
279 617 330 665 me,
356 600 446 654 bonos
466 596 672 667 glorificantes,

81 680 133 759 qui
145 689 299 746 operamini
316 672 504 751 iniquitatem.
520 668 672 738 Discedite,

82 749 112 805 1d
127 753 169 802 ost
195 744 276 801 divisi
287 757 346 868 Xer
365 739 555 810 iniquitatem,
579 740 672 797 cedite

82 820 111 875 in
128 822 264 874 aternam
307 811 513 877 amantionem,
529 828 588 867 non
603 828 672 883 ergo

82 888 227 970 cognoscit
242 884 296 942 nisi
317 898 384 939 curn
410 882 457 952 qui
478 889 613 954 operatur
633 900 673 939 a·

82 965 235 1032 quitatem,
249 973 266 1012 a
281 957 350 1022 Deo,
373 953 421 1025 qui
437 953 544 1024 ubique
560 958 613 1021 est,
626 956 672 1025 ju·

84 1033 189 1087 bantur
206 1028 349 1091 recedere,
359 1025 427 1096 quia
439 1023 505 1080 licet
519 1024 555 1081 sit
568 1025 673 1097 ubique

83 1118 136 1175 per
155 1099 339 1172 praesentiam
361 1095 484 1164 deitatis,
503 1102 673 1153 nontamen

84 1180 117 1230 ut
132 1174 275 1242 objectum
288 1167 481 1226 beatitudinis.
496 1166 672 1224 Dicitautem

84 1243 113 1301 iu
126 1242 273 1319 prasenti,
293 1239 339 1312 qui
363 1238 533 1310 operamini,
550 1239 617 1310 quia
630 1239 673 1295 al·

86 1317 178 1373 iectus
189 1314 284 1371 malus
309 1312 401 1368 adbuc
423 1317 551 1366 remanet
568 1310 596 1366 in
620 1311 672 1366 eis.

86 1388 166 1444 Unde
190 1391 391 1453 Hieronymus:
413 1402 427 1434 o
444 1384 505 1437 Nou
528 1381 607 1448 dixit,
626 1381 673 1453 qui

86 1459 195 1530 operati
214 1456 282 1514 estis
301 1453 489 1524 iniquitatem,
511 1468 546 1508 ne
561 1453 674 1509 videre-

85 1535 134 1586 tur
163 1531 263 1585 tollere
292 1525 515 1599 poerritontiam,
546 1525 596 1580 sed
626 1523 674 1596 qui

87 1600 256 1673 operamini,
266 1601 319 1654 noc
334 1604 386 1661 cst,
399 1596 444 1666 qul
461 1596 585 1661 visquein
600 1613 674 1668 prae-

88 1679 198 1728 sentem
224 1673 336 1735 horam,
361 1683 425 1724 cum
448 1666 545 1737 judicii
563 1672 674 1740 tempos

87 1742 245 1810 advenerit,
274 1741 337 1797 liret
358 1756 416 1794 non
440 1739 567 1794 babeatis
586 1739 675 1795 iacul-

89 1820 175 1870 tatem
197 1811 344 1886 peccandi,
361 1816 457 1865 tamen
478 1810 571 1866 adhuc
588 1811 674 1866 babe-

87 1886 123 1941 tis
137 1887 281 1941 allectum.
295 1906 308 1932 o
322 1882 402 1937 Unde
413 1888 440 1937 el
452 1884 673 1951 Chrysostomus:

89 1978 102 2007 o
123 1959 182 2011 Non
213 1955 292 2019 dicit,
315 1952 360 2019 qui
388 1952 496 2022 operati
524 1952 603 2021 estis,
624 1952 674 2008 sed

88 2027 138 2088 ait,
155 2026 202 2095 qm
218 2022 375 2095 operamini
391 2022 569 2092 iniquitatem
586 2023 675 2094 ;quia

87 2096 178 2166 iniqui
190 2100 253 2166 post
265 2098 384 2148 mortem
396 2108 453 2147 non
467 2093 600 2148 desinunt
611 2110 674 2150 esse

87 2166 202 2238 iniqui,
230 2164 373 2236 quoniam.
403 2163 454 2219 etsi
476 2179 593 2235 peccare
618 2181 675 2220 non

88 2244 231 2313 possunt,
260 2233 395 2309 peccandi
421 2241 516 2290 tamen
546 2236 674 2293 volunta-

88 2322 222 2368 lemnon
250 2307 393 2364 amittunt.
417 2308 487 2362 lt'am
515 2322 594 2363 mors
613 2310 675 2363 ani-

89 2399 165 2440 mam
191 2380 305 2453 quidem
331 2396 348 2435 a
370 2395 455 2434 carne
475 2384 598 2448 separat,
614 2379 675 2435 ani-

89 2471 144 2511 mm
155 2460 249 2510 autem
263 2449 436 2523 propositum
445 2466 501 2505 nou
511 2449 674 2507 immutat.»

89 2528 187 2597 Igitur,
218 2530 248 2581 ut
280 2523 319 2579 ait
343 2522 675 2591 idem'd'hrpsostomus:

90 2617 104 2650 o
121 2596 215 2653 Voluit
227 2594 362 2651 Dominus
385 2593 514 2650 hocloco
536 2610 675 2662 asserere,

90 2668 165 2740 quad
181 2669 251 2723 tides
264 2668 371 2737 absque
392 2681 512 2736 operum
525 2665 673 2721 sanctitate

88 2739 128 2794 nil
145 2740 247 2805 valeat,
264 2742 292 2793 et
309 2754 366 2792 non
381 2736 465 2791 modo
480 2737 562 2803 tldcs,
579 2737 628 2792 sed
640 2752 675 2792 ue

89 2811 151 2881 ipsa
174 2809 288 2880 quidem
313 2806 436 2879 cuipiam
456 2807 597 2863 mirabilia
612 2823 674 2879 pro-

90 2885 185 2936 tutura
198 2880 264 2945 siut,
280 2878 301 2959 si
319 2884 492 2957 cooperatus
507 2878 592 2933 luerit
607 2883 674 2934 abs·

90 2968 145 3022 que
168 2964 347 3020 possessione
371 2955 524 3016 virtutum;
547 2949 612 3019 quia
628 2966 675 3006 ue·

89 3038 145 3092 que
160 3020 240 3087 tides,
257 3034 348 3088 neque
363 3017 503 3073 mirabilia
519 3020 673 3090 quidquam

90 3092 195 3159 valent,
213 3089 235 3145 si
250 3105 306 3145 nou
321 3086 435 3143 assistat
451 3087 519 3144 vita.
538 3109 552 3142 n
572 3093 605 3144 Et
620 3091 672 3146 ite·

88 3180 175 3220 rum:
198 3163 373 3232 «Nusquam
399 3159 430 3215 in
446 3160 610 3231 operatione
635 3162 672 3217 si·

87 3251 209 3308 gnarum
224 3241 252 3290 et
275 3229 446 3289 mirabilium
462 3233 608 3289 beatitudo
621 3249 673 3306 po-

87 3308 175 3378 nitur,
189 3307 239 3363 sed
255 3304 284 3360 iu
299 3303 457 3376 expletione
470 3305 671 3362 mandatorum

88 3386 116 3436 et
138 3377 321 3452 perfectione.
338 3375 389 3444 Qui
405 3375 550 3447 signorum
575 3382 603 3433 et
619 3377 672 3433 mi-

89 3452 222 3507 rabilium
246 3447 357 3505 indiciis
385 3449 499 3517 probari
528 3448 599 3516 vult,
615 3465 673 3505 non

88 3527 181 3592 potest
200 3523 305 3594 probus
334 3518 433 3574 videri.
451 3518 515 3574 Vita
543 3519 621 3576 euim
645 3526 674 3577 et

88 3598 168 3647 actus
183 3592 275 3663 probi,
291 3590 376 3647 etiam
396 3591 456 3646 siue
473 3589 562 3660 signis
582 3597 610 3647 et
624 3591 676 3647 mi·

88 3662 235 3732 rabilibus,
264 3666 409 3719 merentur
439 3677 593 3731 coronam;
622 3662 675 3718 ini·

88 3748 145 3803 qua
168 3742 262 3788 autem
286 3732 473 3801 conversatio,
490 3732 575 3789 etiam
594 3732 617 3789 si
638 3733 674 3789 si·

86 3819 143 3874 gua
159 3808 186 3857 ol
203 3804 331 3875 prodigia
348 3804 455 3871 lecerit,
471 3803 608 3876 supplicia
616 3821 671 3861 non

87 3874 188 3929 evadet
204 3893 212 3927 :
232 3896 241 3921 »
260 3876 319 3928 llaec
337 3876 554 3946 Carpsostomus
569 3878 671 3932 Notan-

85 3945 153 3999 dum
168 3944 241 4015 quod
255 3945 301 4000 hic
315 3945 515 4003 miraculorum
530 3948 669 4019 operatio,

86 4016 257 4087 quandoque
277 4016 406 4087 provenit
423 4033 456 4072 ex
477 4018 577 4074 morito
594 4019 670 4074 invo-

84 4088 175 4144 cantis
189 4090 292 4142 nomen
306 4086 418 4141 Domini
430 4105 436 4153 ;
451 4090 620 4162 quandoque
634 4107 667 4146 ox

84 4160 184 4215 morito
200 4158 275 4214 illius
290 4173 375 4228 super
399 4174 481 4227 (quern
499 4160 645 4218 invocatur
659 4179 666 4230 ;

82 4232 253 4302 <latitudoque
269 4246 320 4286 nec
335 4245 368 4283 ex
389 4228 488 4284 merito
504 4233 599 4303 luq'us,
615 4250 667 4290 troc

464 277 573 331 Pllllldl
601 278 723 333 PhthS
750 279 860 333 CAPUT
886 279 932 333 xl

730 399 764 441 ex
788 383 890 440 merito
912 383 998 452 illins,
1027 384 1076 441 scd
1102 386 1136 443 ob
1157 385 1264 443 utilitatcn

730 455 937 523 assistentium,
952 461 982 512 ut
1000 454 1127 512 ridentes
1144 458 1198 527 boc,
1209 459 1268 514 heau

729 528 882 593 honorent,
908 531 937 583 et
963 526 992 582 in
1013 527 1152 584 Christum
1172 529 1269 596 credant;

730 599 900 670 quandoque
929 598 966 654 ad
996 599 1198 656 damnationem
1218 600 1272 656 invo-

730 669 820 725 cantis
848 676 877 725 et
906 670 1103 741 praeseutium,
1130 676 1161 727 ut
1182 671 1274 728 videnter

730 757 789 798 nou
803 740 928 810 videant,
945 747 974 797 et
998 741 1196 798 videntescaeci
1215 743 1275 808 hauh

729 813 899 884 quandoque
914 812 1000 869 etiam
1016 812 1045 868 in
1061 813 1206 870 elationem
1219 821 1241 871 et
1252 830 1279 870 n·

729 900 795 940 nam
810 883 930 956 gloriam
945 885 1063 953 extollit,
1082 886 1125 941 vel
1142 884 1227 956 aliquo
1242 885 1279 941 alio

729 957 825 1023 modo,
854 954 968 1010 iacienti
996 963 1090 1011 nocet.
1119 958 1177 1012 Non
1199 956 1280 1012 mireris

729 1043 808 1097 ergo,
819 1025 843 1082 si
853 1027 1022 1097 quandoque
1037 1026 1127 1097 iniqui
1137 1028 1280 1098 prophetant,

729 1108 778 1154 eut
795 1097 932 1153 miracula
946 1098 1071 1165 iaciunt;
1094 1101 1159 1170 quia
1170 1098 1224 1154 iste
1239 1104 1281 1154 snut

729 1169 829 1241 gratiae
845 1168 894 1225 Dei
919 1169 1008 1239 gratis
1028 1169 1112 1236 datae,
1133 1186 1192 1241 qua
1207 1171 1281 1226 dantu

729 1240 926 1312 principalitur
949 1242 986 1297 ad
1011 1257 1190 1297 communem
1206 1240 1280 1297 utilita-

729 1319 786 1368 tem
805 1312 948 1380 Ecclesiae,
969 1316 997 1367 et
1016 1328 1082 1368 raro
1107 1313 1143 1369 ad
1166 1312 1280 1369 utilitaten

728 1383 883 1452 singularis
900 1390 1086 1453 personaszet
1102 1384 1165 1440 ideo
1183 1384 1279 1455 aliquan·

728 1456 765 1510 do
779 1470 830 1526 per
849 1455 938 1510 malos
964 1455 1128 1510 hominesa
1154 1458 1204 1511 Deo
1224 1453 1279 1510 nobis

728 1527 843 1594 dautur,
877 1526 913 1581 ad
949 1525 1160 1583 invocationem
1190 1524 1280 1582 nominis

730 1597 846 1664 Christi,
877 1614 936 1653 non
962 1605 1080 1669 propter
1111 1597 1206 1654 merita
1226 1597 1280 1652 invo-

729 1667 866 1735 cantium,
883 1668 932 1724 sed
946 1669 983 1724 ad
996 1669 1210 1725 declarationem
1220 1668 1280 1746 vidn-

729 1741 765 1796 tis
783 1739 898 1805 Christi,
916 1745 945 1794 et
970 1741 1210 1796 confirmationem
1226 1738 1280 1802 fider,

731 1812 797 1866 licet
812 1809 864 1882 ipsi
880 1811 1046 1867 invocantes
1066 1813 1125 1867 sint
1140 1812 1210 1868 mali.
1229 1809 1282 1866 Sim

731 1884 807 1938 bona
821 1884 1001 1953 eleemosyna
1024 1883 1175 1954 aliquando
1199 1882 1282 1938 datura

730 1957 806 2011 bono
821 1952 948 2021 domino,
965 1954 1109 2010 mediante
1133 1954 1203 2010 malo
1216 1965 1281 2009 seno.

731 2028 841 2082 Bonum
856 2040 924 2095 ergo
942 2032 1094 2092 sectemur,
1108 2025 1208 2081 malum
1223 2035 1283 2100 omne

730 2097 874 2163 vitemus,
902 2102 1017 2167 totoque
1043 2097 1145 2153 aflectu
1171 2098 1285 2219 praecptis

731 2167 895 2223 coelestibus
908 2168 1148 2237 obtemperemus,
1167 2185 1198 2224 ac
1210 2165 1248 2222 tali
1264 2176 1286 2219 us

732 2239 834 2294 ot'lrciis
848 2239 952 2309 cogniti
968 2239 1018 2296 Dei
1032 2239 1136 2307 simus;
1146 2244 1285 2310 agenteque

731 2311 825 2382 potius
840 2310 916 2380 quod
931 2309 1000 2380 vult,
1018 2327 1104 2383 quam
1120 2312 1192 2383 quod
1209 2311 1285 2382 potest,

732 2382 896 2453 gloriemur.

768 2455 920 2527 prinninas
936 2469 1042 2509 vraecu
1062 2455 1161 2509 Dounvr
1183 2463 1287 2511 sunnon

732 2542 840 2579 ricinus
859 2542 922 2580 vrao
948 2541 1068 2580 sarrsvcr
1083 2540 1288 2581 concavaria.-

731 2598 765 2651 Et
781 2595 848 2666 quia
864 2595 1001 2651 [lominus
1017 2597 1128 2668 repellit
1144 2597 1228 2667 ipsum
1239 2606 1287 2648 con·

731 2668 843 2722 silentes
858 2683 919 2734 ore,
933 2673 970 2728 ‚et
998 2682 1085 2739 opere
1112 2670 1210 2739 Legem
1226 2674 1286 2720 suan

731 2754 787 2793 non
803 2737 962 2808 implentes,
976 2738 1120 2795 concludit
1134 2736 1287 2795 inutilitatem

730 2809 853 2877 auditus,
875 2811 922 2865 ubi
951 2825 1008 2865 non
1023 2810 1151 2880 sequitur
1173 2824 1236 2880 opus
1248 2806 1287 2872 ,et

730 2883 864 2936 admonet
893 2896 944 2935 nos
972 2886 1002 2935 ut
1026 2881 1129 2938 Christi
1155 2879 1287 2954 doctrinan

729 2967 815 3023 opere
832 2951 1009 3022 impleamus,
1030 2969 1066 3008 ue
1088 2968 1153 3008 cum
1177 2946 1288 3026 operario

730 3022 886 3093 iniquitatis
912 3024 946 3077 ab
975 3039 1009 3077 co
1036 3023 1220 3090 discedamus,
1238 3030 1287 3090 qun

729 3093 837 3149 inutilis
847 3100 890 3149 est
897 3093 978 3165 Legis
988 3094 1106 3163 auditio,
1119 3095 1172 3150 nisi
1179 3094 1288 3164 sequatur

729 3164 966 3236 operisimplctio.
979 3165 1055 3221 Unde
1070 3165 1210 3223 concludit
1218 3169 1288 3240 totunt

728 3236 757 3292 in
772 3244 868 3292 monte
886 3252 1058 3305 sermonem,
1072 3239 1152 3309 cujus
1169 3234 1288 3294 conclusio

729 3324 813 3379 quam
828 3307 993 3364 terribiliter
1006 3307 1156 3379 inseratur,
1172 3307 1247 3364 valde
1262 3305 1290 3384 at·

728 3380 904 3435 tendendum
926 3384 979 3435 est.
1000 3381 1095 3436 Grauis
1114 3397 1188 3450 erqo,
1209 3377 1290 3448 inquii

728 3451 807 3506 nullo
832 3451 955 3518 excluso,
980 3454 1030 3521 qui
1048 3453 1139 3520 audit,
1157 3467 1223 3509 aure
1236 3449 1292 3506 inte

728 3522 796 3578 riori
808 3521 1001 3594 intelligendo,
1013 3524 1096 3578 aerbo
1104 3540 1164 3579 meo
1173 3526 1236 3586 hae,
1246 3531 1295 3593 qua

729 3592 839 3649 locutus
856 3610 918 3649 sum
944 3594 975 3648 in
1000 3600 1110 3666 aperto,
1127 3600 1153 3652 et
1177 3597 1245 3663 fucit
1264 3606 1296 3654 et·

727 3665 829 3721 allecto
855 3665 990 3734 caritatis,
1011 3682 1098 3737 opere
1116 3663 1297 3738 adimplendo,

727 3737 931 3791 assimilabitur
952 3740 1011 3792 viro
1037 3740 1170 3807 sapienti,
1198 3736 1250 3793 sibi
1278 3736 1299 3790 iu

727 3810 851 3863 l'uturum
867 3807 1094 3878 providentique·
1103 3810 1250 3878 aedificavit
1263 3807 1302 3863 do·

725 3895 799 3933 muni
813 3895 903 3946 suum,
919 3878 947 3934 id
964 3885 1008 3934 cst
1029 3880 1172 3935 bonorum
1190 3891 1299 3952 operum

726 3950 976 4018 constructionem,
991 3966 1078 4022 supro
1089 3958 1209 4022 petram.
1226 3951 1302 4007 idest

725 4021 876 4090 Christum,
893 4022 988 4077 omnia
1012 4038 1099 4094 opera
1124 4039 1179 4079 sua
1205 4021 1303 4079 iaciens

723 4098 840 4164 propter
855 4093 946 4164 ipsum
960 4111 966 4162 ;
985 4093 1048 4149 talis
1063 4093 1140 4150 euim
1161 4094 1229 4151 tacit
1243 4109 1304 4166 ope·

724 4179 755 4218 ra
771 4165 845 4220 bona
863 4166 897 4220 de
913 4181 1015 4234 genere
1032 4170 1060 4220 et
1079 4171 1159 4221 recta
1175 4165 1304 4222 intentio·

722 4252 769 4304 uc,
788 4252 850 4307 quau
870 4237 925 4291 duo
942 4239 1125 4308 requiruntur
1138 4239 1174 4294 ad
1190 4235 1305 4310 impleti-
