<?xml version="1.0" encoding="UTF-8"?>
<!DOCTYPE html PUBLIC "-//W3C//DTD XHTML 1.0 Transitional//EN"
    "http://www.w3.org/TR/xhtml1/DTD/xhtml1-transitional.dtd">
<html xmlns="http://www.w3.org/1999/xhtml" xml:lang="en" lang="en">
 <head>
  <title>
</title>
<meta http-equiv="Content-Type" content="text/html;charset=utf-8" />
  <meta name='ocr-system' content='tesseract 3.04.00' />
  <meta name='ocr-capabilities' content='ocr_page ocr_carea ocr_par ocr_line ocrx_word'/>
</head>
<body>
  <div class='ocr_page' id='page_1' title='image "./vitajesuchristi02ludogoog_0065.png"; bbox 0 0 2790 4912; ppageno 0'>
   <div class='ocr_carea' id='block_1_1' title="bbox 59 326 910 383">
    <p class='ocr_par' dir='ltr' id='par_1_1' title="bbox 59 326 910 383">
     <span class='ocr_line' id='line_1_1' title="bbox 59 326 910 383; baseline -0.006 0"><span class='ocrx_word' id='word_1_1' title='bbox 59 332 92 383; x_wconf 77' lang='lat' dir='ltr'>tu</span> <span class='ocrx_word' id='word_1_2' title='bbox 454 327 567 379; x_wconf 81' lang='lat' dir='ltr'>Plllllli&#39;</span> <span class='ocrx_word' id='word_1_3' title='bbox 594 326 716 379; x_wconf 80' lang='lat' dir='ltr'>llhtls</span> <span class='ocrx_word' id='word_1_4' title='bbox 744 326 849 379; x_wconf 81' lang='lat' dir='ltr'>uitur</span> <span class='ocrx_word' id='word_1_5' title='bbox 878 327 910 378; x_wconf 89' lang='lat' dir='ltr'>l&#39;l</span> 
     </span>
    </p>
   </div>
   <div class='ocr_carea' id='block_1_2' title="bbox 18 428 650 4290">
    <p class='ocr_par' dir='ltr' id='par_1_2' title="bbox 18 428 650 4290">
     <span class='ocr_line' id='line_1_2' title="bbox 57 428 647 503; baseline -0.015 -7"><span class='ocrx_word' id='word_1_6' title='bbox 57 436 206 496; x_wconf 83' lang='lat' dir='ltr'>interioris</span> <span class='ocrx_word' id='word_1_7' title='bbox 229 431 363 492; x_wconf 87' lang='lat' dir='ltr'>allectum</span> <span class='ocrx_word' id='word_1_8' title='bbox 389 428 419 487; x_wconf 92' lang='lat' dir='ltr'>in</span> <span class='ocrx_word' id='word_1_9' title='bbox 443 429 563 503; x_wconf 79' lang='lat' dir='ltr'>agendis</span> <span class='ocrx_word' id='word_1_10' title='bbox 583 446 647 501; x_wconf 88' lang='lat' dir='ltr'>gra·</span> 
     </span>
     <span class='ocr_line' id='line_1_3' title="bbox 58 502 647 574; baseline -0.017 -7"><span class='ocrx_word' id='word_1_11' title='bbox 58 509 162 567; x_wconf 89' lang='lat' dir='ltr'>tiarum</span> <span class='ocrx_word' id='word_1_12' title='bbox 184 505 317 564; x_wconf 89' lang='lat' dir='ltr'>laudibus</span> <span class='ocrx_word' id='word_1_13' title='bbox 338 502 440 572; x_wconf 87' lang='lat' dir='ltr'>otiero,</span> <span class='ocrx_word' id='word_1_14' title='bbox 459 509 551 559; x_wconf 90' lang='lat' dir='ltr'>totuin</span> <span class='ocrx_word' id='word_1_15' title='bbox 571 502 647 574; x_wconf 85' lang='lat' dir='ltr'>qnod</span> 
     </span>
     <span class='ocr_line' id='line_1_4' title="bbox 59 573 647 651; baseline -0.01 -16"><span class='ocrx_word' id='word_1_16' title='bbox 59 580 140 650; x_wconf 82' lang='lat' dir='ltr'>viro,</span> <span class='ocrx_word' id='word_1_17' title='bbox 170 577 247 651; x_wconf 91' lang='lat' dir='ltr'>quod</span> <span class='ocrx_word' id='word_1_18' title='bbox 268 574 378 644; x_wconf 88' lang='lat' dir='ltr'>sentio,</span> <span class='ocrx_word' id='word_1_19' title='bbox 409 573 486 646; x_wconf 90' lang='lat' dir='ltr'>quod</span> <span class='ocrx_word' id='word_1_20' title='bbox 514 573 647 630; x_wconf 75' lang='lat' dir='ltr'>discerno</span> 
     </span>
     <span class='ocr_line' id='line_1_5' title="bbox 58 645 647 724; baseline -0.017 -14"><span class='ocrx_word' id='word_1_21' title='bbox 58 651 86 709; x_wconf 92' lang='lat' dir='ltr'>in</span> <span class='ocrx_word' id='word_1_22' title='bbox 111 652 174 724; x_wconf 79' lang='lat' dir='ltr'>eJus</span> <span class='ocrx_word' id='word_1_23' title='bbox 197 645 349 722; x_wconf 76' lang='lat' dir='ltr'>preceptis</span> <span class='ocrx_word' id='word_1_24' title='bbox 377 645 565 703; x_wconf 87' lang='lat' dir='ltr'>observandis</span> <span class='ocrx_word' id='word_1_25' title='bbox 594 645 647 701; x_wconf 92' lang='lat' dir='ltr'>im-</span> 
     </span>
     <span class='ocr_line' id='line_1_6' title="bbox 57 716 649 797; baseline -0.015 -16"><span class='ocrx_word' id='word_1_26' title='bbox 57 724 163 797; x_wconf 83' lang='lat' dir='ltr'>pendo.</span> <span class='ocrx_word' id='word_1_27' title='bbox 175 752 208 763; x_wconf 94' lang='lat'><em>-</em></span> <span class='ocrx_word' id='word_1_28' title='bbox 218 718 522 791; x_wconf 85' lang='lat' dir='ltr'>blagnillcatautemet</span> <span class='ocrx_word' id='word_1_29' title='bbox 535 716 583 773; x_wconf 93' lang='lat' dir='ltr'>ille</span> <span class='ocrx_word' id='word_1_30' title='bbox 596 718 649 772; x_wconf 78' lang='lat' dir='ltr'>llo</span> 
     </span>
     <span class='ocr_line' id='line_1_7' title="bbox 57 787 647 864; baseline -0.015 -12"><span class='ocrx_word' id='word_1_31' title='bbox 57 794 178 862; x_wconf 89' lang='lat' dir='ltr'>minum,</span> <span class='ocrx_word' id='word_1_32' title='bbox 194 791 223 850; x_wconf 96' lang='lat' dir='ltr'>in</span> <span class='ocrx_word' id='word_1_33' title='bbox 252 792 332 864; x_wconf 86' lang='lat' dir='ltr'>cujus</span> <span class='ocrx_word' id='word_1_34' title='bbox 361 788 489 847; x_wconf 90' lang='lat' dir='ltr'>bonitate</span> <span class='ocrx_word' id='word_1_35' title='bbox 514 787 647 861; x_wconf 85' lang='lat' dir='ltr'>magnili-</span> 
     </span>
     <span class='ocr_line' id='line_1_8' title="bbox 56 859 647 923; baseline -0.017 0"><span class='ocrx_word' id='word_1_36' title='bbox 56 871 138 923; x_wconf 90' lang='lat' dir='ltr'>catur</span> <span class='ocrx_word' id='word_1_37' title='bbox 150 870 178 922; x_wconf 90' lang='lat' dir='ltr'>et</span> <span class='ocrx_word' id='word_1_38' title='bbox 199 863 333 921; x_wconf 82' lang='lat' dir='ltr'>laudatur</span> <span class='ocrx_word' id='word_1_39' title='bbox 349 860 496 917; x_wconf 84' lang='lat' dir='ltr'>Dominus.</span> <span class='ocrx_word' id='word_1_40' title='bbox 514 859 559 917; x_wconf 91' lang='lat' dir='ltr'>Sic</span> <span class='ocrx_word' id='word_1_41' title='bbox 572 859 647 917; x_wconf 88' lang='lat' dir='ltr'>enim</span> 
     </span>
     <span class='ocr_line' id='line_1_9' title="bbox 56 930 650 1019; baseline -0.012 -26"><span class='ocrx_word' id='word_1_42' title='bbox 56 936 86 994; x_wconf 91' lang='lat' dir='ltr'>in</span> <span class='ocrx_word' id='word_1_43' title='bbox 100 935 248 1019; x_wconf 82' lang='lat' dir='ltr'>discipulis</span> <span class='ocrx_word' id='word_1_44' title='bbox 271 932 412 1014; x_wconf 79' lang='lat' dir='ltr'>magistri,</span> <span class='ocrx_word' id='word_1_45' title='bbox 433 932 476 1014; x_wconf 79' lang='lat' dir='ltr'>sio</span> <span class='ocrx_word' id='word_1_46' title='bbox 503 930 531 987; x_wconf 89' lang='lat' dir='ltr'>in</span> <span class='ocrx_word' id='word_1_47' title='bbox 558 930 650 1004; x_wconf 88' lang='lat' dir='ltr'>operi·</span> 
     </span>
     <span class='ocr_line' id='line_1_10' title="bbox 55 1003 650 1076; baseline -0.015 -9"><span class='ocrx_word' id='word_1_48' title='bbox 55 1010 109 1067; x_wconf 93' lang='lat' dir='ltr'>bus</span> <span class='ocrx_word' id='word_1_49' title='bbox 136 1024 194 1064; x_wconf 91' lang='lat' dir='ltr'>suis</span> <span class='ocrx_word' id='word_1_50' title='bbox 222 1005 348 1064; x_wconf 86' lang='lat' dir='ltr'>artifices</span> <span class='ocrx_word' id='word_1_51' title='bbox 373 1004 477 1076; x_wconf 75' lang='lat' dir='ltr'>singuli</span> <span class='ocrx_word' id='word_1_52' title='bbox 497 1003 650 1061; x_wconf 79' lang='lat' dir='ltr'>laudantur</span> 
     </span>
     <span class='ocr_line' id='line_1_11' title="bbox 55 1075 649 1162; baseline -0.012 -25"><span class='ocrx_word' id='word_1_53' title='bbox 55 1086 85 1139; x_wconf 88' lang='lat' dir='ltr'>et</span> <span class='ocrx_word' id='word_1_54' title='bbox 99 1078 331 1162; x_wconf 89' lang='lat' dir='ltr'>magnillcantur.</span> <span class='ocrx_word' id='word_1_55' title='bbox 353 1075 551 1147; x_wconf 83' lang='lat' dir='ltr'>Magnificatur</span> <span class='ocrx_word' id='word_1_56' title='bbox 580 1091 649 1146; x_wconf 86' lang='lat' dir='ltr'>ergo</span> 
     </span>
     <span class='ocr_line' id='line_1_12' title="bbox 55 1146 647 1217; baseline -0.014 -8"><span class='ocrx_word' id='word_1_57' title='bbox 55 1154 131 1209; x_wconf 88' lang='lat' dir='ltr'>Deus</span> <span class='ocrx_word' id='word_1_58' title='bbox 156 1168 185 1207; x_wconf 93' lang='lat' dir='ltr'>in</span> <span class='ocrx_word' id='word_1_59' title='bbox 212 1149 305 1217; x_wconf 88' lang='lat' dir='ltr'>nobis,</span> <span class='ocrx_word' id='word_1_60' title='bbox 333 1147 400 1204; x_wconf 93' lang='lat' dir='ltr'>dum</span> <span class='ocrx_word' id='word_1_61' title='bbox 423 1146 519 1204; x_wconf 88' lang='lat' dir='ltr'>anima</span> <span class='ocrx_word' id='word_1_62' title='bbox 539 1151 647 1214; x_wconf 90' lang='lat' dir='ltr'>nostra,</span> 
     </span>
     <span class='ocr_line' id='line_1_13' title="bbox 57 1217 649 1295; baseline -0.014 -15"><span class='ocrx_word' id='word_1_63' title='bbox 57 1239 121 1295; x_wconf 81' lang='lat' dir='ltr'>qnae</span> <span class='ocrx_word' id='word_1_64' title='bbox 139 1223 174 1279; x_wconf 94' lang='lat' dir='ltr'>ad</span> <span class='ocrx_word' id='word_1_65' title='bbox 195 1220 351 1292; x_wconf 84' lang='lat' dir='ltr'>imaginem</span> <span class='ocrx_word' id='word_1_66' title='bbox 367 1217 416 1274; x_wconf 80' lang='lat' dir='ltr'>liei</span> <span class='ocrx_word' id='word_1_67' title='bbox 434 1218 509 1274; x_wconf 89' lang='lat' dir='ltr'>tacta</span> <span class='ocrx_word' id='word_1_68' title='bbox 524 1223 577 1289; x_wconf 89' lang='lat' dir='ltr'>est,</span> <span class='ocrx_word' id='word_1_69' title='bbox 596 1233 649 1289; x_wconf 88' lang='lat' dir='ltr'>per</span> 
     </span>
     <span class='ocr_line' id='line_1_14' title="bbox 54 1288 647 1366; baseline -0.008 -16"><span class='ocrx_word' id='word_1_70' title='bbox 54 1294 195 1366; x_wconf 85' lang='lat' dir='ltr'>justitiam</span> <span class='ocrx_word' id='word_1_71' title='bbox 222 1292 334 1349; x_wconf 87' lang='lat' dir='ltr'>Christo</span> <span class='ocrx_word' id='word_1_72' title='bbox 356 1306 386 1345; x_wconf 91' lang='lat' dir='ltr'>se</span> <span class='ocrx_word' id='word_1_73' title='bbox 406 1289 577 1359; x_wconf 78' lang='lat' dir='ltr'>conformat,</span> <span class='ocrx_word' id='word_1_74' title='bbox 598 1288 647 1360; x_wconf 81' lang='lat' dir='ltr'>qui</span> 
     </span>
     <span class='ocr_line' id='line_1_15' title="bbox 56 1360 645 1436; baseline -0.01 -15"><span class='ocrx_word' id='word_1_75' title='bbox 56 1370 100 1423; x_wconf 91' lang='lat' dir='ltr'>est</span> <span class='ocrx_word' id='word_1_76' title='bbox 121 1365 216 1436; x_wconf 87' lang='lat' dir='ltr'>imago</span> <span class='ocrx_word' id='word_1_77' title='bbox 242 1363 351 1431; x_wconf 75' lang='lat' dir='ltr'>Putris,</span> <span class='ocrx_word' id='word_1_78' title='bbox 366 1362 434 1418; x_wconf 92' lang='lat' dir='ltr'>dum</span> <span class='ocrx_word' id='word_1_79' title='bbox 466 1361 561 1433; x_wconf 83' lang='lat' dir='ltr'>imago</span> <span class='ocrx_word' id='word_1_80' title='bbox 584 1360 645 1427; x_wconf 89' lang='lat' dir='ltr'>Dei,</span> 
     </span>
     <span class='ocr_line' id='line_1_16' title="bbox 55 1432 645 1509; baseline -0.014 -14"><span class='ocrx_word' id='word_1_81' title='bbox 55 1454 119 1509; x_wconf 84' lang='lat' dir='ltr'>quae</span> <span class='ocrx_word' id='word_1_82' title='bbox 150 1443 194 1494; x_wconf 87' lang='lat' dir='ltr'>est</span> <span class='ocrx_word' id='word_1_83' title='bbox 217 1435 247 1492; x_wconf 79' lang='lat' dir='ltr'>In</span> <span class='ocrx_word' id='word_1_84' title='bbox 277 1434 350 1507; x_wconf 89' lang='lat' dir='ltr'>ipsa,</span> <span class='ocrx_word' id='word_1_85' title='bbox 379 1432 593 1505; x_wconf 76' lang='lat' dir='ltr'>magnificatur,</span> <span class='ocrx_word' id='word_1_86' title='bbox 617 1432 645 1487; x_wconf 91' lang='lat' dir='ltr'>id</span> 
     </span>
     <span class='ocr_line' id='line_1_17' title="bbox 55 1505 646 1578; baseline -0.015 -11"><span class='ocrx_word' id='word_1_87' title='bbox 55 1514 109 1578; x_wconf 87' lang='lat' dir='ltr'>est,</span> <span class='ocrx_word' id='word_1_88' title='bbox 139 1508 275 1564; x_wconf 86' lang='lat' dir='ltr'>virtutum</span> <span class='ocrx_word' id='word_1_89' title='bbox 306 1505 514 1575; x_wconf 84' lang='lat' dir='ltr'>magnitudine,</span> <span class='ocrx_word' id='word_1_90' title='bbox 541 1519 646 1576; x_wconf 86' lang='lat' dir='ltr'>magua</span> 
     </span>
     <span class='ocr_line' id='line_1_18' title="bbox 55 1577 647 1648; baseline -0.007 -12"><span class='ocrx_word' id='word_1_91' title='bbox 55 1580 192 1648; x_wconf 74' lang='lat' dir='ltr'>efficitur,</span> <span class='ocrx_word' id='word_1_92' title='bbox 223 1580 289 1636; x_wconf 93' lang='lat' dir='ltr'>dum</span> <span class='ocrx_word' id='word_1_93' title='bbox 320 1577 475 1633; x_wconf 90' lang='lat' dir='ltr'>sccuiidum</span> <span class='ocrx_word' id='word_1_94' title='bbox 502 1579 647 1647; x_wconf 67' lang='lat' dir='ltr'>praccepta</span> 
     </span>
     <span class='ocr_line' id='line_1_19' title="bbox 55 1647 647 1718; baseline -0.01 -10"><span class='ocrx_word' id='word_1_95' title='bbox 55 1651 152 1708; x_wconf 85' lang='lat' dir='ltr'>divina</span> <span class='ocrx_word' id='word_1_96' title='bbox 169 1650 302 1711; x_wconf 80' lang='lat' dir='ltr'>vivimus,</span> <span class='ocrx_word' id='word_1_97' title='bbox 319 1648 387 1704; x_wconf 90' lang='lat' dir='ltr'>dum</span> <span class='ocrx_word' id='word_1_98' title='bbox 412 1647 495 1703; x_wconf 91' lang='lat' dir='ltr'>bonis</span> <span class='ocrx_word' id='word_1_99' title='bbox 512 1647 647 1718; x_wconf 90' lang='lat' dir='ltr'>operibus</span> 
     </span>
     <span class='ocr_line' id='line_1_20' title="bbox 55 1718 646 1789; baseline -0.012 -10"><span class='ocrx_word' id='word_1_100' title='bbox 55 1723 192 1779; x_wconf 89' lang='lat' dir='ltr'>lucemus.</span> <span class='ocrx_word' id='word_1_101' title='bbox 209 1724 242 1776; x_wconf 83' lang='lat' dir='ltr'>Et</span> <span class='ocrx_word' id='word_1_102' title='bbox 257 1720 322 1775; x_wconf 90' lang='lat' dir='ltr'>ideo</span> <span class='ocrx_word' id='word_1_103' title='bbox 336 1718 376 1774; x_wconf 90' lang='lat' dir='ltr'>ait</span> <span class='ocrx_word' id='word_1_104' title='bbox 388 1718 561 1789; x_wconf 73' lang='lat' dir='ltr'>Apostolus:</span> <span class='ocrx_word' id='word_1_105' title='bbox 581 1718 646 1775; x_wconf 86' lang='lat' dir='ltr'>Glo-</span> 
     </span>
     <span class='ocr_line' id='line_1_21' title="bbox 53 1793 647 1865; baseline -0.008 -16"><span class='ocrx_word' id='word_1_106' title='bbox 53 1798 161 1865; x_wconf 74' lang='lat' dir='ltr'>rilicote</span> <span class='ocrx_word' id='word_1_107' title='bbox 187 1798 213 1847; x_wconf 88' lang='lat' dir='ltr'>et</span> <span class='ocrx_word' id='word_1_108' title='bbox 238 1795 347 1862; x_wconf 84' lang='lat' dir='ltr'>portate</span> <span class='ocrx_word' id='word_1_109' title='bbox 366 1793 451 1844; x_wconf 84' lang='lat' dir='ltr'>Deum</span> <span class='ocrx_word' id='word_1_110' title='bbox 478 1793 509 1845; x_wconf 85' lang='lat' dir='ltr'>in</span> <span class='ocrx_word' id='word_1_111' title='bbox 535 1806 647 1861; x_wconf 80' lang='lat' dir='ltr'>corpore</span> 
     </span>
     <span class='ocr_line' id='line_1_22' title="bbox 52 1860 646 1932; baseline -0.008 -11"><span class='ocrx_word' id='word_1_112' title='bbox 52 1871 152 1921; x_wconf 81' lang='lat' dir='ltr'>uestro.</span> <span class='ocrx_word' id='word_1_113' title='bbox 168 1863 249 1919; x_wconf 89' lang='lat' dir='ltr'>Unde</span> <span class='ocrx_word' id='word_1_114' title='bbox 269 1867 336 1917; x_wconf 89' lang='lat' dir='ltr'>iiota</span> <span class='ocrx_word' id='word_1_115' title='bbox 356 1861 433 1932; x_wconf 84' lang='lat' dir='ltr'>quod</span> <span class='ocrx_word' id='word_1_116' title='bbox 449 1862 522 1917; x_wconf 87' lang='lat' dir='ltr'>Deus</span> <span class='ocrx_word' id='word_1_117' title='bbox 538 1860 646 1931; x_wconf 85' lang='lat' dir='ltr'>magni-</span> 
     </span>
     <span class='ocr_line' id='line_1_23' title="bbox 53 1931 643 2006; baseline -0.005 -15"><span class='ocrx_word' id='word_1_118' title='bbox 53 1936 156 1993; x_wconf 76' lang='lat' dir='ltr'>ficatur</span> <span class='ocrx_word' id='word_1_119' title='bbox 175 1933 325 2006; x_wconf 84' lang='lat' dir='ltr'>tripliciter</span> <span class='ocrx_word' id='word_1_120' title='bbox 346 1932 374 1987; x_wconf 94' lang='lat' dir='ltr'>in</span> <span class='ocrx_word' id='word_1_121' title='bbox 395 1931 543 1988; x_wconf 77' lang='lat' dir='ltr'>beneficiis</span> <span class='ocrx_word' id='word_1_122' title='bbox 561 1932 643 1989; x_wconf 91' lang='lat' dir='ltr'>suis:</span> 
     </span>
     <span class='ocr_line' id='line_1_24' title="bbox 74 2003 646 2077; baseline -0.007 -14"><span class='ocrx_word' id='word_1_123' title='bbox 74 2007 171 2074; x_wconf 84' lang='lat' dir='ltr'>rimo,</span> <span class='ocrx_word' id='word_1_124' title='bbox 199 2004 261 2077; x_wconf 87' lang='lat' dir='ltr'>ipsa</span> <span class='ocrx_word' id='word_1_125' title='bbox 301 2003 442 2059; x_wconf 78' lang='lat' dir='ltr'>beneficia</span> <span class='ocrx_word' id='word_1_126' title='bbox 484 2005 542 2060; x_wconf 87' lang='lat' dir='ltr'>Deo</span> <span class='ocrx_word' id='word_1_127' title='bbox 567 2005 646 2060; x_wconf 88' lang='lat' dir='ltr'>attri-</span> 
     </span>
     <span class='ocr_line' id='line_1_25' title="bbox 53 2023 646 2148; baseline -0.007 -13"><span class='ocrx_word' id='word_1_128' title='bbox 53 2023 189 2145; x_wconf 60' lang='lat' dir='ltr'>iiuendm</span> <span class='ocrx_word' id='word_1_129' title='bbox 206 2075 341 2141; x_wconf 89' lang='lat' dir='ltr'>seeundo,</span> <span class='ocrx_word' id='word_1_130' title='bbox 358 2091 409 2146; x_wconf 82' lang='lat' dir='ltr'>pio</span> <span class='ocrx_word' id='word_1_131' title='bbox 425 2073 495 2145; x_wconf 87' lang='lat' dir='ltr'>ipsis</span> <span class='ocrx_word' id='word_1_132' title='bbox 512 2077 569 2131; x_wconf 84' lang='lat' dir='ltr'>Deo</span> <span class='ocrx_word' id='word_1_133' title='bbox 583 2092 646 2148; x_wconf 82' lang='lat' dir='ltr'>gra-</span> 
     </span>
     <span class='ocr_line' id='line_1_26' title="bbox 54 2144 646 2221; baseline -0.005 -16"><span class='ocrx_word' id='word_1_134' title='bbox 54 2151 109 2205; x_wconf 87' lang='lat' dir='ltr'>tias</span> <span class='ocrx_word' id='word_1_135' title='bbox 125 2148 251 2221; x_wconf 76' lang='lat' dir='ltr'>agendo,</span> <span class='ocrx_word' id='word_1_136' title='bbox 266 2145 362 2215; x_wconf 90' lang='lat' dir='ltr'>terlio,</span> <span class='ocrx_word' id='word_1_137' title='bbox 376 2145 404 2201; x_wconf 90' lang='lat' dir='ltr'>in</span> <span class='ocrx_word' id='word_1_138' title='bbox 418 2144 487 2217; x_wconf 91' lang='lat' dir='ltr'>ipsis</span> <span class='ocrx_word' id='word_1_139' title='bbox 501 2163 553 2202; x_wconf 93' lang='lat' dir='ltr'>nos</span> <span class='ocrx_word' id='word_1_140' title='bbox 568 2163 646 2202; x_wconf 84' lang='lat' dir='ltr'>eior-</span> 
     </span>
     <span class='ocr_line' id='line_1_27' title="bbox 55 2220 156 2278; baseline -0.02 -1"><span class='ocrx_word' id='word_1_141' title='bbox 55 2220 156 2278; x_wconf 91' lang='lat' dir='ltr'>condo.</span> 
     </span>
     <span class='ocr_line' id='line_1_28' title="bbox 94 2289 646 2349; baseline -0.009 0"><span class='ocrx_word' id='word_1_142' title='bbox 94 2314 125 2349; x_wconf 92' lang='lat' dir='ltr'>io</span> <span class='ocrx_word' id='word_1_143' title='bbox 154 2292 264 2347; x_wconf 77' lang='lat' dir='ltr'>Sarnios</span> <span class='ocrx_word' id='word_1_144' title='bbox 296 2307 416 2346; x_wconf 64' lang='lat' dir='ltr'>noci&#39;riiii</span> <span class='ocrx_word' id='word_1_145' title='bbox 445 2306 508 2343; x_wconf 81' lang='lat' dir='ltr'>essu</span> <span class='ocrx_word' id='word_1_146' title='bbox 536 2289 646 2344; x_wconf 84' lang='lat' dir='ltr'>llliiiiiii</span> 
     </span>
     <span class='ocr_line' id='line_1_29' title="bbox 55 2359 645 2432; baseline -0.005 -13"><span class='ocrx_word' id='word_1_147' title='bbox 55 2381 180 2420; x_wconf 80' lang='lat' dir='ltr'>necinus.</span> <span class='ocrx_word' id='word_1_148' title='bbox 210 2394 244 2405; x_wconf 87' lang='lat'>-</span> <span class='ocrx_word' id='word_1_149' title='bbox 267 2361 428 2418; x_wconf 84' lang='lat' dir='ltr'>Notandum</span> <span class='ocrx_word' id='word_1_150' title='bbox 457 2359 540 2416; x_wconf 90' lang='lat' dir='ltr'>etiam</span> <span class='ocrx_word' id='word_1_151' title='bbox 569 2361 645 2432; x_wconf 90' lang='lat' dir='ltr'>quod</span> 
     </span>
     <span class='ocr_line' id='line_1_30' title="bbox 54 2430 646 2505; baseline -0.012 -12"><span class='ocrx_word' id='word_1_152' title='bbox 54 2437 138 2493; x_wconf 84' lang='lat' dir='ltr'>licata</span> <span class='ocrx_word' id='word_1_153' title='bbox 161 2432 246 2505; x_wconf 85' lang='lat' dir='ltr'>Virgo</span> <span class='ocrx_word' id='word_1_154' title='bbox 265 2432 294 2488; x_wconf 87' lang='lat' dir='ltr'>ln</span> <span class='ocrx_word' id='word_1_155' title='bbox 313 2431 368 2488; x_wconf 90' lang='lat' dir='ltr'>isto</span> <span class='ocrx_word' id='word_1_156' title='bbox 388 2431 496 2488; x_wconf 87' lang='lat' dir='ltr'>cantico</span> <span class='ocrx_word' id='word_1_157' title='bbox 516 2430 646 2487; x_wconf 85' lang='lat' dir='ltr'>dilatavit</span> 
     </span>
     <span class='ocr_line' id='line_1_31' title="bbox 55 2502 642 2575; baseline -0.007 -13"><span class='ocrx_word' id='word_1_158' title='bbox 55 2523 85 2563; x_wconf 88' lang='lat' dir='ltr'>se</span> <span class='ocrx_word' id='word_1_159' title='bbox 98 2506 128 2563; x_wconf 96' lang='lat' dir='ltr'>in</span> <span class='ocrx_word' id='word_1_160' title='bbox 141 2504 190 2562; x_wconf 87' lang='lat' dir='ltr'>Dei</span> <span class='ocrx_word' id='word_1_161' title='bbox 203 2505 298 2574; x_wconf 91' lang='lat' dir='ltr'>laude,</span> <span class='ocrx_word' id='word_1_162' title='bbox 308 2509 338 2560; x_wconf 91' lang='lat' dir='ltr'>et</span> <span class='ocrx_word' id='word_1_163' title='bbox 349 2503 506 2575; x_wconf 86' lang='lat' dir='ltr'>gratiarum</span> <span class='ocrx_word' id='word_1_164' title='bbox 519 2502 642 2559; x_wconf 91' lang='lat' dir='ltr'>actione.</span> 
     </span>
     <span class='ocr_line' id='line_1_32' title="bbox 54 2574 644 2650; baseline -0.007 -15"><span class='ocrx_word' id='word_1_165' title='bbox 54 2580 198 2650; x_wconf 81' lang='lat' dir='ltr'>Nusquam</span> <span class='ocrx_word' id='word_1_166' title='bbox 221 2583 316 2634; x_wconf 91' lang='lat' dir='ltr'>autem</span> <span class='ocrx_word' id='word_1_167' title='bbox 340 2575 409 2632; x_wconf 89' lang='lat' dir='ltr'>alibi</span> <span class='ocrx_word' id='word_1_168' title='bbox 432 2574 536 2646; x_wconf 89' lang='lat' dir='ltr'>legitur</span> <span class='ocrx_word' id='word_1_169' title='bbox 558 2574 644 2631; x_wconf 89' lang='lat' dir='ltr'>tuisse</span> 
     </span>
     <span class='ocr_line' id='line_1_33' title="bbox 54 2647 645 2719; baseline -0.005 -14"><span class='ocrx_word' id='word_1_170' title='bbox 54 2649 158 2719; x_wconf 90' lang='lat' dir='ltr'>locuta,</span> <span class='ocrx_word' id='word_1_171' title='bbox 185 2647 239 2704; x_wconf 90' lang='lat' dir='ltr'>nisi</span> <span class='ocrx_word' id='word_1_172' title='bbox 265 2648 346 2705; x_wconf 74' lang='lat' dir='ltr'>valde</span> <span class='ocrx_word' id='word_1_173' title='bbox 370 2663 482 2719; x_wconf 86' lang='lat' dir='ltr'>parum,</span> <span class='ocrx_word' id='word_1_174' title='bbox 507 2651 536 2702; x_wconf 87' lang='lat' dir='ltr'>et</span> <span class='ocrx_word' id='word_1_175' title='bbox 554 2662 645 2718; x_wconf 90' lang='lat' dir='ltr'>pauca</span> 
     </span>
     <span class='ocr_line' id='line_1_34' title="bbox 53 2718 643 2778; baseline 0.003 -6"><span class='ocrx_word' id='word_1_176' title='bbox 53 2722 149 2778; x_wconf 74' lang='lat' dir='ltr'>rerba.</span> <span class='ocrx_word' id='word_1_177' title='bbox 169 2722 201 2776; x_wconf 93' lang='lat' dir='ltr'>lii</span> <span class='ocrx_word' id='word_1_178' title='bbox 220 2719 354 2776; x_wconf 80' lang='lat' dir='ltr'>universo</span> <span class='ocrx_word' id='word_1_179' title='bbox 376 2718 451 2773; x_wconf 90' lang='lat' dir='ltr'>enlin</span> <span class='ocrx_word' id='word_1_180' title='bbox 473 2722 582 2774; x_wconf 91' lang='lat' dir='ltr'>tantum</span> <span class='ocrx_word' id='word_1_181' title='bbox 599 2734 643 2774; x_wconf 85' lang='lat' dir='ltr'>sc-</span> 
     </span>
     <span class='ocr_line' id='line_1_35' title="bbox 52 2789 643 2865; baseline -0.007 -17"><span class='ocrx_word' id='word_1_182' title='bbox 52 2797 130 2865; x_wconf 87' lang='lat' dir='ltr'>ptem</span> <span class='ocrx_word' id='word_1_183' title='bbox 155 2789 263 2847; x_wconf 80' lang='lat' dir='ltr'>uicibus</span> <span class='ocrx_word' id='word_1_184' title='bbox 281 2790 401 2859; x_wconf 86' lang='lat' dir='ltr'>legimus</span> <span class='ocrx_word' id='word_1_185' title='bbox 426 2804 489 2844; x_wconf 88' lang='lat' dir='ltr'>eam</span> <span class='ocrx_word' id='word_1_186' title='bbox 510 2789 643 2857; x_wconf 88' lang='lat' dir='ltr'>locutam,</span> 
     </span>
     <span class='ocr_line' id='line_1_36' title="bbox 51 2859 644 2931; baseline -0.01 -11"><span class='ocrx_word' id='word_1_187' title='bbox 51 2869 84 2921; x_wconf 93' lang='lat' dir='ltr'>ut</span> <span class='ocrx_word' id='word_1_188' title='bbox 101 2879 135 2919; x_wconf 84' lang='lat' dir='ltr'>ex</span> <span class='ocrx_word' id='word_1_189' title='bbox 154 2863 207 2917; x_wconf 88' lang='lat' dir='ltr'>hoc</span> <span class='ocrx_word' id='word_1_190' title='bbox 227 2861 390 2917; x_wconf 88' lang='lat' dir='ltr'>ostenderet</span> <span class='ocrx_word' id='word_1_191' title='bbox 405 2875 435 2916; x_wconf 89' lang='lat' dir='ltr'>se</span> <span class='ocrx_word' id='word_1_192' title='bbox 450 2859 543 2930; x_wconf 86' lang='lat' dir='ltr'>gratia</span> <span class='ocrx_word' id='word_1_193' title='bbox 557 2859 644 2931; x_wconf 90' lang='lat' dir='ltr'>septi-</span> 
     </span>
     <span class='ocr_line' id='line_1_37' title="bbox 52 2930 644 3004; baseline -0.008 -12"><span class='ocrx_word' id='word_1_194' title='bbox 52 2933 136 2992; x_wconf 80' lang='lat' dir='ltr'>formi</span> <span class='ocrx_word' id='word_1_195' title='bbox 152 2933 265 3004; x_wconf 88' lang='lat' dir='ltr'>plenam</span> <span class='ocrx_word' id='word_1_196' title='bbox 284 2949 291 2987; x_wconf 76' lang='grc' dir='ltr'>ε</span> <span class='ocrx_word' id='word_1_197' title='bbox 311 2930 442 2987; x_wconf 85' lang='lat' dir='ltr'>videlicet</span> <span class='ocrx_word' id='word_1_198' title='bbox 457 2946 520 2986; x_wconf 93' lang='lat' dir='ltr'>cum</span> <span class='ocrx_word' id='word_1_199' title='bbox 536 2932 644 3003; x_wconf 81' lang='lat' dir='ltr'>Angelo</span> 
     </span>
     <span class='ocr_line' id='line_1_38' title="bbox 51 3005 646 3077; baseline -0.01 -14"><span class='ocrx_word' id='word_1_200' title='bbox 51 3006 107 3075; x_wconf 91' lang='lat' dir='ltr'>liis,</span> <span class='ocrx_word' id='word_1_201' title='bbox 118 3008 211 3077; x_wconf 90' lang='lat' dir='ltr'>primo</span> <span class='ocrx_word' id='word_1_202' title='bbox 223 3020 230 3059; x_wconf 91' lang='lat'>:</span> <span class='ocrx_word' id='word_1_203' title='bbox 242 3005 379 3071; x_wconf 77' lang='lat' dir='ltr'>Quomodo</span> <span class='ocrx_word' id='word_1_204' title='bbox 389 3007 536 3072; x_wconf 63' lang='lat' dir='ltr'>pilatim?</span> <span class='ocrx_word' id='word_1_205' title='bbox 547 3020 646 3059; x_wconf 82' lang='lat' dir='ltr'>secun-</span> 
     </span>
     <span class='ocr_line' id='line_1_39' title="bbox 52 3076 646 3134; baseline -0.012 0"><span class='ocrx_word' id='word_1_206' title='bbox 52 3077 114 3134; x_wconf 86' lang='lat' dir='ltr'>do:</span> <span class='ocrx_word' id='word_1_207' title='bbox 139 3078 207 3132; x_wconf 80' lang='lat' dir='ltr'>Ecce</span> <span class='ocrx_word' id='word_1_208' title='bbox 222 3079 323 3128; x_wconf 73' lang='lat' dir='ltr'>inuium</span> <span class='ocrx_word' id='word_1_209' title='bbox 343 3077 464 3131; x_wconf 68' lang='lat' dir='ltr'>liniaci,-</span> <span class='ocrx_word' id='word_1_210' title='bbox 480 3090 541 3127; x_wconf 88' lang='lat' dir='ltr'>cum</span> <span class='ocrx_word' id='word_1_211' title='bbox 563 3076 646 3127; x_wconf 70' lang='lat' dir='ltr'>lllisa-</span> 
     </span>
     <span class='ocr_line' id='line_1_40' title="bbox 41 3144 646 3217; baseline -0.01 -12"><span class='ocrx_word' id='word_1_212' title='bbox 41 3147 123 3217; x_wconf 61' lang='lat' dir='ltr'>‚beth</span> <span class='ocrx_word' id='word_1_213' title='bbox 140 3145 195 3210; x_wconf 89' lang='lat' dir='ltr'>his,</span> <span class='ocrx_word' id='word_1_214' title='bbox 217 3144 308 3207; x_wconf 86' lang='lat' dir='ltr'>primo</span> <span class='ocrx_word' id='word_1_215' title='bbox 323 3159 386 3200; x_wconf 90' lang='lat' dir='ltr'>cum</span> <span class='ocrx_word' id='word_1_216' title='bbox 406 3145 540 3199; x_wconf 83' lang='lat' dir='ltr'>salutauit</span> <span class='ocrx_word' id='word_1_217' title='bbox 553 3147 646 3201; x_wconf 83' lang='lat' dir='ltr'>Elisu-</span> 
     </span>
     <span class='ocr_line' id='line_1_41' title="bbox 55 3215 647 3287; baseline -0.005 -11"><span class='ocrx_word' id='word_1_218' title='bbox 55 3218 127 3284; x_wconf 72' lang='lat' dir='ltr'>lctli,</span> <span class='ocrx_word' id='word_1_219' title='bbox 150 3216 285 3285; x_wconf 88' lang='lat' dir='ltr'>secundo,</span> <span class='ocrx_word' id='word_1_220' title='bbox 308 3232 373 3272; x_wconf 88' lang='lat' dir='ltr'>curn</span> <span class='ocrx_word' id='word_1_221' title='bbox 397 3215 437 3272; x_wconf 88' lang='lat' dir='ltr'>ait</span> <span class='ocrx_word' id='word_1_222' title='bbox 456 3232 463 3271; x_wconf 92' lang='lat'>:</span> <span class='ocrx_word' id='word_1_223' title='bbox 483 3218 647 3287; x_wconf 66' lang='lat' dir='ltr'>Magnificus</span> 
     </span>
     <span class='ocr_line' id='line_1_42' title="bbox 78 3287 645 3353; baseline -0.005 -6"><span class='ocrx_word' id='word_1_224' title='bbox 78 3292 148 3350; x_wconf 84' lang='lat' dir='ltr'>iimo</span> <span class='ocrx_word' id='word_1_225' title='bbox 163 3304 224 3345; x_wconf 83' lang='lat' dir='ltr'>mea</span> <span class='ocrx_word' id='word_1_226' title='bbox 242 3290 404 3353; x_wconf 64' lang='lat' dir='ltr'>Dominum</span> <span class='ocrx_word' id='word_1_227' title='bbox 425 3303 488 3344; x_wconf 90' lang='lat' dir='ltr'>cum</span> <span class='ocrx_word' id='word_1_228' title='bbox 505 3287 575 3345; x_wconf 85' lang='lat' dir='ltr'>Filio</span> <span class='ocrx_word' id='word_1_229' title='bbox 590 3287 645 3353; x_wconf 85' lang='lat' dir='ltr'>bis,</span> 
     </span>
     <span class='ocr_line' id='line_1_43' title="bbox 78 3359 648 3441; baseline -0.007 -22"><span class='ocrx_word' id='word_1_230' title='bbox 78 3360 145 3419; x_wconf 90' lang='lat' dir='ltr'>rimo</span> <span class='ocrx_word' id='word_1_231' title='bbox 165 3359 196 3418; x_wconf 91' lang='lat' dir='ltr'>iii</span> <span class='ocrx_word' id='word_1_232' title='bbox 216 3360 333 3432; x_wconf 88' lang='lat' dir='ltr'>&#39;lemplo</span> <span class='ocrx_word' id='word_1_233' title='bbox 350 3379 359 3415; x_wconf 91' lang='grc'>.·</span> <span class='ocrx_word' id='word_1_234' title='bbox 376 3360 442 3424; x_wconf 82' lang='lat' dir='ltr'>Fili,</span> <span class='ocrx_word' id='word_1_235' title='bbox 467 3360 536 3441; x_wconf 76' lang='lat' dir='ltr'>qiud</span> <span class='ocrx_word' id='word_1_236' title='bbox 553 3362 648 3428; x_wconf 69' lang='lat' dir='ltr'>fecisti</span> 
     </span>
     <span class='ocr_line' id='line_1_44' title="bbox 78 3430 646 3502; baseline -0.007 -11"><span class='ocrx_word' id='word_1_237' title='bbox 78 3432 131 3491; x_wconf 76' lang='lat' dir='ltr'>ibis</span> <span class='ocrx_word' id='word_1_238' title='bbox 142 3435 202 3489; x_wconf 79' lang='lat' dir='ltr'>sic?</span> <span class='ocrx_word' id='word_1_239' title='bbox 215 3432 340 3489; x_wconf 90' lang='lat' dir='ltr'>secundo</span> <span class='ocrx_word' id='word_1_240' title='bbox 356 3430 385 3486; x_wconf 92' lang='lat' dir='ltr'>in</span> <span class='ocrx_word' id='word_1_241' title='bbox 403 3430 526 3502; x_wconf 91' lang='lat' dir='ltr'>nuptiis:</span> <span class='ocrx_word' id='word_1_242' title='bbox 544 3433 646 3489; x_wconf 82' lang='lat' dir='ltr'>Vinum</span> 
     </span>
     <span class='ocr_line' id='line_1_45' title="bbox 78 3502 647 3569; baseline -0.002 -8"><span class='ocrx_word' id='word_1_243' title='bbox 78 3518 108 3561; x_wconf 81' lang='lat' dir='ltr'>m</span> <span class='ocrx_word' id='word_1_244' title='bbox 129 3505 242 3569; x_wconf 60' lang='lat' dir='ltr'>babenb</span> <span class='ocrx_word' id='word_1_245' title='bbox 263 3508 291 3559; x_wconf 89' lang='lat' dir='ltr'>et</span> <span class='ocrx_word' id='word_1_246' title='bbox 310 3502 398 3559; x_wconf 89' lang='lat' dir='ltr'>semol</span> <span class='ocrx_word' id='word_1_247' title='bbox 422 3519 486 3559; x_wconf 92' lang='lat' dir='ltr'>cum</span> <span class='ocrx_word' id='word_1_248' title='bbox 509 3502 647 3560; x_wconf 88' lang='lat' dir='ltr'>ministris</span> 
     </span>
     <span class='ocr_line' id='line_1_46' title="bbox 78 3570 644 3645; baseline 0.007 -19"><span class='ocrx_word' id='word_1_249' title='bbox 78 3570 157 3634; x_wconf 86' lang='lat' dir='ltr'>iidem</span> <span class='ocrx_word' id='word_1_250' title='bbox 180 3592 187 3630; x_wconf 88' lang='lat'>:</span> <span class='ocrx_word' id='word_1_251' title='bbox 215 3575 407 3645; x_wconf 79' lang='lat' dir='ltr'>Quodcumque</span> <span class='ocrx_word' id='word_1_252' title='bbox 429 3575 535 3631; x_wconf 79' lang='lat' dir='ltr'>dicerit</span> <span class='ocrx_word' id='word_1_253' title='bbox 558 3576 644 3640; x_wconf 84' lang='lat' dir='ltr'>uobis,</span> 
     </span>
     <span class='ocr_line' id='line_1_47' title="bbox 78 3644 645 3729; baseline 0.002 -28"><span class='ocrx_word' id='word_1_254' title='bbox 78 3648 148 3703; x_wconf 83' lang='lat' dir='ltr'>icite.</span> <span class='ocrx_word' id='word_1_255' title='bbox 175 3647 205 3701; x_wconf 95' lang='lat' dir='ltr'>ln</span> <span class='ocrx_word' id='word_1_256' title='bbox 234 3644 368 3702; x_wconf 91' lang='lat' dir='ltr'>omnihus</span> <span class='ocrx_word' id='word_1_257' title='bbox 392 3645 437 3702; x_wconf 93' lang='lat' dir='ltr'>bis</span> <span class='ocrx_word' id='word_1_258' title='bbox 465 3649 543 3718; x_wconf 88' lang='lat' dir='ltr'>patet</span> <span class='ocrx_word' id='word_1_259' title='bbox 568 3647 645 3729; x_wconf 90' lang='lat' dir='ltr'>quod</span> 
     </span>
     <span class='ocr_line' id='line_1_48' title="bbox 78 3716 643 3789; baseline 0.002 -16"><span class='ocrx_word' id='word_1_260' title='bbox 78 3730 207 3789; x_wconf 80' lang='lat' dir='ltr'>umquam</span> <span class='ocrx_word' id='word_1_261' title='bbox 232 3716 327 3773; x_wconf 87' lang='lat' dir='ltr'>locuta</span> <span class='ocrx_word' id='word_1_262' title='bbox 349 3720 403 3785; x_wconf 87' lang='lat' dir='ltr'>est,</span> <span class='ocrx_word' id='word_1_263' title='bbox 427 3716 483 3775; x_wconf 93' lang='lat' dir='ltr'>nisi</span> <span class='ocrx_word' id='word_1_264' title='bbox 508 3718 643 3788; x_wconf 80' lang='lat' dir='ltr'>breviter,</span> 
     </span>
     <span class='ocr_line' id='line_1_49' title="bbox 78 3787 643 3861; baseline 0.004 -18"><span class='ocrx_word' id='word_1_265' title='bbox 78 3788 150 3846; x_wconf 87' lang='lat' dir='ltr'>uicis</span> <span class='ocrx_word' id='word_1_266' title='bbox 174 3788 277 3855; x_wconf 82' lang='lat' dir='ltr'>vorbis,</span> <span class='ocrx_word' id='word_1_267' title='bbox 298 3799 415 3861; x_wconf 85' lang='lat' dir='ltr'>excepto</span> <span class='ocrx_word' id='word_1_268' title='bbox 435 3788 511 3860; x_wconf 83' lang='lat' dir='ltr'>quod</span> <span class='ocrx_word' id='word_1_269' title='bbox 528 3787 559 3845; x_wconf 91' lang='lat' dir='ltr'>in</span> <span class='ocrx_word' id='word_1_270' title='bbox 577 3805 643 3845; x_wconf 88' lang='lat' dir='ltr'>can-</span> 
     </span>
     <span class='ocr_line' id='line_1_50' title="bbox 74 3858 643 3928; baseline 0.005 -13"><span class='ocrx_word' id='word_1_271' title='bbox 74 3870 107 3915; x_wconf 76' lang='lat' dir='ltr'>ao</span> <span class='ocrx_word' id='word_1_272' title='bbox 122 3875 154 3918; x_wconf 85' lang='lat' dir='ltr'>so</span> <span class='ocrx_word' id='word_1_273' title='bbox 167 3858 307 3928; x_wconf 86' lang='lat' dir='ltr'>dilatavit,</span> <span class='ocrx_word' id='word_1_274' title='bbox 322 3859 369 3916; x_wconf 93' lang='lat' dir='ltr'>ubi</span> <span class='ocrx_word' id='word_1_275' title='bbox 385 3875 450 3916; x_wconf 89' lang='lat' dir='ltr'>cuin</span> <span class='ocrx_word' id='word_1_276' title='bbox 465 3859 534 3917; x_wconf 82' lang='lat' dir='ltr'>lilio</span> <span class='ocrx_word' id='word_1_277' title='bbox 549 3859 643 3918; x_wconf 90' lang='lat' dir='ltr'>locuta</span> 
     </span>
     <span class='ocr_line' id='line_1_51' title="bbox 70 3930 644 4003; baseline 0.005 -18"><span class='ocrx_word' id='word_1_278' title='bbox 70 3931 105 3985; x_wconf 83' lang='lat' dir='ltr'>st.</span> <span class='ocrx_word' id='word_1_279' title='bbox 126 3932 161 3989; x_wconf 83' lang='lat' dir='ltr'>Et</span> <span class='ocrx_word' id='word_1_280' title='bbox 180 3930 337 3987; x_wconf 90' lang='lat' dir='ltr'>notandum</span> <span class='ocrx_word' id='word_1_281' title='bbox 356 3931 432 4003; x_wconf 88' lang='lat' dir='ltr'>quod</span> <span class='ocrx_word' id='word_1_282' title='bbox 452 3931 513 3988; x_wconf 90' lang='lat' dir='ltr'>haec</span> <span class='ocrx_word' id='word_1_283' title='bbox 535 3936 644 4003; x_wconf 89' lang='lat' dir='ltr'>septem</span> 
     </span>
     <span class='ocr_line' id='line_1_52' title="bbox 58 4000 643 4075; baseline 0.003 -18"><span class='ocrx_word' id='word_1_284' title='bbox 58 4000 140 4071; x_wconf 63' lang='lat' dir='ltr'>,urbs</span> <span class='ocrx_word' id='word_1_285' title='bbox 161 4000 256 4058; x_wconf 86' lang='lat' dir='ltr'>locuta</span> <span class='ocrx_word' id='word_1_286' title='bbox 276 4011 320 4059; x_wconf 86' lang='lat' dir='ltr'>est</span> <span class='ocrx_word' id='word_1_287' title='bbox 341 4001 371 4058; x_wconf 92' lang='lat' dir='ltr'>in</span> <span class='ocrx_word' id='word_1_288' title='bbox 389 4008 512 4074; x_wconf 86' lang='lat' dir='ltr'>quatuor</span> <span class='ocrx_word' id='word_1_289' title='bbox 533 4007 643 4075; x_wconf 89' lang='lat' dir='ltr'>tempo·</span> 
     </span>
     <span class='ocr_line' id='line_1_53' title="bbox 18 4071 643 4143; baseline 0.002 -13"><span class='ocrx_word' id='word_1_290' title='bbox 18 4080 118 4130; x_wconf 60' lang='lat' dir='ltr'>uitini</span> <span class='ocrx_word' id='word_1_291' title='bbox 143 4071 261 4143; x_wconf 84' lang='lat' dir='ltr'>vicibus,</span> <span class='ocrx_word' id='word_1_292' title='bbox 290 4079 319 4130; x_wconf 87' lang='lat' dir='ltr'>et</span> <span class='ocrx_word' id='word_1_293' title='bbox 346 4090 405 4130; x_wconf 91' lang='lat' dir='ltr'>non</span> <span class='ocrx_word' id='word_1_294' title='bbox 432 4073 493 4131; x_wconf 89' lang='lat' dir='ltr'>sine</span> <span class='ocrx_word' id='word_1_295' title='bbox 522 4073 643 4131; x_wconf 87' lang='lat' dir='ltr'>evidenti</span> 
     </span>
     <span class='ocr_line' id='line_1_54' title="bbox 21 4138 645 4218; baseline 0.01 -21"><span class='ocrx_word' id='word_1_296' title='bbox 21 4138 187 4214; x_wconf 77' lang='lat' dir='ltr'>-nutiute,</span> <span class='ocrx_word' id='word_1_297' title='bbox 203 4143 330 4218; x_wconf 87' lang='lat' dir='ltr'>qualibet</span> <span class='ocrx_word' id='word_1_298' title='bbox 347 4144 418 4201; x_wconf 81' lang='lat' dir='ltr'>vice.</span> <span class='ocrx_word' id='word_1_299' title='bbox 435 4144 539 4212; x_wconf 86' lang='lat' dir='ltr'>Quater</span> <span class='ocrx_word' id='word_1_300' title='bbox 557 4145 645 4217; x_wconf 86' lang='lat' dir='ltr'>igitur</span> 
     </span>
     <span class='ocr_line' id='line_1_55' title="bbox 42 4215 645 4290; baseline 0.007 -19"><span class='ocrx_word' id='word_1_301' title='bbox 42 4215 97 4271; x_wconf 75' lang='lat' dir='ltr'>est</span> <span class='ocrx_word' id='word_1_302' title='bbox 114 4215 221 4285; x_wconf 80' lang='lat' dir='ltr'>locuta,</span> <span class='ocrx_word' id='word_1_303' title='bbox 239 4220 268 4274; x_wconf 87' lang='lat' dir='ltr'>et</span> <span class='ocrx_word' id='word_1_304' title='bbox 287 4221 410 4290; x_wconf 86' lang='lat' dir='ltr'>quatuor</span> <span class='ocrx_word' id='word_1_305' title='bbox 426 4216 563 4273; x_wconf 88' lang='lat' dir='ltr'>miracula</span> <span class='ocrx_word' id='word_1_306' title='bbox 577 4221 645 4275; x_wconf 84' lang='lat' dir='ltr'>sunt</span> 
     </span>
    </p>
   </div>
   <div class='ocr_carea' id='block_1_3' title="bbox 41 4286 645 4363">
    <p class='ocr_par' dir='ltr' id='par_1_3' title="bbox 41 4286 645 4363">
     <span class='ocr_line' id='line_1_56' title="bbox 41 4286 645 4363; baseline 0.003 -18"><span class='ocrx_word' id='word_1_307' title='bbox 41 4286 285 4361; x_wconf 67' lang='lat' dir='ltr'>nocumentum</span> <span class='ocrx_word' id='word_1_308' title='bbox 304 4307 311 4348; x_wconf 91' lang='lat'>:</span> <span class='ocrx_word' id='word_1_309' title='bbox 330 4287 360 4346; x_wconf 93' lang='lat' dir='ltr'>in</span> <span class='ocrx_word' id='word_1_310' title='bbox 377 4288 478 4363; x_wconf 81' lang='lat' dir='ltr'>Angeli</span> <span class='ocrx_word' id='word_1_311' title='bbox 495 4286 645 4347; x_wconf 86' lang='lat' dir='ltr'>annuntia·</span> 
     </span>
    </p>
   </div>
   <div class='ocr_carea' id='block_1_4' title="bbox 696 428 1305 4367">
    <p class='ocr_par' dir='ltr' id='par_1_4' title="bbox 698 428 1305 2074">
     <span class='ocr_line' id='line_1_57' title="bbox 702 428 1305 502; baseline 0.002 -16"><span class='ocrx_word' id='word_1_312' title='bbox 702 430 790 497; x_wconf 90' lang='lat' dir='ltr'>tione,</span> <span class='ocrx_word' id='word_1_313' title='bbox 806 436 835 487; x_wconf 90' lang='lat' dir='ltr'>et</span> <span class='ocrx_word' id='word_1_314' title='bbox 844 434 913 487; x_wconf 91' lang='lat' dir='ltr'>tune</span> <span class='ocrx_word' id='word_1_315' title='bbox 925 430 1055 502; x_wconf 87' lang='lat' dir='ltr'>concepit</span> <span class='ocrx_word' id='word_1_316' title='bbox 1068 432 1178 499; x_wconf 86' lang='lat' dir='ltr'>Denm;</span> <span class='ocrx_word' id='word_1_317' title='bbox 1194 428 1226 488; x_wconf 90' lang='lat' dir='ltr'>in</span> <span class='ocrx_word' id='word_1_318' title='bbox 1241 428 1305 488; x_wconf 90' lang='lat' dir='ltr'>Eli-</span> 
     </span>
     <span class='ocr_line' id='line_1_58' title="bbox 703 501 1305 571; baseline -0.002 -11"><span class='ocrx_word' id='word_1_319' title='bbox 703 503 803 560; x_wconf 83' lang='lat' dir='ltr'>sabeth</span> <span class='ocrx_word' id='word_1_320' title='bbox 824 501 995 571; x_wconf 82' lang='lat' dir='ltr'>visitatione,</span> <span class='ocrx_word' id='word_1_321' title='bbox 1017 508 1045 559; x_wconf 91' lang='lat' dir='ltr'>et.</span> <span class='ocrx_word' id='word_1_322' title='bbox 1064 507 1131 559; x_wconf 92' lang='lat' dir='ltr'>tunc</span> <span class='ocrx_word' id='word_1_323' title='bbox 1147 503 1305 560; x_wconf 85' lang='lat' dir='ltr'>exsultavit</span> 
     </span>
     <span class='ocr_line' id='line_1_59' title="bbox 702 573 1304 657; baseline 0.002 -27"><span class='ocrx_word' id='word_1_324' title='bbox 702 574 799 630; x_wconf 88' lang='lat' dir='ltr'>intans</span> <span class='ocrx_word' id='word_1_325' title='bbox 821 573 851 629; x_wconf 92' lang='lat' dir='ltr'>in</span> <span class='ocrx_word' id='word_1_326' title='bbox 876 581 973 642; x_wconf 87' lang='lat' dir='ltr'>ntero;</span> <span class='ocrx_word' id='word_1_327' title='bbox 993 573 1023 629; x_wconf 92' lang='lat' dir='ltr'>in</span> <span class='ocrx_word' id='word_1_328' title='bbox 1044 573 1161 657; x_wconf 89' lang='lat' dir='ltr'>nuptiis,</span> <span class='ocrx_word' id='word_1_329' title='bbox 1184 579 1214 631; x_wconf 88' lang='lat' dir='ltr'>et</span> <span class='ocrx_word' id='word_1_330' title='bbox 1231 580 1304 631; x_wconf 88' lang='lat' dir='ltr'>tunc</span> 
     </span>
     <span class='ocr_line' id='line_1_60' title="bbox 701 644 1303 716; baseline 0 -14"><span class='ocrx_word' id='word_1_331' title='bbox 701 648 783 702; x_wconf 86' lang='lat' dir='ltr'>lesus</span> <span class='ocrx_word' id='word_1_332' title='bbox 803 644 942 702; x_wconf 82' lang='lat' dir='ltr'>convertit</span> <span class='ocrx_word' id='word_1_333' title='bbox 962 661 1065 716; x_wconf 82' lang='lat' dir='ltr'>aquam</span> <span class='ocrx_word' id='word_1_334' title='bbox 1085 662 1113 701; x_wconf 93' lang='lat' dir='ltr'>iii</span> <span class='ocrx_word' id='word_1_335' title='bbox 1136 646 1250 715; x_wconf 88' lang='lat' dir='ltr'>vinnm;</span> <span class='ocrx_word' id='word_1_336' title='bbox 1272 644 1303 702; x_wconf 91' lang='lat' dir='ltr'>in</span> 
     </span>
     <span class='ocr_line' id='line_1_61' title="bbox 702 716 1303 844; baseline 0.005 -72"><span class='ocrx_word' id='word_1_337' title='bbox 702 717 818 844; x_wconf 58' lang='lat' dir='ltr'>templo,</span> <span class='ocrx_word' id='word_1_338' title='bbox 831 721 859 773; x_wconf 88' lang='lat' dir='ltr'>et</span> <span class='ocrx_word' id='word_1_339' title='bbox 872 722 940 773; x_wconf 89' lang='lat' dir='ltr'>tune</span> <span class='ocrx_word' id='word_1_340' title='bbox 952 721 1013 774; x_wconf 88' lang='lat' dir='ltr'>crat</span> <span class='ocrx_word' id='word_1_341' title='bbox 1026 716 1155 773; x_wconf 87' lang='lat' dir='ltr'>subditus</span> <span class='ocrx_word' id='word_1_342' title='bbox 1168 716 1235 773; x_wconf 92' lang='lat' dir='ltr'>illis.</span> <span class='ocrx_word' id='word_1_343' title='bbox 1245 720 1303 775; x_wconf 80' lang='lat' dir='ltr'>No</span> 
     </span>
     <span class='ocr_line' id='line_1_62' title="bbox 702 788 1303 860; baseline 0.003 -16"><span class='ocrx_word' id='word_1_344' title='bbox 702 795 751 844; x_wconf 91' lang='lat' dir='ltr'>tan</span> <span class='ocrx_word' id='word_1_345' title='bbox 773 804 819 845; x_wconf 93' lang='lat' dir='ltr'>um</span> <span class='ocrx_word' id='word_1_346' title='bbox 841 788 927 845; x_wconf 91' lang='lat' dir='ltr'>etiam</span> <span class='ocrx_word' id='word_1_347' title='bbox 954 788 1028 859; x_wconf 88' lang='lat' dir='ltr'>quod</span> <span class='ocrx_word' id='word_1_348' title='bbox 1053 788 1128 845; x_wconf 89' lang='lat' dir='ltr'>inter</span> <span class='ocrx_word' id='word_1_349' title='bbox 1146 788 1303 860; x_wconf 80' lang='lat' dir='ltr'>praedictas</span> 
     </span>
     <span class='ocr_line' id='line_1_63' title="bbox 702 860 1301 934; baseline 0.005 -19"><span class='ocrx_word' id='word_1_350' title='bbox 702 860 869 929; x_wconf 86' lang='lat' dir='ltr'>locutiones,</span> <span class='ocrx_word' id='word_1_351' title='bbox 886 875 949 916; x_wconf 91' lang='lat' dir='ltr'>cum</span> <span class='ocrx_word' id='word_1_352' title='bbox 968 864 1090 931; x_wconf 84' lang='lat' dir='ltr'>quatuor</span> <span class='ocrx_word' id='word_1_353' title='bbox 1103 866 1215 916; x_wconf 90' lang='lat' dir='ltr'>tantum</span> <span class='ocrx_word' id='word_1_354' title='bbox 1230 878 1301 934; x_wconf 88' lang='lat' dir='ltr'>per-</span> 
     </span>
     <span class='ocr_line' id='line_1_64' title="bbox 702 930 1298 1003; baseline 0.003 -16"><span class='ocrx_word' id='word_1_355' title='bbox 702 931 781 987; x_wconf 91' lang='lat' dir='ltr'>sonis</span> <span class='ocrx_word' id='word_1_356' title='bbox 795 931 890 988; x_wconf 88' lang='lat' dir='ltr'>locuta</span> <span class='ocrx_word' id='word_1_357' title='bbox 904 940 947 987; x_wconf 89' lang='lat' dir='ltr'>est</span> <span class='ocrx_word' id='word_1_358' title='bbox 960 932 1044 988; x_wconf 89' lang='lat' dir='ltr'>beata</span> <span class='ocrx_word' id='word_1_359' title='bbox 1060 930 1276 1003; x_wconf 85' lang='lat' dir='ltr'>Virgo,scilicet</span> <span class='ocrx_word' id='word_1_360' title='bbox 1290 950 1298 989; x_wconf 74' lang='grc' dir='ltr'>ε</span> 
     </span>
     <span class='ocr_line' id='line_1_65' title="bbox 703 1002 1301 1074; baseline 0.002 -16"><span class='ocrx_word' id='word_1_361' title='bbox 703 1019 765 1060; x_wconf 91' lang='lat' dir='ltr'>cum</span> <span class='ocrx_word' id='word_1_362' title='bbox 782 1004 901 1074; x_wconf 82' lang='lat' dir='ltr'>Angelo,</span> <span class='ocrx_word' id='word_1_363' title='bbox 917 1019 981 1060; x_wconf 94' lang='lat' dir='ltr'>cum</span> <span class='ocrx_word' id='word_1_364' title='bbox 997 1002 1141 1059; x_wconf 84' lang='lat' dir='ltr'>Elisabeth</span> <span class='ocrx_word' id='word_1_365' title='bbox 1158 1004 1256 1060; x_wconf 82' lang='lat' dir='ltr'>rotula</span> <span class='ocrx_word' id='word_1_366' title='bbox 1270 1008 1301 1061; x_wconf 86' lang='lat' dir='ltr'>et</span> 
     </span>
     <span class='ocr_line' id='line_1_66' title="bbox 701 1073 1299 1157; baseline 0.002 -27"><span class='ocrx_word' id='word_1_367' title='bbox 701 1081 825 1157; x_wconf 83' lang='lat' dir='ltr'>cognata</span> <span class='ocrx_word' id='word_1_368' title='bbox 836 1091 899 1143; x_wconf 87' lang='lat' dir='ltr'>sua,</span> <span class='ocrx_word' id='word_1_369' title='bbox 914 1091 978 1131; x_wconf 88' lang='lat' dir='ltr'>cum</span> <span class='ocrx_word' id='word_1_370' title='bbox 991 1073 1072 1142; x_wconf 81' lang='lat' dir='ltr'>Filio,</span> <span class='ocrx_word' id='word_1_371' title='bbox 1089 1080 1117 1130; x_wconf 92' lang='lat' dir='ltr'>et</span> <span class='ocrx_word' id='word_1_372' title='bbox 1132 1090 1195 1131; x_wconf 88' lang='lat' dir='ltr'>cum</span> <span class='ocrx_word' id='word_1_373' title='bbox 1209 1074 1299 1131; x_wconf 91' lang='lat' dir='ltr'>inini-</span> 
     </span>
     <span class='ocr_line' id='line_1_67' title="bbox 702 1144 1299 1218; baseline 0.003 -17"><span class='ocrx_word' id='word_1_374' title='bbox 702 1153 777 1202; x_wconf 91' lang='lat' dir='ltr'>stris.</span> <span class='ocrx_word' id='word_1_375' title='bbox 789 1148 820 1201; x_wconf 95' lang='lat' dir='ltr'>ln</span> <span class='ocrx_word' id='word_1_376' title='bbox 835 1162 891 1218; x_wconf 90' lang='lat' dir='ltr'>quo</span> <span class='ocrx_word' id='word_1_377' title='bbox 907 1144 1067 1203; x_wconf 84' lang='lat' dir='ltr'>ostenditur</span> <span class='ocrx_word' id='word_1_378' title='bbox 1081 1147 1230 1218; x_wconf 86' lang='lat' dir='ltr'>pulchrum</span> <span class='ocrx_word' id='word_1_379' title='bbox 1243 1147 1299 1203; x_wconf 91' lang='lat' dir='ltr'>do-</span> 
     </span>
     <span class='ocr_line' id='line_1_68' title="bbox 700 1218 1298 1290; baseline 0.002 -17"><span class='ocrx_word' id='word_1_380' title='bbox 700 1223 874 1286; x_wconf 87' lang='lat' dir='ltr'>cumentum,</span> <span class='ocrx_word' id='word_1_381' title='bbox 901 1218 977 1290; x_wconf 91' lang='lat' dir='ltr'>quod</span> <span class='ocrx_word' id='word_1_382' title='bbox 1006 1218 1101 1289; x_wconf 89' lang='lat' dir='ltr'>puella</span> <span class='ocrx_word' id='word_1_383' title='bbox 1121 1218 1247 1289; x_wconf 73' lang='lat' dir='ltr'>juvenis,</span> <span class='ocrx_word' id='word_1_384' title='bbox 1268 1223 1298 1275; x_wconf 89' lang='lat' dir='ltr'>et</span> 
     </span>
     <span class='ocr_line' id='line_1_69' title="bbox 700 1288 1299 1415; baseline 0.002 -71"><span class='ocrx_word' id='word_1_385' title='bbox 700 1288 841 1415; x_wconf 60' lang='lat' dir='ltr'>precipue</span> <span class='ocrx_word' id='word_1_386' title='bbox 870 1289 1012 1356; x_wconf 85' lang='lat' dir='ltr'>monialis,</span> <span class='ocrx_word' id='word_1_387' title='bbox 1040 1289 1185 1345; x_wconf 89' lang='lat' dir='ltr'>rarissime</span> <span class='ocrx_word' id='word_1_388' title='bbox 1209 1289 1299 1346; x_wconf 87' lang='lat' dir='ltr'>debet</span> 
     </span>
     <span class='ocr_line' id='line_1_70' title="bbox 712 1360 1296 1431; baseline 0.002 -15"><span class='ocrx_word' id='word_1_389' title='bbox 712 1360 788 1431; x_wconf 82' lang='lat' dir='ltr'>oqui,</span> <span class='ocrx_word' id='word_1_390' title='bbox 817 1360 871 1416; x_wconf 89' lang='lat' dir='ltr'>nisi</span> <span class='ocrx_word' id='word_1_391' title='bbox 894 1361 938 1416; x_wconf 82' lang='lat' dir='ltr'>vel</span> <span class='ocrx_word' id='word_1_392' title='bbox 964 1377 1028 1417; x_wconf 87' lang='lat' dir='ltr'>cum</span> <span class='ocrx_word' id='word_1_393' title='bbox 1043 1361 1161 1431; x_wconf 81' lang='lat' dir='ltr'>Angelo,</span> <span class='ocrx_word' id='word_1_394' title='bbox 1183 1360 1213 1416; x_wconf 90' lang='lat' dir='ltr'>id</span> <span class='ocrx_word' id='word_1_395' title='bbox 1237 1366 1296 1431; x_wconf 89' lang='lat' dir='ltr'>est,</span> 
     </span>
     <span class='ocr_line' id='line_1_71' title="bbox 699 1432 1297 1504; baseline 0.007 -19"><span class='ocrx_word' id='word_1_396' title='bbox 699 1448 765 1488; x_wconf 90' lang='lat' dir='ltr'>cum</span> <span class='ocrx_word' id='word_1_397' title='bbox 775 1432 903 1503; x_wconf 86' lang='lat' dir='ltr'>angelico</span> <span class='ocrx_word' id='word_1_398' title='bbox 919 1434 1076 1497; x_wconf 85' lang='lat' dir='ltr'>sacerdote,</span> <span class='ocrx_word' id='word_1_399' title='bbox 1090 1432 1156 1504; x_wconf 87' lang='lat' dir='ltr'>quia</span> <span class='ocrx_word' id='word_1_400' title='bbox 1168 1432 1297 1503; x_wconf 80' lang='lat' dir='ltr'>ilngelus</span> 
     </span>
     <span class='ocr_line' id='line_1_72' title="bbox 699 1502 1299 1570; baseline 0.002 -11"><span class='ocrx_word' id='word_1_401' title='bbox 699 1502 811 1559; x_wconf 88' lang='lat' dir='ltr'>Domini</span> <span class='ocrx_word' id='word_1_402' title='bbox 832 1503 1005 1560; x_wconf 80' lang='lat' dir='ltr'>exercituum</span> <span class='ocrx_word' id='word_1_403' title='bbox 1029 1512 1072 1562; x_wconf 89' lang='lat' dir='ltr'>est</span> <span class='ocrx_word' id='word_1_404' title='bbox 1096 1503 1241 1570; x_wconf 81' lang='lat' dir='ltr'>sacerdos,</span> <span class='ocrx_word' id='word_1_405' title='bbox 1267 1509 1299 1560; x_wconf 88' lang='lat' dir='ltr'>et</span> 
     </span>
     <span class='ocr_line' id='line_1_73' title="bbox 698 1574 1298 1639; baseline 0.003 -9"><span class='ocrx_word' id='word_1_406' title='bbox 698 1575 753 1631; x_wconf 89' lang='lat' dir='ltr'>hoc</span> <span class='ocrx_word' id='word_1_407' title='bbox 778 1574 808 1630; x_wconf 91' lang='lat' dir='ltr'>in</span> <span class='ocrx_word' id='word_1_408' title='bbox 828 1575 1023 1639; x_wconf 80' lang='lat' dir='ltr'>coiilessiono;</span> <span class='ocrx_word' id='word_1_409' title='bbox 1045 1577 1088 1632; x_wconf 83' lang='lat' dir='ltr'>iel</span> <span class='ocrx_word' id='word_1_410' title='bbox 1111 1590 1174 1631; x_wconf 86' lang='lat' dir='ltr'>cuin</span> <span class='ocrx_word' id='word_1_411' title='bbox 1194 1581 1298 1632; x_wconf 87' lang='lat' dir='ltr'>sancta</span> 
     </span>
     <span class='ocr_line' id='line_1_74' title="bbox 699 1645 1299 1714; baseline 0.003 -13"><span class='ocrx_word' id='word_1_412' title='bbox 699 1645 856 1713; x_wconf 86' lang='lat' dir='ltr'>Elisabeth,</span> <span class='ocrx_word' id='word_1_413' title='bbox 874 1645 902 1701; x_wconf 91' lang='lat' dir='ltr'>id</span> <span class='ocrx_word' id='word_1_414' title='bbox 918 1652 960 1702; x_wconf 87' lang='lat' dir='ltr'>est</span> <span class='ocrx_word' id='word_1_415' title='bbox 975 1663 1037 1703; x_wconf 91' lang='lat' dir='ltr'>cuin</span> <span class='ocrx_word' id='word_1_416' title='bbox 1053 1647 1158 1714; x_wconf 79' lang='lat' dir='ltr'>uetula,</span> <span class='ocrx_word' id='word_1_417' title='bbox 1176 1645 1221 1701; x_wconf 78' lang='lat' dir='ltr'>iel</span> <span class='ocrx_word' id='word_1_418' title='bbox 1237 1645 1299 1703; x_wconf 87' lang='lat' dir='ltr'>alia</span> 
     </span>
     <span class='ocr_line' id='line_1_75' title="bbox 699 1716 1298 1785; baseline 0.002 -13"><span class='ocrx_word' id='word_1_419' title='bbox 699 1722 811 1773; x_wconf 85' lang='lat' dir='ltr'>matura</span> <span class='ocrx_word' id='word_1_420' title='bbox 830 1722 859 1774; x_wconf 89' lang='lat' dir='ltr'>et</span> <span class='ocrx_word' id='word_1_421' title='bbox 883 1722 980 1774; x_wconf 86' lang='lat' dir='ltr'>sancta</span> <span class='ocrx_word' id='word_1_422' title='bbox 999 1719 1128 1785; x_wconf 88' lang='lat' dir='ltr'>mullere,</span> <span class='ocrx_word' id='word_1_423' title='bbox 1146 1723 1173 1773; x_wconf 88' lang='lat' dir='ltr'>et</span> <span class='ocrx_word' id='word_1_424' title='bbox 1193 1716 1298 1774; x_wconf 91' lang='lat' dir='ltr'>hocin</span> 
     </span>
     <span class='ocr_line' id='line_1_76' title="bbox 698 1787 1298 1858; baseline 0.003 -15"><span class='ocrx_word' id='word_1_425' title='bbox 698 1805 766 1845; x_wconf 88' lang='lat' dir='ltr'>rara</span> <span class='ocrx_word' id='word_1_426' title='bbox 780 1788 990 1858; x_wconf 86' lang='lat' dir='ltr'>consolatione;</span> <span class='ocrx_word' id='word_1_427' title='bbox 1006 1791 1049 1846; x_wconf 81' lang='lat' dir='ltr'>iel</span> <span class='ocrx_word' id='word_1_428' title='bbox 1067 1806 1129 1846; x_wconf 92' lang='lat' dir='ltr'>cum</span> <span class='ocrx_word' id='word_1_429' title='bbox 1145 1787 1215 1844; x_wconf 89' lang='lat' dir='ltr'>Filio</span> <span class='ocrx_word' id='word_1_430' title='bbox 1231 1789 1298 1857; x_wconf 87' lang='lat' dir='ltr'>Dei,</span> 
     </span>
     <span class='ocr_line' id='line_1_77' title="bbox 699 1860 1297 1926; baseline 0.005 -11"><span class='ocrx_word' id='word_1_431' title='bbox 699 1865 727 1915; x_wconf 91' lang='lat' dir='ltr'>et</span> <span class='ocrx_word' id='word_1_432' title='bbox 750 1860 852 1916; x_wconf 91' lang='lat' dir='ltr'>hocin</span> <span class='ocrx_word' id='word_1_433' title='bbox 873 1860 1001 1917; x_wconf 88' lang='lat' dir='ltr'>oratione</span> <span class='ocrx_word' id='word_1_434' title='bbox 1021 1868 1070 1918; x_wconf 86' lang='lat' dir='ltr'>aut</span> <span class='ocrx_word' id='word_1_435' title='bbox 1087 1861 1229 1926; x_wconf 88' lang='lat' dir='ltr'>lectione;</span> <span class='ocrx_word' id='word_1_436' title='bbox 1251 1862 1297 1918; x_wconf 81' lang='lat' dir='ltr'>iel</span> 
     </span>
     <span class='ocr_line' id='line_1_78' title="bbox 698 1929 1298 2001; baseline 0.003 -15"><span class='ocrx_word' id='word_1_437' title='bbox 698 1947 762 1987; x_wconf 89' lang='lat' dir='ltr'>cuin</span> <span class='ocrx_word' id='word_1_438' title='bbox 778 1931 916 1987; x_wconf 89' lang='lat' dir='ltr'>ministris</span> <span class='ocrx_word' id='word_1_439' title='bbox 932 1933 1067 2001; x_wconf 82' lang='lat' dir='ltr'>honestis,</span> <span class='ocrx_word' id='word_1_440' title='bbox 1085 1939 1113 1989; x_wconf 94' lang='lat' dir='ltr'>et</span> <span class='ocrx_word' id='word_1_441' title='bbox 1126 1934 1180 1988; x_wconf 92' lang='lat' dir='ltr'>hoc</span> <span class='ocrx_word' id='word_1_442' title='bbox 1195 1929 1226 1985; x_wconf 92' lang='lat' dir='ltr'>in</span> <span class='ocrx_word' id='word_1_443' title='bbox 1243 1947 1298 1988; x_wconf 89' lang='lat' dir='ltr'>ne-</span> 
     </span>
     <span class='ocr_line' id='line_1_79' title="bbox 699 2003 1104 2074; baseline 0.002 -15"><span class='ocrx_word' id='word_1_444' title='bbox 699 2003 887 2059; x_wconf 86' lang='lat' dir='ltr'>cessariorum</span> <span class='ocrx_word' id='word_1_445' title='bbox 903 2004 1104 2074; x_wconf 87' lang='lat' dir='ltr'>postulatione.</span> 
     </span>
    </p>

    <p class='ocr_par' dir='ltr' id='par_1_5' title="bbox 696 2075 1300 4367">
     <span class='ocr_line' id='line_1_80' title="bbox 738 2075 1299 2132; baseline 0.002 -1"><span class='ocrx_word' id='word_1_446' title='bbox 738 2098 766 2131; x_wconf 85' lang='lat' dir='ltr'>ii</span> <span class='ocrx_word' id='word_1_447' title='bbox 784 2075 908 2130; x_wconf 76' lang='lat' dir='ltr'>Giiioiitii</span> <span class='ocrx_word' id='word_1_448' title='bbox 924 2077 1074 2131; x_wconf 74' lang='lat' dir='ltr'>Enisiiiaru</span> <span class='ocrx_word' id='word_1_449' title='bbox 1091 2094 1123 2131; x_wconf 85' lang='lat' dir='ltr'>sr</span> <span class='ocrx_word' id='word_1_450' title='bbox 1136 2079 1243 2132; x_wconf 81' lang='lat' dir='ltr'>llinis.</span> <span class='ocrx_word' id='word_1_451' title='bbox 1260 2107 1299 2119; x_wconf 89' lang='lat'>—</span> 
     </span>
     <span class='ocr_line' id='line_1_81' title="bbox 700 2145 1299 2217; baseline 0.002 -15"><span class='ocrx_word' id='word_1_452' title='bbox 700 2145 856 2203; x_wconf 86' lang='lat' dir='ltr'>Considera</span> <span class='ocrx_word' id='word_1_453' title='bbox 885 2163 964 2217; x_wconf 83' lang='lat' dir='ltr'>ergo,</span> <span class='ocrx_word' id='word_1_454' title='bbox 991 2148 1134 2217; x_wconf 80' lang='lat' dir='ltr'>quomodo</span> <span class='ocrx_word' id='word_1_455' title='bbox 1161 2149 1299 2204; x_wconf 75' lang='lat' dir='ltr'>letantur</span> 
     </span>
     <span class='ocr_line' id='line_1_82' title="bbox 699 2218 1297 2276; baseline 0.002 -2"><span class='ocrx_word' id='word_1_456' title='bbox 699 2223 807 2274; x_wconf 89' lang='lat' dir='ltr'>matres</span> <span class='ocrx_word' id='word_1_457' title='bbox 834 2219 926 2274; x_wconf 73' lang='lat' dir='ltr'>ambae</span> <span class='ocrx_word' id='word_1_458' title='bbox 957 2235 963 2273; x_wconf 77' lang='grc' dir='ltr'><strong>ι</strong></span> <span class='ocrx_word' id='word_1_459' title='bbox 994 2218 1113 2275; x_wconf 90' lang='lat' dir='ltr'>laudant</span> <span class='ocrx_word' id='word_1_460' title='bbox 1140 2222 1231 2275; x_wconf 89' lang='lat' dir='ltr'>Deum</span> <span class='ocrx_word' id='word_1_461' title='bbox 1258 2219 1297 2276; x_wconf 92' lang='lat' dir='ltr'>de</span> 
     </span>
     <span class='ocr_line' id='line_1_83' title="bbox 699 2289 1298 2363; baseline 0.002 -17"><span class='ocrx_word' id='word_1_462' title='bbox 699 2295 819 2360; x_wconf 88' lang='lat' dir='ltr'>utraque</span> <span class='ocrx_word' id='word_1_463' title='bbox 833 2291 1030 2361; x_wconf 88' lang='lat' dir='ltr'>conceptione,</span> <span class='ocrx_word' id='word_1_464' title='bbox 1046 2296 1074 2346; x_wconf 88' lang='lat' dir='ltr'>et</span> <span class='ocrx_word' id='word_1_465' title='bbox 1088 2289 1116 2345; x_wconf 93' lang='lat' dir='ltr'>in</span> <span class='ocrx_word' id='word_1_466' title='bbox 1134 2290 1298 2363; x_wconf 87' lang='lat' dir='ltr'>gratiarum</span> 
     </span>
     <span class='ocr_line' id='line_1_84' title="bbox 699 2360 1297 2433; baseline 0.003 -17"><span class='ocrx_word' id='word_1_467' title='bbox 699 2360 812 2417; x_wconf 87' lang='lat' dir='ltr'>actione</span> <span class='ocrx_word' id='word_1_468' title='bbox 826 2361 1025 2429; x_wconf 85' lang='lat' dir='ltr'>consistentes,</span> <span class='ocrx_word' id='word_1_469' title='bbox 1041 2367 1129 2433; x_wconf 84' lang='lat' dir='ltr'>agunt</span> <span class='ocrx_word' id='word_1_470' title='bbox 1143 2361 1204 2418; x_wconf 90' lang='lat' dir='ltr'>dics</span> <span class='ocrx_word' id='word_1_471' title='bbox 1218 2361 1297 2418; x_wconf 82' lang='lat' dir='ltr'>laeti·</span> 
     </span>
     <span class='ocr_line' id='line_1_85' title="bbox 699 2431 1300 2505; baseline 0.003 -18"><span class='ocrx_word' id='word_1_472' title='bbox 699 2431 755 2488; x_wconf 78' lang='lat' dir='ltr'>tia.</span> <span class='ocrx_word' id='word_1_473' title='bbox 773 2432 901 2502; x_wconf 85' lang='lat' dir='ltr'>analis</span> <span class='ocrx_word' id='word_1_474' title='bbox 913 2432 1025 2502; x_wconf 91' lang='lat' dir='ltr'>domus,</span> <span class='ocrx_word' id='word_1_475' title='bbox 1037 2432 1082 2489; x_wconf 91' lang='lat' dir='ltr'>nbi</span> <span class='ocrx_word' id='word_1_476' title='bbox 1098 2433 1203 2505; x_wconf 87' lang='lat' dir='ltr'>pariter</span> <span class='ocrx_word' id='word_1_477' title='bbox 1218 2449 1300 2490; x_wconf 89' lang='lat' dir='ltr'>com·</span> 
     </span>
     <span class='ocr_line' id='line_1_86' title="bbox 699 2503 1296 2576; baseline 0.003 -17"><span class='ocrx_word' id='word_1_478' title='bbox 699 2509 848 2560; x_wconf 88' lang='lat' dir='ltr'>morantur</span> <span class='ocrx_word' id='word_1_479' title='bbox 860 2512 888 2560; x_wconf 85' lang='lat' dir='ltr'>et</span> <span class='ocrx_word' id='word_1_480' title='bbox 901 2503 1082 2575; x_wconf 87' lang='lat' dir='ltr'>requiescunt</span> <span class='ocrx_word' id='word_1_481' title='bbox 1090 2505 1161 2560; x_wconf 87' lang='lat' dir='ltr'>tales</span> <span class='ocrx_word' id='word_1_482' title='bbox 1174 2509 1296 2576; x_wconf 76' lang='lat' dir='ltr'>matreS,</span> 
     </span>
     <span class='ocr_line' id='line_1_87' title="bbox 699 2574 1296 2644; baseline 0.005 -14"><span class='ocrx_word' id='word_1_483' title='bbox 699 2574 807 2632; x_wconf 89' lang='lat' dir='ltr'>scilicet</span> <span class='ocrx_word' id='word_1_484' title='bbox 837 2575 925 2631; x_wconf 88' lang='lat' dir='ltr'>llaria</span> <span class='ocrx_word' id='word_1_485' title='bbox 953 2581 982 2631; x_wconf 91' lang='lat' dir='ltr'>ot</span> <span class='ocrx_word' id='word_1_486' title='bbox 1011 2576 1164 2644; x_wconf 88' lang='lat' dir='ltr'>Elisabeth,</span> <span class='ocrx_word' id='word_1_487' title='bbox 1186 2575 1296 2633; x_wconf 89' lang='lat' dir='ltr'>talibus</span> 
     </span>
     <span class='ocr_line' id='line_1_88' title="bbox 699 2645 1298 2709; baseline 0.005 -8"><span class='ocrx_word' id='word_1_488' title='bbox 699 2645 776 2709; x_wconf 77' lang='lat' dir='ltr'>tiliis.</span> <span class='ocrx_word' id='word_1_489' title='bbox 805 2646 912 2702; x_wconf 89' lang='lat' dir='ltr'>scilicet</span> <span class='ocrx_word' id='word_1_490' title='bbox 936 2647 1004 2703; x_wconf 87' lang='lat' dir='ltr'>lesu</span> <span class='ocrx_word' id='word_1_491' title='bbox 1023 2652 1052 2703; x_wconf 89' lang='lat' dir='ltr'>et</span> <span class='ocrx_word' id='word_1_492' title='bbox 1069 2650 1180 2704; x_wconf 83' lang='lat' dir='ltr'>loanne</span> <span class='ocrx_word' id='word_1_493' title='bbox 1198 2648 1298 2704; x_wconf 90' lang='lat' dir='ltr'>tecun-</span> 
     </span>
     <span class='ocr_line' id='line_1_89' title="bbox 699 2717 1296 2776; baseline 0.003 -2"><span class='ocrx_word' id='word_1_494' title='bbox 699 2718 786 2774; x_wconf 79' lang='lat' dir='ltr'>uacet</span> <span class='ocrx_word' id='word_1_495' title='bbox 805 2717 863 2774; x_wconf 89' lang='lat' dir='ltr'>Osi</span> <span class='ocrx_word' id='word_1_496' title='bbox 880 2734 942 2774; x_wconf 93' lang='lat' dir='ltr'>cum</span> <span class='ocrx_word' id='word_1_497' title='bbox 961 2720 1079 2774; x_wconf 84' lang='lat' dir='ltr'>Domina</span> <span class='ocrx_word' id='word_1_498' title='bbox 1096 2725 1146 2774; x_wconf 90' lang='lat' dir='ltr'>tua</span> <span class='ocrx_word' id='word_1_499' title='bbox 1162 2718 1191 2774; x_wconf 89' lang='lat' dir='ltr'>in</span> <span class='ocrx_word' id='word_1_500' title='bbox 1209 2735 1296 2776; x_wconf 92' lang='lat' dir='ltr'>mon·</span> 
     </span>
     <span class='ocr_line' id='line_1_90' title="bbox 698 2788 1298 2861; baseline 0.007 -17"><span class='ocrx_word' id='word_1_501' title='bbox 698 2795 767 2845; x_wconf 86' lang='lat' dir='ltr'>tana</span> <span class='ocrx_word' id='word_1_502' title='bbox 781 2805 880 2861; x_wconf 84' lang='lat' dir='ltr'>posses</span> <span class='ocrx_word' id='word_1_503' title='bbox 895 2789 1100 2858; x_wconf 88' lang='lat' dir='ltr'>conscendcrc;</span> <span class='ocrx_word' id='word_1_504' title='bbox 1114 2789 1136 2845; x_wconf 91' lang='lat' dir='ltr'>si</span> <span class='ocrx_word' id='word_1_505' title='bbox 1149 2788 1257 2848; x_wconf 89' lang='lat' dir='ltr'>sterilis</span> <span class='ocrx_word' id='word_1_506' title='bbox 1268 2796 1298 2848; x_wconf 86' lang='lat' dir='ltr'>et</span> 
     </span>
     <span class='ocr_line' id='line_1_91' title="bbox 699 2860 1298 2932; baseline 0.005 -16"><span class='ocrx_word' id='word_1_507' title='bbox 699 2860 823 2932; x_wconf 87' lang='lat' dir='ltr'>Virginis</span> <span class='ocrx_word' id='word_1_508' title='bbox 836 2860 934 2916; x_wconf 89' lang='lat' dir='ltr'>matris</span> <span class='ocrx_word' id='word_1_509' title='bbox 947 2878 1062 2919; x_wconf 81' lang='lat' dir='ltr'>suavem</span> <span class='ocrx_word' id='word_1_510' title='bbox 1075 2861 1201 2918; x_wconf 89' lang='lat' dir='ltr'>contueri</span> <span class='ocrx_word' id='word_1_511' title='bbox 1217 2878 1298 2919; x_wconf 89' lang='lat' dir='ltr'>com·</span> 
     </span>
     <span class='ocr_line' id='line_1_92' title="bbox 698 2932 1295 3006; baseline 0.002 -17"><span class='ocrx_word' id='word_1_512' title='bbox 698 2933 824 3004; x_wconf 82' lang='lat' dir='ltr'>plexum,</span> <span class='ocrx_word' id='word_1_513' title='bbox 845 2937 873 2989; x_wconf 90' lang='lat' dir='ltr'>et</span> <span class='ocrx_word' id='word_1_514' title='bbox 887 2932 1051 2990; x_wconf 75' lang='lat' dir='ltr'>salvationis</span> <span class='ocrx_word' id='word_1_515' title='bbox 1065 2932 1206 3002; x_wconf 75' lang='lat' dir='ltr'>officium,</span> <span class='ocrx_word' id='word_1_516' title='bbox 1223 2939 1295 3006; x_wconf 91' lang='lat' dir='ltr'>puto</span> 
     </span>
     <span class='ocr_line' id='line_1_93' title="bbox 700 3009 1296 3087; baseline 0.002 -29"><span class='ocrx_word' id='word_1_517' title='bbox 700 3018 775 3076; x_wconf 79' lang='lat' dir='ltr'>qnod</span> <span class='ocrx_word' id='word_1_518' title='bbox 789 3010 929 3061; x_wconf 81' lang='lat' dir='ltr'>canticum</span> <span class='ocrx_word' id='word_1_519' title='bbox 947 3010 1014 3060; x_wconf 83' lang='lat' dir='ltr'>illud</span> <span class='ocrx_word' id='word_1_520' title='bbox 1030 3022 1142 3061; x_wconf 87' lang='lat' dir='ltr'>sacrum</span> <span class='ocrx_word' id='word_1_521' title='bbox 1160 3009 1296 3087; x_wconf 61' lang='grc' dir='ltr'>Μαριάμ-</span> 
     </span>
     <span class='ocr_line' id='line_1_94' title="bbox 700 3078 1297 3138; baseline 0 -10"><span class='ocrx_word' id='word_1_522' title='bbox 700 3082 743 3130; x_wconf 86' lang='lat' dir='ltr'>cul</span> <span class='ocrx_word' id='word_1_523' title='bbox 758 3078 807 3127; x_wconf 81' lang='lat' dir='ltr'>iiiii</span> <span class='ocrx_word' id='word_1_524' title='bbox 811 3093 851 3127; x_wconf 71' lang='lat' dir='ltr'>iiiii</span> <span class='ocrx_word' id='word_1_525' title='bbox 866 3093 924 3128; x_wconf 78' lang='lat' dir='ltr'>meu</span> <span class='ocrx_word' id='word_1_526' title='bbox 941 3080 961 3129; x_wconf 90' lang='lat' dir='ltr'>ll</span> <span class='ocrx_word' id='word_1_527' title='bbox 971 3081 1093 3138; x_wconf 76' lang='lat' dir='ltr'>imiiium,</span> <span class='ocrx_word' id='word_1_528' title='bbox 1110 3091 1172 3131; x_wconf 72' lang='lat' dir='ltr'>cciiii</span> <span class='ocrx_word' id='word_1_529' title='bbox 1190 3078 1297 3132; x_wconf 82' lang='lat' dir='ltr'>beatis·</span> 
     </span>
     <span class='ocr_line' id='line_1_95' title="bbox 700 3145 1296 3218; baseline 0.005 -16"><span class='ocrx_word' id='word_1_530' title='bbox 700 3146 773 3202; x_wconf 81' lang='lat' dir='ltr'>sima</span> <span class='ocrx_word' id='word_1_531' title='bbox 787 3145 914 3218; x_wconf 83' lang='lat' dir='ltr'>Virgine.</span> <span class='ocrx_word' id='word_1_532' title='bbox 930 3145 1008 3203; x_wconf 90' lang='lat' dir='ltr'>suavi</span> <span class='ocrx_word' id='word_1_533' title='bbox 1022 3163 1084 3204; x_wconf 87' lang='lat' dir='ltr'>cum</span> <span class='ocrx_word' id='word_1_534' title='bbox 1099 3146 1296 3205; x_wconf 88' lang='lat' dir='ltr'>modulatione</span> 
     </span>
     <span class='ocr_line' id='line_1_96' title="bbox 699 3217 1297 3290; baseline 0.003 -17"><span class='ocrx_word' id='word_1_535' title='bbox 699 3217 875 3286; x_wconf 89' lang='lat' dir='ltr'>concineres,</span> <span class='ocrx_word' id='word_1_536' title='bbox 886 3218 1047 3290; x_wconf 88' lang='lat' dir='ltr'>mirumque</span> <span class='ocrx_word' id='word_1_537' title='bbox 1057 3223 1227 3290; x_wconf 88' lang='lat' dir='ltr'>conceptum</span> <span class='ocrx_word' id='word_1_538' title='bbox 1239 3218 1297 3275; x_wconf 79' lang='lat' dir='ltr'>vir-</span> 
     </span>
     <span class='ocr_line' id='line_1_97' title="bbox 699 3289 1295 3363; baseline 0.005 -18"><span class='ocrx_word' id='word_1_539' title='bbox 699 3289 826 3361; x_wconf 88' lang='lat' dir='ltr'>gineum,</span> <span class='ocrx_word' id='word_1_540' title='bbox 850 3305 991 3346; x_wconf 90' lang='lat' dir='ltr'>unacum</span> <span class='ocrx_word' id='word_1_541' title='bbox 1016 3291 1155 3362; x_wconf 88' lang='lat' dir='ltr'>propbeta</span> <span class='ocrx_word' id='word_1_542' title='bbox 1173 3290 1295 3363; x_wconf 88' lang='lat' dir='ltr'>parvulo</span> 
     </span>
     <span class='ocr_line' id='line_1_98' title="bbox 699 3360 1297 3432; baseline 0.002 -14"><span class='ocrx_word' id='word_1_543' title='bbox 699 3361 842 3418; x_wconf 82' lang='lat' dir='ltr'>exsultans</span> <span class='ocrx_word' id='word_1_544' title='bbox 856 3366 885 3416; x_wconf 92' lang='lat' dir='ltr'>ct</span> <span class='ocrx_word' id='word_1_545' title='bbox 895 3360 1032 3432; x_wconf 88' lang='lat' dir='ltr'>jubilans,</span> <span class='ocrx_word' id='word_1_546' title='bbox 1049 3362 1198 3419; x_wconf 75' lang='lat' dir='ltr'>adorares!</span> <span class='ocrx_word' id='word_1_547' title='bbox 1212 3362 1297 3419; x_wconf 87' lang='lat' dir='ltr'>Unde</span> 
     </span>
     <span class='ocr_line' id='line_1_99' title="bbox 699 3432 1297 3491; baseline 0.003 -2"><span class='ocrx_word' id='word_1_548' title='bbox 699 3434 846 3489; x_wconf 81' lang='lat' dir='ltr'>Anselmus</span> <span class='ocrx_word' id='word_1_549' title='bbox 862 3432 897 3488; x_wconf 92' lang='lat' dir='ltr'>ad</span> <span class='ocrx_word' id='word_1_550' title='bbox 919 3448 1045 3488; x_wconf 84' lang='lat' dir='ltr'>sororem</span> <span class='ocrx_word' id='word_1_551' title='bbox 1067 3449 1148 3490; x_wconf 89' lang='lat' dir='ltr'>suam</span> <span class='ocrx_word' id='word_1_552' title='bbox 1173 3450 1214 3489; x_wconf 78' lang='lat' dir='ltr'>t«</span> <span class='ocrx_word' id='word_1_553' title='bbox 1227 3435 1297 3491; x_wconf 84' lang='lat' dir='ltr'>dam</span> 
     </span>
     <span class='ocr_line' id='line_1_100' title="bbox 699 3503 1296 3562; baseline 0.002 -1"><span class='ocrx_word' id='word_1_554' title='bbox 699 3519 763 3562; x_wconf 87' lang='lat' dir='ltr'>cum</span> <span class='ocrx_word' id='word_1_555' title='bbox 784 3503 947 3560; x_wconf 88' lang='lat' dir='ltr'>dulcissima</span> <span class='ocrx_word' id='word_1_556' title='bbox 962 3503 1082 3560; x_wconf 80' lang='lat' dir='ltr'>[lomina</span> <span class='ocrx_word' id='word_1_557' title='bbox 1101 3510 1150 3561; x_wconf 90' lang='lat' dir='ltr'>tua</span> <span class='ocrx_word' id='word_1_558' title='bbox 1163 3503 1194 3560; x_wconf 89' lang='lat' dir='ltr'>in</span> <span class='ocrx_word' id='word_1_559' title='bbox 1211 3520 1296 3562; x_wconf 90' lang='lat' dir='ltr'>mon-</span> 
     </span>
     <span class='ocr_line' id='line_1_101' title="bbox 698 3574 1297 3658; baseline 0.002 -26"><span class='ocrx_word' id='word_1_560' title='bbox 698 3581 766 3633; x_wconf 83' lang='lat' dir='ltr'>tana</span> <span class='ocrx_word' id='word_1_561' title='bbox 789 3575 971 3632; x_wconf 90' lang='lat' dir='ltr'>conscende:</span> <span class='ocrx_word' id='word_1_562' title='bbox 993 3575 1097 3632; x_wconf 91' lang='lat' dir='ltr'>sterilis</span> <span class='ocrx_word' id='word_1_563' title='bbox 1118 3582 1146 3633; x_wconf 93' lang='lat' dir='ltr'>et</span> <span class='ocrx_word' id='word_1_564' title='bbox 1168 3574 1297 3658; x_wconf 86' lang='lat' dir='ltr'>Virginis</span> 
     </span>
     <span class='ocr_line' id='line_1_102' title="bbox 698 3647 1295 3719; baseline 0.002 -16"><span class='ocrx_word' id='word_1_565' title='bbox 698 3647 810 3703; x_wconf 90' lang='lat' dir='ltr'>intuere</span> <span class='ocrx_word' id='word_1_566' title='bbox 837 3647 1025 3719; x_wconf 84' lang='lat' dir='ltr'>complexum,</span> <span class='ocrx_word' id='word_1_567' title='bbox 1054 3652 1084 3705; x_wconf 89' lang='lat' dir='ltr'>et</span> <span class='ocrx_word' id='word_1_568' title='bbox 1114 3647 1295 3704; x_wconf 76' lang='lat' dir='ltr'>salutationis</span> 
     </span>
     <span class='ocr_line' id='line_1_103' title="bbox 698 3717 1293 3791; baseline 0 -15"><span class='ocrx_word' id='word_1_569' title='bbox 698 3718 834 3787; x_wconf 84' lang='lat' dir='ltr'>officium,</span> <span class='ocrx_word' id='word_1_570' title='bbox 855 3717 885 3773; x_wconf 95' lang='lat' dir='ltr'>in</span> <span class='ocrx_word' id='word_1_571' title='bbox 908 3734 964 3791; x_wconf 89' lang='lat' dir='ltr'>quo</span> <span class='ocrx_word' id='word_1_572' title='bbox 981 3720 1110 3776; x_wconf 88' lang='lat' dir='ltr'>servulus</span> <span class='ocrx_word' id='word_1_573' title='bbox 1128 3718 1293 3790; x_wconf 88' lang='lat' dir='ltr'>Dominum,</span> 
     </span>
     <span class='ocr_line' id='line_1_104' title="bbox 697 3789 1294 3862; baseline 0.007 -17"><span class='ocrx_word' id='word_1_574' title='bbox 697 3805 792 3861; x_wconf 82' lang='lat' dir='ltr'>praeco</span> <span class='ocrx_word' id='word_1_575' title='bbox 808 3789 947 3862; x_wconf 89' lang='lat' dir='ltr'>judicem,</span> <span class='ocrx_word' id='word_1_576' title='bbox 974 3806 1028 3847; x_wconf 84' lang='lat' dir='ltr'>vox</span> <span class='ocrx_word' id='word_1_577' title='bbox 1054 3792 1190 3857; x_wconf 92' lang='lat' dir='ltr'>Verbum,</span> <span class='ocrx_word' id='word_1_578' title='bbox 1216 3789 1294 3849; x_wconf 87' lang='lat' dir='ltr'>inter</span> 
     </span>
     <span class='ocr_line' id='line_1_105' title="bbox 698 3860 1295 3944; baseline 0.002 -26"><span class='ocrx_word' id='word_1_579' title='bbox 698 3861 785 3918; x_wconf 84' lang='lat' dir='ltr'>anilia</span> <span class='ocrx_word' id='word_1_580' title='bbox 807 3860 916 3917; x_wconf 87' lang='lat' dir='ltr'>viscora</span> <span class='ocrx_word' id='word_1_581' title='bbox 937 3863 1099 3934; x_wconf 91' lang='lat' dir='ltr'>conclusus,</span> <span class='ocrx_word' id='word_1_582' title='bbox 1120 3864 1148 3919; x_wconf 91' lang='lat' dir='ltr'>in</span> <span class='ocrx_word' id='word_1_583' title='bbox 1167 3860 1295 3944; x_wconf 82' lang='lat' dir='ltr'>Virginis</span> 
     </span>
     <span class='ocr_line' id='line_1_106' title="bbox 698 3931 1294 4016; baseline 0 -27"><span class='ocrx_word' id='word_1_584' title='bbox 698 3937 779 3989; x_wconf 91' lang='lat' dir='ltr'>utero</span> <span class='ocrx_word' id='word_1_585' title='bbox 801 3931 928 3989; x_wconf 89' lang='lat' dir='ltr'>clausum</span> <span class='ocrx_word' id='word_1_586' title='bbox 950 3936 1076 4016; x_wconf 86' lang='lat' dir='ltr'>agnovit,</span> <span class='ocrx_word' id='word_1_587' title='bbox 1103 3939 1131 3991; x_wconf 92' lang='lat' dir='ltr'>ct</span> <span class='ocrx_word' id='word_1_588' title='bbox 1152 3932 1294 3990; x_wconf 87' lang='lat' dir='ltr'>indicibili</span> 
     </span>
     <span class='ocr_line' id='line_1_107' title="bbox 698 4002 1294 4077; baseline 0 -16"><span class='ocrx_word' id='word_1_589' title='bbox 698 4002 801 4076; x_wconf 90' lang='lat' dir='ltr'>gaudio</span> <span class='ocrx_word' id='word_1_590' title='bbox 816 4005 1005 4077; x_wconf 83' lang='lat' dir='ltr'>prophetavit.</span> <span class='ocrx_word' id='word_1_591' title='bbox 1022 4007 1100 4063; x_wconf 90' lang='lat' dir='ltr'>Beati</span> <span class='ocrx_word' id='word_1_592' title='bbox 1118 4010 1243 4075; x_wconf 84' lang='lat' dir='ltr'>ventres,</span> <span class='ocrx_word' id='word_1_593' title='bbox 1260 4003 1294 4061; x_wconf 89' lang='lat' dir='ltr'>in</span> 
     </span>
     <span class='ocr_line' id='line_1_108' title="bbox 698 4075 1292 4148; baseline 0 -16"><span class='ocrx_word' id='word_1_594' title='bbox 698 4075 801 4148; x_wconf 88' lang='lat' dir='ltr'>quibus</span> <span class='ocrx_word' id='word_1_595' title='bbox 816 4077 908 4132; x_wconf 83' lang='lat' dir='ltr'>&#39;totius</span> <span class='ocrx_word' id='word_1_596' title='bbox 929 4076 1028 4133; x_wconf 91' lang='lat' dir='ltr'>mundi</span> <span class='ocrx_word' id='word_1_597' title='bbox 1052 4078 1130 4135; x_wconf 88' lang='lat' dir='ltr'>salus</span> <span class='ocrx_word' id='word_1_598' title='bbox 1152 4076 1292 4144; x_wconf 82' lang='lat' dir='ltr'>exoritur,</span> 
     </span>
     <span class='ocr_line' id='line_1_109' title="bbox 696 4146 1293 4275; baseline -0.002 -71"><span class='ocrx_word' id='word_1_599' title='bbox 696 4147 842 4275; x_wconf 65' lang='lat' dir='ltr'>pulsisque</span> <span class='ocrx_word' id='word_1_600' title='bbox 869 4148 991 4205; x_wconf 71' lang='lat' dir='ltr'>tristitie</span> <span class='ocrx_word' id='word_1_601' title='bbox 1019 4148 1155 4219; x_wconf 89' lang='lat' dir='ltr'>tenebris,</span> <span class='ocrx_word' id='word_1_602' title='bbox 1185 4146 1293 4221; x_wconf 88' lang='lat' dir='ltr'>sempi-</span> 
     </span>
     <span class='ocr_line' id='line_1_110' title="bbox 710 4217 1293 4292; baseline 0.003 -17"><span class='ocrx_word' id='word_1_603' title='bbox 710 4234 780 4275; x_wconf 87' lang='lat' dir='ltr'>erna</span> <span class='ocrx_word' id='word_1_604' title='bbox 803 4217 904 4275; x_wconf 74' lang='lat' dir='ltr'>laetitia</span> <span class='ocrx_word' id='word_1_605' title='bbox 925 4220 1128 4292; x_wconf 83' lang='lat' dir='ltr'>prophetaturi</span> <span class='ocrx_word' id='word_1_606' title='bbox 1154 4222 1293 4289; x_wconf 75' lang='lat' dir='ltr'>decurre,</span> 
     </span>
     <span class='ocr_line' id='line_1_111' title="bbox 697 4290 1295 4367; baseline 0.007 -20"><span class='ocrx_word' id='word_1_607' title='bbox 697 4305 805 4364; x_wconf 87' lang='lat' dir='ltr'>quaeso,</span> <span class='ocrx_word' id='word_1_608' title='bbox 821 4306 947 4362; x_wconf 86' lang='lat' dir='ltr'>accurre,</span> <span class='ocrx_word' id='word_1_609' title='bbox 969 4290 1056 4350; x_wconf 89' lang='lat' dir='ltr'>tantis</span> <span class='ocrx_word' id='word_1_610' title='bbox 1074 4290 1187 4367; x_wconf 89' lang='lat' dir='ltr'>gaudiis</span> <span class='ocrx_word' id='word_1_611' title='bbox 1200 4290 1295 4351; x_wconf 83' lang='lat' dir='ltr'>admi·</span> 
     </span>
    </p>
   </div>
   <div class='ocr_carea' id='block_1_5' title="bbox 0 0 1400 4912">
    <p class='ocr_par' dir='ltr' id='par_1_6' title="bbox 0 0 1400 4912">
     <span class='ocr_line' id='line_1_112' title="bbox 0 0 1400 4912; baseline 0 1"><span class='ocrx_word' id='word_1_612' title='bbox 0 0 1400 4912; x_wconf 95' lang='lat' dir='ltr'> </span> 
     </span>
    </p>
   </div>
  </div>
 </body>
</html>
