2790 4912
355 379 396 432 Dii
425 379 705 436 substitutioni
735 383 856 438 nouis!
885 383 917 435 li
944 380 1116 435 reiltun.
1312 379 1352 432 101

143 483 265 554 montium,
282 490 312 542 et
332 485 363 541 in
385 486 596 544 summitatibus
618 490 701 546 arbo·

135 565 198 625 run,
208 555 381 628 trequentior
400 555 442 613 illi
455 557 633 617 conversatio
648 565 702 629 est,

133 625 235 707 ntpnod
246 625 289 683 iel
300 626 423 685 maxime
431 627 608 700 propositum
620 630 702 704 pudi-

122 703 194 779 eiua
213 697 304 768 decet,
324 698 428 756 doceat
445 715 498 756 nos
517 705 633 758 terrena
652 702 702 759 de·

111 778 140 821 ε
160 784 236 839 icere,
255 774 284 827 et
309 785 408 828 amare
432 770 560 829 coelestie
576 789 583 828 ε
602 793 617 823 »
641 773 703 831 haec

240 856 282 897 ue.

156 911 310 969 tsiiinoiiis
318 928 447 970 auocioii.
461 943 497 956 -
508 916 545 970 st
556 930 613 971 ecce
625 916 703 972 tomo

94 987 179 1060 prot
190 984 221 1038 iri
237 985 400 1048 Jerusalem,
416 986 462 1041 oui
474 1000 570 1042 uomere
582 987 701 1051 Simeon,

88 1058 190 1110 niter
202 1054 366 1112 sacerdotes
381 1055 507 1113 famosus
525 1060 554 1112 et
573 1056 702 1114 nomina·

81 1125 177 1192 tns3
193 1130 223 1207 et
234 1127 313 1182 uuo
327 1129 379 1208 iate
391 1127 487 1213 justus
501 1133 562 1185 erat
578 1127 609 1210 ip
624 1127 702 1185 omni

76 1197 702 1350 &iiiitiiiiii‘lilittitii

68 1337 150 1393 ad
173 1353 347 1411 proximum,
372 1344 402 1396 et
432 1339 582 1398 timoratus
608 1341 703 1413 quoad

68 1405 213 1492 Deum,
222 1409 291 1492 quia
301 1409 418 1468 difficile
426 1411 537 1483 justitia
551 1411 612 1470 sine
623 1418 702 1470 casto

75 1485 144 1561 qt
164 1480 245 1537 filiali
266 1487 370 1538 timore
389 1482 500 1539 Domini
521 1484 700 1541 custoditur:

75 1552 200 1608 timor
220 1551 299 1610 enim
325 1551 449 1623 Domini,
466 1554 584 1626 justitiae
607 1560 636 1612 et
660 1571 704 1612 oe·

75 1624 240 1679 terarum
263 1623 400 1680 virtutum
428 1630 523 1682 custos
547 1631 610 1696 est,
636 1628 704 1709 quia

84 1694 325 1765 quantojustus
336 1695 483 1753 ardentius
496 1698 584 1754 Dauni
600 1696 702 1769 diligit,

73 1763 193 1821 tanto
215 1765 364 1834 solertius,
378 1765 460 1823 illum
483 1769 631 1825 oilendere
654 1784 701 1825 ca-

80 1841 169 1892 *et
183 1835 301 1919 Illorum
315 1837 391 1894 enim
406 1838 603 1908 operationem
616 1841 703 1896 coini-

77 1906 190 1988 latur
207 1911 331 1979 Jushtia,
347 1924 468 1980 qnorum
487 1917 597 1967 mentes
617 1910 703 1967 timor

77 1972 164 2060 liei
176 1977 332 2049 illuminat,
344 1985 467 2037 testante
479 1981 639 2051 Psalmista,
654 1981 701 2054 qui

103 2053 179 2105 ait:
200 2052 303 2106 Beatus
321 2054 366 2106 oir
383 2054 433 2122 put
451 2056 527 2109 timet
546 2057 700 2118 Dominum,

102 2124 191 2189 «etc.;
216 2126 246 2178 et
272 2122 434 2192 Salomone,
457 2124 505 2195 qui
531 2123 599 2180 dicit
623 2125 703 2191 :Qui

97 2194 192 2273 {inei
216 2196 313 2258 Deum,
331 2195 404 2249 nibil
425 2198 555 2276 neplipit.
576 2196 610 2251 Et
631 2196 702 2252 bene

128 2268 204 2320 ustus
230 2268 308 2334 erat;
329 2264 366 2321 ad
386 2280 544 2336 proximum
572 2282 602 2322 se
626 2271 702 2322 recte

152 2335 248 2404 bebai,
261 2334 328 2417 quia
342 2352 400 2392 non
415 2352 495 2393 suani
510 2337 701 2405 solummodo,

110 2404 162 2461 sed
180 2411 211 2463 et
230 2411 317 2464 totius
336 2407 431 2480 populi
451 2408 571 2464 salutem
592 2425 701 2480 qnaere-

117 2475 173 2545 bat,
196 2493 246 2533 eas
282 2483 360 2534 cteris
378 2482 588 2535 consolationem
605 2482 701 2543 lsrael,

116 2543 143 2603 in
165 2494 310 2630 desidgijo
334 2554 364 2605 et
381 2565 436 2630 'spe
462 2550 528 2607 boni
559 2550 701 2621 promissi,

117 2619 701 2701 quoadtldeietspeirectitudinem,quam

116 2690 248 2747 habebat.
275 2693 397 2747 Minores
421 2692 535 2763 quidem
557 2698 701 2764 exspecta-

114 2759 180 2817 bant
192 2761 418 2845 consolationem
430 2764 626 2836 temporalem,
641 2780 703 2846 por-

114 2833 596 2959 Eromissumsalutisauctorem,ut
648 2834 702 2891 iab

137 2903 226 2960 erode
236 2919 304 2975 rege
315 2906 404 2975 pressi
418 2905 540 2972 inerant,
555 2906 583 2961 iii
597 2922 614 2961 a
636 2923 702 2962 ien-

114 2979 143 3031 tn
156 2973 315 3056 Salvatoris
334 2973 457 3045 liberati,
477 2976 701 3033 consolationem

114 3048 288 3128 acciperent.
305 3046 427 3118 ldajores
443 3064 521 3115 vero,
538 3051 569 3104 ut
588 3049 702 3104 Simeon

115 3120 141 3173 et
154 3117 333 3198 huiusmodi,
346 3121 432 3174 etiam
447 3118 623 3191 spiritualem
638 3135 704 3176 eon-

113 3186 295 3255 solationem,
311 3193 340 3244 et
361 3189 587 3262 redemptionem
606 3206 624 3246 a
642 3190 702 3246 dia·

114 3258 181 3315 bolo
197 3273 247 3340 exs
286 3259 410 3316 ctabant.
423 3260 584 3318 Consolatio
600 3260 703 3332 quippo

113 3329 214 3399 lsrael,
230 3346 239 3384 i
276 3334 332 3411 est,
345 3331 464 3387 videntis
479 3336 574 3395 Deum,
591 3332 703 3388 Domini

114 3400 256 3458 adventus
275 3417 306 3456 in
327 3417 413 3458 carne
433 3402 503 3472 tuit3
522 3403 611 3459 sancti
628 3403 704 3459 enini

113 3477 223 3544 patres,
240 3487 312 3542 quos
325 3480 418 3529 metus
434 3474 583 3546 originalis
597 3476 704 3546 peccati

114 3541 320 3624 commutabat,
348 3560 401 3671 pei]
429 3544 541 3602 Domini
570 3548 704 3602 lncarna·

114 3619 225 3671 tionem
259 3630 346 3671 conso
358 3632 401 3672 ari
434 3617 598 3673 credebant.
629 3619 706 3673 llaiic

115 3683 344 3766 consolationem
365 3687 489 3756 Simeon,
513 3687 560 3759 qui
581 3689 707 3744 obediens

115 3760 333 3828 interpretatur,
344 3761 535 3830 exspectabat,
548 3775 631 3830 quein
648 3775 707 3814 iiia-

115 3833 184 3885 tnra
207 3831 278 3883 aetas
300 3828 336 3884 de
358 3830 463 3885 mundo
486 3829 562 3886 exire
583 3829 706 3902 compel-

112 3898 210 3980 lebat-3
226 3902 322 3980 tamen
342 3906 458 3972 propter
476 3900 648 3958 desiderium
667 3899 707 3954 iii-

114 3967 204 4026 dendi
226 3969 388 4039 Dominum,
408 3971 542 4028 incarne
563 3973 706 4028 manebat.

112 4042 153 4098 Et
169 4040 293 4112 Spiritus
304 4042 441 4122 'Sanctus
462 4059 495 4099 ac
514 4043 708 4100 sanctificator

113 4126 149 4167 ex
176 4117 331 4184 praesentia
356 4113 458 4170 summi
484 4114 562 4182 boni,
591 4120 650 4170 erui
678 4116 708 4169 iii

112 4187 308 4265 acquantum
323 4183 359 4239 ad
374 4184 474 4256 gratiae
489 4185 706 4258 plenitudinem,

115 4255 709 4336 quampossidebat,quinoncolumhabuit

115 4331 242 4397 gratiam
253 4325 469 4398 justificantem,
483 4334 568 4401 proiit
581 4343 707 4385 commu-

762 489 838 547 niter
848 485 1155 559 habeturaJ'nstis,sed
1165 482 1251 539 etiam
1262 498 1354 555 quan·

764 566 823 618 tum
847 560 884 617 ad
908 556 1149 623 illuminationes,
1171 559 1200 612 et
1225 554 1354 610 consola-

762 630 856 689 tiones
895 628 1004 687 divinns
1039 626 1186 700 speciales.
1222 624 1354 681 Dicturus

763 699 942 775 Evangelista
951 701 986 757 de
998 699 1141 767 Simeone,
1153 695 1220 768 quia
1232 695 1354 768 Spiritus

762 774 952 831 Sanctuserat
961 771 1044 841 ineo,
1053 767 1276 844 praemisitquod
1290 771 1353 823 erat

759 845 853 917 justus
868 850 896 901 et
910 842 1070 924 timoratus,
1087 839 1220 913 quoniam
1236 838 1352 894 illorum

763 916 849 975 corda
873 918 948 973 Dens
973 914 1124 980 inhabitat,
1147 910 1194 984 qui
1220 909 1352 965 timentes

763 989 852 1045 Deum
859 985 999 1060 justitiam
1010 989 1134 1052 servant,
1144 981 1220 1038 unde
1230 980 1290 1053 ipse
1300 994 1353 1051 per

764 1059 934 1131 Prophetam
945 1055 1014 1113 dicit
1025 1074 1032 1111 :
1045 1057 1133 1127 Super
1142 1068 1221 1124 quem
1233 1054 1353 1122 quiescet

762 1132 886 1202 Spiritus
902 1144 987 1193 aiau,
1006 1129 1062 1183 riisi
1082 1141 1165 1197 cuper
1182 1125 1310 1179 humilem
1326 1127 1353 1177 et

763 1204 895 1272 quietum,
904 1205 931 1256 et
945 1203 1101 1256 trementem
1112 1210 1247 1252 semones
1258 1195 1352 1248 meos?

800 1270 1351 1345 9Eiusvinnn'niCnmsrinmineiiiuii.-

762 1346 798 1399 st
811 1341 921 1413 abipso
936 1342 1045 1412 Spiritu
1059 1340 1169 1401 Soneio,
1183 1336 1230 1407 qui
1244 1351 1295 1408 per
1311 1333 1352 1390 in-

762 1412 940 1470 habitantem
959 1409 1079 1482 gratiam
1103 1407 1133 1463 in
1155 1424 1189 1463 eo
1214 1411 1291 1472 orat,
1308 1421 1351 1460 re-

761 1500 891 1558 sponsum
910 1481 941 1538 in
963 1479 1140 1537 orationibus
1159 1477 1218 1533 suis
1242 1474 1352 1532 devotis

762 1559 913 1628 ocemont,
931 1549 1112 1610 invisibiliter
1131 1549 1281 1613 inmense,
1300 1560 1352 1617 per

762 1628 901 1684 occultam
920 1621 1147 1696 inspirationem,
1165 1623 1192 1675 et
1214 1615 1352 1674 intellexit

762 1700 797 1756 de
822 1697 924 1756 Christi
950 1695 1086 1760 adventu,
1107 1691 1182 1763 quod
1208 1687 1350 1746 Christum

762 1785 847 1842 quem
868 1768 982 1825 videbat
1002 1763 1090 1823 oculis
1110 1760 1223 1829 mentis,
1242 1759 1351 1816 videret

762 1840 851 1898 oeulis
863 1837 1001 1912 corporis,
1013 1841 1166 1907 antequam
1180 1835 1351 1905 praesentem

763 1911 859 1968 liniret
873 1910 975 1977 i'itam3
991 1925 1045 1964 riou
1055 1909 1179 1961 visurum
1188 1920 1217 1959 se
1226 1907 1349 1963 mortem.

762 1986 819 2040 nisi
827 1985 907 2054 prius
918 1981 1024 2036 uideret
1033 1980 1171 2036 Christum
1184 1975 1300 2031 Domini.
1313 1974 1351 2028 Ex

763 2047 1349 2179 quopatetquodzrohocpriiisorayerat3

763 2125 900 2197 quiahoc
918 2139 1000 2195 spera
1021 2127 1061 2190 at,
1077 2126 1105 2176 et
1125 2119 1350 2175 consolationem

763 2196 851 2254 lsrael
875 2195 1064 2268 exspectabat.
1081 2194 1158 2248 Tunc
1183 2189 1259 2246 enim
1289 2190 1351 2242 erat

762 2267 857 2340 opinio
873 2265 1031 2324 communis
1052 2262 1126 2335 apud
1146 2260 1350 2340 intelligentes,

762 2340 839 2411 quod
852 2337 1019 2394 imminebat
1031 2335 1168 2390 adventus
1182 2333 1295 2394 Christi,
1309 2343 1352 2383 se-

761 2410 884 2467 cundum
905 2409 987 2479 signa
1005 2422 1022 2462 a
1038 2401 1211 2460 Patriarchis
1232 2404 1261 2456 et
1281 2401 1350 2454 Pro·

781 2480 855 2538 hetis
871 2480 947 2536 data.
967 2480 1000 2533 Et
1022 2476 1086 2532 ideo
1111 2473 1224 2529 Simeon
1244 2471 1278 2526 de
1299 2471 1352 2525 hoc

761 2498 1012 2609 ferventiusDeuui
1022 2546 1136 2611 orabat;
1148 2550 1174 2598 et
1186 2542 1215 2597 in
1231 2543 1349 2611 Spiritu,

761 2622 846 2678 idest
860 2637 911 2692 per
926 2616 1129 2675 revelationem
1148 2611 1269 2684 Spiritus
1283 2612 1352 2667 San-

761 2693 810 2761 cti,
826 2698 855 2748 et
871 2690 932 2764 ipso
950 2687 1056 2760 Spiritu
1072 2687 1186 2750 Sancto,
1203 2681 1249 2753 qui
1270 2680 1299 2736 in
1317 2695 1351 2735 eo

762 2769 836 2832 erat,
856 2763 987 2835 iubente,
1002 2761 1076 2815 uenit
1101 2761 1129 2812 ire
1152 2755 1293 2826 templum,
1309 2754 1351 2817 ut,

762 2835 834 2892 sicut
861 2847 1030 2904 responsum
1055 2834 1084 2886 et
1112 2825 1283 2900 promissum
1315 2823 1351 2879 ab

761 2907 862 2963 eodem
887 2903 992 2976 Spiritu
1019 2905 1183 2973 acceperat,
1209 2895 1351 2955 Christum

762 2976 885 3045 Domini,
897 2976 925 3031 id
941 2981 983 3031 est
996 2979 1113 3031 unctum
1129 2988 1146 3028 a
1159 2969 1290 3035 Domino,
1304 2982 1353 3022 an·

761 3054 877 3121 tequam
892 3052 1062 3114 moreretur,
1076 3044 1194 3100 videret.
1208 3040 1230 3097 Ο
1244 3044 1351 3111 quanto

762 3119 904 3177 desiderio
933 3116 1046 3174 videndi
1075 3114 1238 3179 Dominum,
1266 3123 1351 3166 senex

761 3191 815 3248 iste
830 3189 1012 3248 beatissimus
1027 3186 1175 3252 aestuabat,
1193 3197 1276 3254 quom
1291 3181 1352 3251 jam

762 3268 832 3319 aetas
843 3263 878 3318 de
888 3262 942 3317 hoc
956 3258 1050 3315 seculo
1062 3258 1138 3313 exire
1150 3252 1283 3322 cogebatl
1298 3249 1353 3307 Sed

764 3334 813 3390 Dei
827 3330 972 3404 responsio
983 3328 1135 3393 retinebat,
1144 3324 1210 3396 quia
1221 3338 1277 3376 non
1292 3326 1354 3376 erat

765 3409 885 3460 mortem
899 3401 1020 3463 visurus,
1030 3398 1059 3453 id
1074 3403 1127 3463 est,
1141 3392 1296 3450 seiititurus
1309 3388 1352 3470 vet

765 3480 943 3545 experturus,
964 3469 1018 3525 nisi
1044 3468 1122 3539 prius
1144 3464 1253 3520 rideret
1273 3462 1353 3519 Chri·

766 3552 840 3602 stum
865 3540 988 3609 Domini,
1014 3538 1144 3595 blessiam
1169 3533 1353 3608 promissum,

765 3615 854 3674 oculis
868 3611 1073 3685 corporalibus.
1090 3613 1146 3666 Hoc
1163 3623 1231 3678 ergo
1246 3604 1355 3662 deside·

765 3680 1356 3759 rabat,hocmentetractabat,hocsempor

766 3758 920 3830 cogitabat,
937 3755 1058 3811 dicens:
1080 3752 1142 3810 Scio
1164 3750 1230 3822 quia
1250 3753 1355 3814 veniet,

767 3830 826 3887 scio
848 3828 915 3901 quia
939 3827 1041 3883 videbo
1065 3840 1140 3881 eum.
1165 3822 1218 3880 Sed
1242 3820 1356 3901 quando

767 3900 883 3958 veniet?
898 3898 1015 3968 Quando
1038 3913 1103 3953 euin
1130 3893 1253 3951 videbo?
1275 3893 1356 3958 Veni,

767 3972 888 4029 Domine
900 3974 979 4039 lesu,
990 3968 1067 4025 solve
1079 3967 1147 4024 inihi
1162 3968 1222 4022 haec
1234 3963 1356 4029 vincula,

768 4048 796 4100 et
811 4059 857 4100 me
866 4043 926 4114 jain
941 4057 1017 4098 nunc
1032 4040 1140 4112 inpare
1156 4039 1198 4094 ire
1213 4035 1355 4108 permitte.

768 4116 840 4171 Dum
859 4119 953 4171 autem
970 4115 1029 4169 brec
1045 4126 1141 4168 secum
1158 4109 1276 4173 diceret,
1290 4105 1357 4186 duni

770 4186 824 4242 boc
838 4183 979 4242 desiderio
991 4186 1135 4250 aestuaret,
1146 4180 1252 4236 dictum
1263 4183 1305 4233 est
1318 4174 1357 4230 illi

770 4273 787 4314 a
807 4255 913 4329 Spiritu
938 4256 1040 4313 Sancto
1061 4255 1156 4310 :Ecce
1175 4251 1256 4307 adest
1275 4260 1359 4318 quem

772 4333 926 4401 exspectas,
941 4340 1025 4399 quem
1049 4323 1170 4398 quaeris;
1194 4335 1270 4377 nunc
1295 4331 1360 4374 eum
