2790 4912
265 113 305 166 UH
332 111 520 167 cbntttottt
549 111 755 173 nithottnct,
784 112 824 165 tlt
853 110 959 164 soclttl
986 113 1097 166 ruint.
1255 120 1302 172 355

75 217 223 278 venulam
242 236 301 278 non
326 221 452 290 celabat,
470 226 496 278 et
525 238 579 278 non
593 225 665 279 sicat

71 282 185 353 Soidae.
201 291 249 363 qui
262 294 354 349 solum
369 293 462 351 verbis
480 293 622 351 docebant
635 301 663 351 et

70 363 222 420 venialem
244 363 339 421 dicere
359 364 505 433 timebant,
531 367 574 421 vet
597 364 664 435 quia

70 440 130 490 non
145 434 356 504 custodiebant,
371 435 436 493 ideo
455 436 548 493 dicere
564 439 664 493 erube-

67 507 200 581 mebant.
220 508 299 563 Unde
315 509 407 563 Beda:
424 529 439 559 «
453 509 552 565 Sermo
568 509 663 564 docto

66 583 109 630 hs
120 576 151 633 in
165 582 307 649 potestate
322 579 435 647 tit,cnm
446 595 480 635 ea
493 595 556 650 quae
569 581 661 642 docet,

62 655 208 716 operatur
234 668 241 706 :
267 650 401 721 namqui
427 651 508 707 lactis
534 651 594 722 ipse
612 668 664 707 sua

60 717 664 805 destruitcontemnitur.Vel,ideoinpot-

58 796 161 847 estate
174 798 247 860 erat,
263 792 370 849 docens
384 809 444 860 eos,
460 799 489 849 et
515 811 574 850 non
591 799 666 850 sicut

58 856 190 930 Senos,
205 863 338 935 quoniam
355 863 460 921 Scribae
476 881 539 936 quae
553 882 605 938 per
620 868 665 922 Le·

55 942 133 996 gem
150 933 322 1003 didicerant,
330 941 476 1007 pcaecepta
488 937 598 1008 populis
613 938 663 993 da·

54 995 140 1060 baut
156 1023 163 1073 ;
178 1006 186 1060 i
210 1022 241 1062 se
265 1022 331 1062 vero
347 1006 428 1078 quasi
450 1015 549 1065 auctor
565 1008 664 1080 imple·

51 1073 173 1147 torque
188 1022 281 1148 Uagis,
306 1078 349 1133 vel
375 1078 523 1148 mutando,
544 1079 586 1135 vet
613 1096 664 1136 au-

48 1148 176 1216 gendo,
193 1164 257 1219 quae
273 1148 366 1205 minus
381 1150 562 1218 videbantur,
577 1151 666 1208 tibere

47 1218 219 1275 substituit
249 1238 255 1277 :
282 1242 296 1272 t>
313 1221 375 1276 haee
399 1223 484 1278 Bello.
513 1222 584 1289 Quia
597 1238 665 1294 ergo

48 1285 203 1347 Christus
230 1291 388 1347 doctrinam
410 1308 492 1349 suam
512 1294 666 1350 confirma·

48 1351 117 1417 bat
134 1377 189 1432 per
202 1378 289 1434 opera
305 1362 484 1432 miraculosa,
498 1364 583 1421 ceteri
592 1382 667 1438 prae-

49 1428 217 1489 dicatores
242 1442 271 1489 et
299 1434 442 1504 doctores,
464 1435 511 1507 qui
536 1437 590 1493 hoc
608 1453 666 1493 non

105 1509 204 1571 ssunt,
220 1504 324 1560 debent
336 1505 495 1563 doctrinam
507 1524 587 1564 suam
601 1524 667 1564 con-

89 1590 191 1630 rmare
209 1591 260 1646 per
278 1591 365 1647 opera
381 1576 526 1647 virtuosa;
554 1584 582 1635 et
610 1595 667 1635 non

52 1645 146 1702 sicut
169 1645 287 1714 Scribae,
307 1647 355 1729 qui
379 1648 478 1706 dicunt
492 1655 521 1706 et
546 1666 603 1706 nou
623 1651 665 1706 ta·

50 1716 161 1784 ciunt,
175 1732 209 1772 ac
235 1719 392 1775 doctrinam
412 1737 494 1777 suam
515 1722 665 1780 verborum

48 1785 212 1856 jactantia
226 1789 370 1846 ailirmnnt
384 1797 412 1847 et
425 1799 578 1849 ostentant.

105 1860 270 1915 ssnvnns
290 1878 425 1918 raduanus
441 1865 579 1920 Cumsruu
600 1883 665 1920 cov-

61 1947 170 1985 rrraus
187 1948 288 1986 racana
307 1931 433 1990 audurus.
455 1967 490 1977 -
508 1937 586 1992 Unde
607 1944 664 1992 sta-

62 2001 124 2056 tim
150 2007 277 2073 potestas
300 2004 412 2060 Domini
434 2007 595 2063 ostenditur
614 2023 665 2079 pcr

67 2071 192 2141 iactum,
203 2088 267 2129 cum
279 2074 425 2132 subditur:
439 2080 475 2133 Et
487 2084 546 2134 mot
558 2081 589 2133 in
602 2095 665 2147 syn·

70 2159 164 2212 opopa
189 2160 291 2213 eoram,
311 2146 384 2203 torte
403 2147 542 2205 adductus
560 2151 598 2206 ad
623 2151 663 2205 to·

71 2229 138 2270 cum
158 2221 299 2283 sanctum,
315 2223 345 2273 ut
362 2218 400 2275 ibi
416 2218 597 2289 liberaretur,
613 2224 663 2276 lvo·

71 2301 117 2341 mo
132 2285 249 2358 quidam
270 2289 372 2345 labeas
394 2293 524 2360 spirltum
545 2296 663 2348 ineman-

71 2356 150 2420 dum,
171 2356 200 2412 id
215 2362 259 2414 est
272 2360 406 2417 obsessus
420 2377 438 2417 a
454 2363 595 2432 daemoue,
613 2368 664 2434 qni

73 2430 241 2484 eaclumuoit
253 2445 321 2486 voce
334 2447 448 2501 magua,
462 2435 555 2491 dicens
569 2455 577 2491 ε
591 2437 664 2503 Quid

73 2499 152 2554 nobis
166 2505 193 2557 et
207 2501 269 2564 tibi,
286 2504 351 2557 lesu
365 2506 538 2561 Naturane?
556 2510 664 2563 Venisti

74 2573 141 2625 aute
155 2576 267 2642 tempus
278 2575 392 2643 perdere
404 2591 462 2635 nos.
477 2575 505 2631 id
520 2583 564 2633 est
577 2577 661 2633 dimi·

75 2655 163 2697 uuere
177 2647 206 2696 et
224 2644 336 2700 auterre
352 2653 476 2702 nostram
493 2654 662 2719 potestatem

74 2712 201 2792 nocendi
216 2713 379 2771 hominibus
398 2721 426 2773 et
445 2723 577 2789 torquere
599 2737 660 2776 nos.

74 2781 147 2849 outa
157 2798 231 2839 emm
243 2785 385 2854 diabolus,
394 2786 500 2845 invidia
510 2797 615 2860 motus,
626 2793 661 2848 de

75 2853 166 2910 salute
187 2855 334 2913 homiuum
358 2865 516 2930 torquetur,
540 2861 603 2918 ideo
627 2864 662 2919 de

75 2924 178 2981 Christi
194 2925 333 2995 doctrina,
346 2945 409 3001 quae
427 2936 488 2987 erat
503 2933 661 2989 animarum

74 2995 152 3052 salus
163 3003 192 3051 et
205 2999 354 3066 medicina,
371 3002 495 3071 dolebat,
511 3008 540 3059 et
550 3004 589 3060 sic.
604 3005 661 3059 ctu-

73 3068 181 3123 mabat.
211 3070 290 3125 Unde
316 3074 481 3142 Theophilus
507 3093 516 3128 :
541 3097 555 3126 ι(
580 3076 661 3132 Exire

74 3137 152 3193 euim
171 3139 207 3195 ab
227 3140 344 3198 honnus
368 3144 556 3213 perditionem
581 3162 661 3202 suam

75 3208 188 3265 dicebat
205 3210 394 3269 daemonium.
420 3216 662 3273 immisericordes

74 3278 152 3334 euim
165 3281 286 3338 existunt
300 3283 328 3339 in
337 3285 478 3356 homiues,
493 3289 597 3343 malum
609 3288 661 3343 aii·

74 3350 151 3420 quod
166 3352 225 3422 pati
241 3370 271 3409 se
286 3357 470 3425 aestimantes,
486 3374 549 3415 cum
568 3359 661 3415 homi-

76 3435 129 3476 nes
142 3422 199 3478 n'on
212 3425 399 3483 molestant.»
413 3430 475 3486 Scio
487 3436 522 3494 te,
537 3433 600 3501 qais
611 3434 661 3495 sis,

75 3489 105 3547 id
135 3498 179 3548 est
203 3496 388 3554 vehementer
414 3503 524 3571 opinor,
555 3501 663 3557 scilicet

74 3563 193 3619 Sanctus
210 3569 270 3634 liei,
288 3567 375 3625 idest
391 3573 519 3627 Christus
534 3574 570 3629 ad
586 3574 661 3629 satu-

75 3638 134 3689 tem
150 3635 296 3694 hominum
309 3639 422 3698 missus.
435 3642 489 3698 Per
498 3645 663 3715 prophetias

75 3704 152 3760 enim
165 3705 201 3762 de
215 3709 327 3766 Christo
341 3712 516 3784 dictasque
531 3715 664 3771 determi-

76 3782 217 3833 naverant
230 3787 343 3851 tempus
355 3789 383 3838 et
398 3786 513 3841 modum
529 3791 557 3841 et
570 3787 663 3842 locum

74 3846 209 3928 veniendi
230 3849 320 3921 ipsius
338 3853 452 3920 Christi,
477 3862 504 3911 et
525 3873 576 3928 per
594 3857 664 3914 alias

75 3923 314 3990 circumstantias,
337 3924 466 3982 sciebant
489 3927 581 3999 ipsum
601 3945 664 3985 csse

76 3989 220 4046 Christum
232 3991 261 4047 in
276 3995 348 4066 Lege
358 3997 543 4067 promissum;
557 4016 665 4056 verum-

76 4064 175 4116 tamen
190 4062 355 4121 nesciebant
372 4066 464 4139 ipsum
479 4085 541 4127 essc
559 4074 664 4142 Deum3

718 239 771 280 nee
802 237 834 278 er
846 220 1030 278 tentationem
1046 221 1148 280 Christi
1163 223 1192 281 in
1208 225 1303 284 deser·

717 300 746 350 to
774 239 905 350 ‹Uabolus
923 293 1014 361 potuit
1032 294 1104 350 scire
1124 295 1159 351 de
1178 296 1302 368 Christo,

717 371 811 422 utrum
834 364 882 420 Dei
898 364 983 421 Filios
1001 381 1052 436 per
1070 372 1201 422 naturam
1216 375 1301 438 esset,

718 437 783 493 iicet
808 437 844 493 ad
864 438 939 491 hivnc
964 436 1050 492 linem
1070 437 1219 508 tripliciter
1237 456 1302 497 eum

717 506 878 565 tentaverit.
894 506 921 562 Si
940 506 1013 562 euim
1030 510 1227 577 cognovissent
1242 511 1302 568 dae-

719 595 816 635 vnoncs
837 578 928 648 ipsum
946 594 1008 634 csse
1025 580 1123 646 Deum,
1145 597 1302 652 numquam

718 649 895 706 induxissent
907 649 1023 705 ludaeos
1035 650 1070 705 ad
1086 650 1177 721 ipsum
1191 652 1301 710 crucili-

717 723 853 792 geudum,
865 721 945 790 juxta
960 720 1030 776 illud
1039 723 1164 792 Apostoli
1173 726 1219 781 :sl
1231 728 1304 782 enim

718 797 915 860 consensissent.
931 809 1080 862 numquam
1093 797 1237 851 Dominam
1247 799 1305 865 plo·

717 867 767 919 ria
785 866 995 932 sumpsissent.
1019 865 1088 919 Ecce
1107 873 1220 934 quantae
1240 883 1305 938 per·

719 934 862 991 versitatis
877 941 941 990 sunt
959 933 1039 989 mulli
1055 937 1195 1005 homiues,
1211 939 1306 1009 quiin

719 1006 889 1062 adversitate
913 1021 964 1062 sua
988 1007 1076 1061 Deum
1096 1008 1305 1079 blasphemant,

719 1093 783 1133 cum
804 1083 899 1134 tamen
922 1078 1065 1132 daemones
1089 1076 1181 1147 ipsum
1201 1080 1305 1150 praedi·

719 1153 794 1205 cent.
813 1149 862 1205 Ubi
875 1148 968 1203 Beda:
985 1169 995 1197 ι
1013 1149 1073 1202 Non
1087 1148 1239 1205 voluntatis
1251 1150 1307 1207 ista

719 1221 860 1275 confessio
874 1223 927 1286 est,
939 1234 1023 1288 quam
1035 1219 1182 1289 praemium
1197 1237 1252 1276 non
1263 1237 1306 1278 se-

720 1290 816 1361 quitur
830 1289 984 1346 confitendi
995 1306 1002 1356 3
1014 1289 1064 1345 sed
1077 1290 1253 1347 necessitatis
1262 1308 1308 1348 ex·

720 1361 819 1430 torsio‚
837 1377 900 1433 quae
918 1360 992 1432 cogit
1008 1360 1119 1416 invitos.
1136 1364 1169 1416 Et
1180 1363 1265 1431 velut,
1282 1362 1306 1419 si

720 1433 794 1489 servi
819 1432 926 1503 fugitivi
949 1431 1148 1502 postmultum
1168 1434 1306 1505 temporis

720 1504 868 1560 dominum
883 1503 1008 1567 videant,
1024 1502 1092 1557 nihil
1109 1503 1185 1559 aliud
1201 1504 1255 1560 nisi
1270 1505 1306 1562 de

720 1575 884 1632 verberibus
897 1573 1089 1645 suspicantur;
1105 1576 1144 1629 sic
1159 1580 1188 1630 ct
1202 1576 1307 1632 daemo-

720 1662 772 1702 nes
788 1650 936 1701 cernentes
955 1644 1104 1701 Dominum
1121 1648 1148 1700 in
1164 1646 1249 1702 terris
1263 1663 1306 1704 re·

720 1723 803 1789 pente
814 1714 931 1781 versari,
945 1717 981 1772 ad
991 1715 1161 1786 judicandos
1172 1733 1203 1774 se
1215 1717 1307 1775 venis·

720 1805 750 1844 se
773 1788 943 1855 credebant;
964 1788 1116 1859 prasentia
1140 1788 1305 1858 Salvatoris,

720 1865 892 1916 tormentum
906 1865 949 1915 est
962 1859 1122 1915 daemonum
1136 1878 1142 1914 :
1158 1882 1172 1910 »
1187 1862 1246 1917 haec
1259 1863 1308 1918 Be·

719 1932 765 1987 da.
784 1931 891 1987 Dicitur
900 1936 995 1986 autem
1006 1931 1117 1986 daemon
1128 1932 1243 2003 spiritus
1255 1932 1306 1989 im·

719 2003 1009 2069 mundns,abcttectu
1032 2002 1305 2072 quint'aritimmun-

718 2074 786 2129 dum
817 2089 901 2145 quem
935 2072 1072 2144 possidet;
1105 2075 1177 2129 sicut
1202 2074 1307 2131 dicitur

719 2144 835 2215 spiritus
854 2144 967 2205 surdus,
981 2143 1023 2198 vei
1045 2151 1148 2207 mutus,
1169 2145 1236 2213 qvvia
1253 2147 1304 2200 ho·

719 2215 824 2270 minem
841 2215 955 2270 surdum
969 2213 1011 2269 vcl
1028 2223 1135 2269 mutum
1152 2215 1226 2269 lucit.
1242 2217 1304 2283 Vel,

719 2286 873 2342 secundum
893 2287 1121 2352 chrysostomum,
1142 2284 1305 2343 immundus

718 2357 821 2413 dicitur
838 2362 953 2427 propter
968 2355 1154 2424 impietatem,
1171 2372 1204 2411 ar,
1224 2358 1303 2414 elon-

718 2431 860 2500 gationem
875 2443 893 2482 a
907 2428 975 2494 Deo,
987 2432 1015 2481 et
1028 2426 1094 2496 quia
1109 2426 1240 2484 omnibus
1254 2427 1308 2484 im«

719 2499 831 2555 mundis
843 2503 871 2554 et
881 2496 975 2568 pravis
986 2496 1199 2567 operationibus
1213 2514 1243 2555 se
1254 2499 1305 2556 im-

719 2568 1304 2642 miscetlpsumquoqueimmuudumspi-

719 2642 824 2711 vitum,
850 2639 1006 2706 Dominus,
1028 2640 1093 2695 tirel
1121 2655 1187 2695 vera
1212 2641 1248 2697 de
1269 2659 1303 2698 eo

717 2711 1305 2782 testificantemjussitobvnutescercditin·

717 2785 1116 2856 erepoollillumlcsutlicens:
1133 2784 1301 2849 obmutesce,

716 2873 752 2912 ne
768 2858 841 2914 veris
858 2856 928 2911 laisa
940 2856 1080 2921 misceret,
1097 2862 1126 2911 cl
1141 2873 1176 2912 ne
1192 2856 1301 2914 videre-

716 2936 763 2984 tur
791 2931 828 2986 ab
854 2927 913 2999 ipso
941 2928 1135 2982 testimonium
1163 2944 1303 2998 qvvvnrere,

717 2999 837 3054 inaximo
848 2998 914 3068 quin
926 2997 1303 3072 Pharisaeidicebantipsum

716 3070 744 3124 in
762 3069 918 3125 Beelzebub
933 3067 1074 3121 daemonia
1094 3068 1208 3136 ejicere,
1224 3076 1253 3125 et
1268 3087 1304 3125 no

717 3143 859 3198 videretur
877 3137 985 3192 utititas
1002 3136 1093 3191 crucis
1112 3144 1139 3191 et
1161 3139 1305 3196 Passionis

716 3231 784 3271 sure.
802 3214 904 3281 inquo
920 3212 1003 3263 datur
1018 3206 1098 3262 nobis
1111 3208 1215 3277 dogma
1230 3212 1303 3266 saiu-

716 3288 840 3349 tit'erum,
855 3286 885 3336 ut
897 3277 1075 3335 daemonibus
1088 3278 1137 3347 ,ciui
1153 3281 1304 3337 ruendaces

716 3360 822 3414 suntet
836 3356 864 3409 in
880 3351 997 3407 veritate
1010 3364 1065 3403 holt
1078 3354 1228 3419 steterunt,
1245 3368 1303 3409 non

716 3429 875 3490 credamus,
900 3426 1170 3493 quamtumcumque
1194 3423 1304 3479 denun-

717 3502 787 3557 tient
804 3499 969 3561 veritatcm;
992 3492 1059 3561 quia
1078 3492 1100 3547 si
1115 3493 1232 3574 'aliquos
1249 3495 1301 3552 sihi

717 3573 867 3629 credentes
878 3563 1048 3629 invenerint,
1063 3571 1173 3620 veritati
1188 3569 1305 3625 menda·

718 3644 792 3700 cium
809 3641 936 3701 miscent,
960 3641 988 3692 ct
1007 3635 1155 3692 veritatem
1174 3638 1203 3695 in
1223 3656 1303 3698 men·

718 3714 830 3771 dacium
849 3713 1026 3773 convertunt,
1047 3724 1079 3763 ac
1100 3725 1166 3764 vera
1185 3712 1305 3769 dicendo

720 3787 847 3842 nituntur
858 3784 1178 3843 credeutasinerrorem
1189 3784 1306 3847 idolola-

719 3860 781 3913 triae
793 3861 820 3911 et
836 3862 952 3927 peccata
965 3854 1109 3916 inducere.
1123 3862 1176 3915 Per
1188 3865 1242 3919 hoc
1255 3872 1306 3914 au·

720 3935 777 3984 tem
794 3928 868 3998 quod
884 3927 1012 3983 Christus
1029 3931 1185 4002 increpavit
1199 3934 1306 3989 daemo-

720 4016 797 4070 nem,
813 4000 860 4070 qui
876 4013 957 4054 suam
973 4005 1162 4059 confitebatur
1180 4010 1306 4075 potesta·
1343 4029 1349 4045 ··

720 4078 779 4129 tem
812 4078 842 4129 et
874 4072 1065 4143 sanctitatem,
1097 4074 1245 4142 imponens
1279 4083 1305 4141 ei
