2790 4912
149 287 194 340 tol
491 279 601 335 l’llllldl
627 280 748 334 Ptbrls
776 277 880 331 CAPUT
908 277 1043 331 xxxin

149 391 284 448 advorsus
308 387 450 461 spiritum,
472 386 522 443 sed
546 385 731 467 quemadmo-

148 463 217 519 dum
233 464 323 518 bonus
339 459 454 531 spiritus
470 473 527 513 non
542 461 655 513 resistat
669 458 730 525 tibi,

148 534 188 590 ita
204 541 233 590 et
247 547 349 603 corpus
364 547 421 587 non
439 530 551 585 resistat
565 527 688 599 spiritui,
704 533 732 583 el

147 622 199 679 per
220 619 395 675 consequens
415 616 466 657 nec
487 598 552 666 tibi;
567 605 594 654 et
611 605 731 669 utroque

147 675 243 733 omnia
267 691 329 747 quae
353 672 424 740 odie,
448 670 593 738 odiamus;
619 675 647 726 et
669 686 731 740 quae

147 747 252 817 diligis,
273 745 442 814 diligamus3
460 746 487 798 et
507 757 570 812 quae
589 741 673 823 praeci
696 740 730 809 is,

146 818 325 890 impleamus.
338 817 377 871 De
390 815 535 870 voluntate
549 815 599 868 Der
612 813 652 867 sic
684 812 732 867 icit

145 891 299 959 cyprianus
319 902 405 958 super
425 884 583 941 orationem
605 882 731 939 Domini·

145 975 208 1016 cam
224 981 231 1016 :
249 978 263 1011 a
278 958 415 1015 Voluntas
429 957 479 1013 Dei
494 963 638 1036 estquam
653 954 733 1011 Chri·

144 1035 204 1087 stus
219 1031 286 1086 lecit
300 1034 328 1086 et
342 1029 452 1091 docuit;
465 1026 612 1083 humilitas
625 1028 652 1079 in
666 1042 731 1107 cou-

144 1099 466 1167 versatione‚stabilitas
476 1097 504 1153 in
514 1097 581 1166 nde,
591 1097 730 1153 modestia

145 1175 175 1229 in
186 1173 289 1238 verbis,
297 1171 326 1227 in
338 1170 420 1227 saetis
426 1169 548 1242 justitia,
558 1170 585 1224 in
596 1168 731 1239 operibus

145 1243 350 1311 misericordia,
371 1244 398 1297 in
417 1240 543 1297 moribus
562 1239 728 1366 discplinm

146 1317 279 1387 injuriam
294 1315 387 1371 lacere
403 1329 461 1368 non
476 1328 570 1377 nosse,
584 1317 612 1367 et
637 1317 730 1367 actam

144 1403 227 1460 posse
245 1387 381 1452 tolerare3
398 1382 612 1441 cumfratribus
632 1398 730 1453 pacem

145 1465 252 1527 tenere,
263 1457 414 1512 Dominum
426 1460 484 1511 toto
497 1455 583 1511 corde
595 1453 728 1525 diligere;

144 1546 241 1587 amare
258 1528 286 1584 in
302 1528 349 1583 illo
367 1527 440 1599 quod
462 1529 546 1582 Pater
560 1530 612 1594 est,
629 1532 729 1582 timere

144 1602 221 1673 quod
232 1602 307 1655 Deus
316 1603 372 1666 est;
384 1599 493 1655 Christo
502 1598 540 1652 nil
551 1612 728 1668 praeponere,

143 1673 210 1742 quia
225 1687 276 1726 nee
292 1670 375 1727 nobis
391 1668 545 1740 quidquam
557 1668 728 1750 praeposnit3

144 1741 274 1798 charitati
300 1743 360 1824 eJus
381 1740 611 1810 inseparabiliter
633 1741 729 1796 adbae-

143 1830 225 1883 rere;
242 1829 319 1869 cruci
339 1812 400 1884 ojus
420 1811 531 1868 sortiter
551 1827 584 1868 ac
608 1812 730 1867 tidenter

142 1886 295 1951 assistere3
313 1884 427 1955 quando
443 1883 479 1939 de
493 1883 554 1953 ejus
572 1883 687 1940 nomine
701 1887 730 1938 et

144 1956 252 2011 honore
283 1960 427 2010 certamen
456 1959 509 2022 est,
536 1953 669 2010 exhibere
700 1953 729 2008 in

142 2041 275 2081 sermone
283 2023 471 2079 constantiam
481 2040 535 2094 qua
547 2025 727 2093 confitemur,

142 2096 171 2152 in
187 2094 343 2167 quaestione
358 2094 491 2150 fiduciam
507 2110 563 2164 qua
578 2095 727 2167 congredi·

33 2178 36 2182 ·
143 2183 216 2234 mur,
232 2167 261 2221 in
278 2172 369 2221 morte
390 2164 629 2237 patientiamque
649 2182 729 2222 coro-

146 2254 257 2294 namur.
278 2240 335 2293 Hoc
361 2242 404 2293 est
427 2236 596 2293 coheredem
622 2236 727 2295 Christi

143 2310 215 2366 velle
228 2326 300 2378 esse,
314 2311 367 2364 hoe
379 2312 422 2365 est
435 2314 607 2380 praeceptum
622 2310 726 2377 lacere,

144 2383 197 2438 hoc
209 2388 252 2438 est
263 2383 438 2437 voluntatem
450 2379 541 2436 Patris
553 2379 671 2452 implere
686 2399 693 2437 :
711 2402 725 2432 >r

142 2453 204 2509 haec
218 2455 382 2524 cyprianus.

177 2549 192 2607 7
217 2527 328 2592 Qoanra
350 2540 466 2581 rsrtrro.
490 2555 525 2564 -
550 2521 656 2580 Deinde
680 2539 726 2578 se·

141 2603 236 2668 quitur
248 2602 351 2667 quarta
353 2595 458 2722 petitio
470 2612 477 2651 ε
490 2598 592 2650 Panem
602 2600 726 2650 nostrum

140 2668 334 2738 quotidianum
373 2667 491 2722 anobis
511 2668 605 2731 bodie,
628 2667 656 2722 id
683 2672 726 2723 est

138 2738 245 2794 vietum
255 2737 455 2824 quotidianum
469 2738 581 2809 corpori
597 2753 726 2794 necessa·

140 2808 226 2875 rium,
253 2807 367 2863 nomine
383 2808 465 2880 panis
488 2809 682 2879 designatum3
696 2815 726 2865 et

137 2878 167 2935 in
182 2878 236 2933 hoe
255 2878 454 2947 intelliguntur
470 2879 527 2950 peti
543 2880 640 2936 omnia
659 2881 724 2936 vilae

138 2948 307 3004 necessaria.
331 2948 409 3004 Unde
428 2949 603 3016 Auausttnus
622 2969 628 3006 z
647 2952 723 3008 «Sic

137 3034 206 3089 ergo
218 3017 262 3072 bic
271 3017 471 3073 sufficientiam
481 3020 604 3090 petimus
616 3029 723 3092 aparte

137 3105 203 3162 quae
228 3087 347 3156 excellit,
374 3087 403 3142 id
430 3096 474 3144 est
498 3090 614 3146 nomine
640 3093 723 3164 panis

138 3166 227 3218 lotam
255 3158 458 3231 significantes.
477 3181 491 3211 »
520 3161 627 3218 Panem
655 3180 723 3234 ergo

137 3232 215 3303 dicit,
232 3248 288 3289 non
307 3247 419 3300 carnes,
432 3247 490 3288 non
510 3231 614 3304 pisces,
629 3234 657 3290 id
679 3243 723 3292 est

135 3321 194 3362 non
209 3304 325 3376 aliquod
342 3305 527 3376 superlluum,
542 3305 593 3361 sed
608 3309 720 3364 tantum

136 3378 212 3449 quod
232 3381 275 3434 est
292 3381 400 3432 naturae
422 3377 625 3449 necessarium,
645 3379 721 3451 quod

136 3449 209 3505 bene
231 3447 408 3520 significatur
431 3463 482 3519 per
507 3464 621 3520 panem,
643 3450 720 3521 quia,

137 3519 292 3575 seeundum
323 3517 548 3576 Ecclesiasticum
574 3538 581 3575 :
606 3524 721 3577 Initium

136 3593 201 3642 uitae
221 3591 338 3645 hominis
352 3607 427 3660 equa
446 3595 472 3646 et
484 3595 579 3672 ponis.
594 3594 628 3648 Et
643 3593 722 3649 addit

137 3667 275 3727 nostrum,
301 3665 331 3715 ut
360 3677 444 3717 nemo
472 3662 524 3719 sibi
553 3663 723 3734 temporalia

137 3729 310 3800 appropriet,
329 3730 406 3802 quia,
427 3734 581 3790 secundum
602 3736 722 3808 Chryso·

136 3804 262 3881 atomum,
280 3802 376 3882 omnia
392 3819 455 3884 quae
476 3804 555 3862 nobis
572 3806 720 3876 datheus,

137 3885 196 3926 sive
211 3872 369 3941 orantibus,
383 3888 442 3931 sive
458 3875 655 3947 militantibus,
665 3895 721 3934 non

137 3940 229 3998 solum
246 3941 327 3999 nobis
342 3945 407 4012 dat;
424 3947 576 4004 sedetiam
593 3948 656 4006 aliis
671 3965 722 4021 per

137 4028 199 4081 nos,
215 4017 246 4068 ut
257 4013 292 4095 de
307 4016 431 4085 eoquod
446 4019 606 4091 accepimus
620 4037 638 4078 a
653 4023 721 4089 Deo,

135 4087 245 4156 partem
272 4099 310 4139 rm
331 4085 476 4143 olentibus
502 4089 647 4149 iaciamus.
669 4092 721 4160 Qui

137 4171 205 4227 ergo
228 4157 264 4212 de
288 4099 433 4212 talaribus
451 4158 509 4215 eois
530 4161 721 4236 indigentibus

137 4240 197 4283 non
224 4232 359 4299 praestat,
391 4243 449 4284 non
477 4232 587 4289 tantum
617 4250 722 4306 panem

789 398 886 449 suum,
903 383 953 439 sed
968 383 1055 439 etiam
1073 382 1203 441 alienum
1221 387 1353 447 manducat

790 457 823 510 Et
838 453 886 525 qui
902 455 938 511 de
955 453 1067 526 justitia
1086 471 1194 527 panem
1214 458 1352 530 acquisitus

789 526 954 595 manducat,
971 542 1054 583 suum
1078 541 1186 598 panem
1211 533 1350 603 mandatae

789 597 835 723 qui
847 603 941 653 autem
954 612 1019 653 eum
1029 604 1159 669 peccato,
1169 600 1297 657 alienum:
1305 619 1349 662 nan

788 667 828 723 ili
845 671 919 724 Deus
935 668 984 724 dat
999 685 1113 740 panem,
1131 671 1179 740 qui
1195 687 1258 728 curn
1268 673 1349 743 justith

787 743 944 812 praeparem
959 738 1091 797 diabolus
1103 747 1200 798 aulem
1212 743 1237 798 ei
1247 747 1289 814 qui
1300 761 1349 816 pra

788 821 869 883 parat
885 827 948 867 oum
962 816 1087 880 peccato.
1103 814 1264 870 Secundum
1277 817 1348 885 diepa

786 885 869 946 num,
891 887 1020 938 nostrum
1036 885 1114 940 hunc
1128 900 1234 955 panem
1248 887 1347 959 dicimus,

787 959 815 1009 et
830 958 926 1010 tamen
940 959 970 1009 ut
986 954 1070 1010 detur
1084 971 1202 1013 oramus
1216 975 1223 1012 ε
1238 957 1280 1013 Dei
1294 957 1346 1015 enin
1364 966 1367 971 '

786 1029 829 1081 est
845 1042 877 1081 ex
893 1041 1022 1094 munere,
1038 1024 1107 1097 quia
1127 1029 1164 1084 ab
1185 1028 1232 1084 illo
1251 1030 1347 1085 daturet

789 1102 886 1153 noster
900 1097 932 1152 lit
944 1114 977 1153 ex
992 1097 1189 1169 perceptione,
1202 1116 1262 1156 cum
1272 1100 1346 1171 arcipi·

786 1171 842 1224 tur.
871 1168 944 1224 Dicit
971 1174 1066 1224 autem
1093 1169 1294 1240 quotidianum,
1310 1188 1346 1228 uon

785 1255 925 1310 annuum,
943 1239 986 1296 vel
1008 1240 1043 1295 ad
1062 1241 1160 1312 plures
1180 1258 1267 1299 annos
1279 1241 1346 1316 proti·
1383 1300 1387 1307 ,

786 1326 860 1379 sum,
877 1314 905 1365 et
919 1310 948 1366 in
963 1310 1076 1367 horreis
1091 1320 1347 1386 reservatumque

785 1383 937 1438 Matthaeus
949 1382 1017 1438 dicit
1031 1384 1346 1455 supersubstantieteuid
1383 1380 1387 1457 ‘3

785 1459 827 1509 est
846 1454 1059 1522 superadditum
1074 1457 1244 1514 substantiae
1261 1458 1292 1513 ad
1308 1472 1345 1515 sur
1382 1480 1387 1517 .·

785 1525 981 1581 tentationem.
996 1527 1040 1595 Et,
1063 1528 1346 1599 secundumcyrtttu,
1384 1544 1387 1553 ·

785 1596 1345 1669 exeoetiamquodquotidianumalimeu
1383 1600 1387 1649 ἑ

784 1671 844 1723 turn
870 1668 956 1739 iussit
985 1685 1127 1740 quaerere,
1160 1670 1270 1728 videtur
1293 1669 1345 1742 quod
1383 1700 1387 1735 ,·

785 1738 854 1794 nihil
871 1740 1008 1796 concedat
1022 1757 1073 1797 eos
1087 1743 1207 1809 babere,
1220 1743 1266 1799 sed
1280 1740 1344 1812 nep
1385 1772 1387 1779 ·

784 1811 933 1868 honestam
958 1812 1053 1869 colere
1075 1821 1282 1886 paupertatem.
1304 1814 1344 1869 lior
1383 1812 1387 1843 ⁵

784 1882 861 1937 enim
882 1888 924 1938 est
949 1882 1116 1940 habentium
1139 1901 1243 1957 panem
1263 1890 1343 1956 petere,
1385 1892 1387 1923 ²

784 1953 834 2009 sed
850 1970 1054 2025 oppressorum
1089 1957 1201 2013 enuria.
1215 1960 1247 2013 Et
1259 1957 1344 2026 subjur

783 2026 824 2095 git
844 2042 850 2079 ε
868 2028 908 2081 Da
925 2026 1007 2082 nobis
1027 1971 1124 2089 boile.
1142 2028 1212 2098 quia
1225 2045 1273 2084 nee
1286 2024 1343 2108 mini

784 2112 861 2152 mum
881 2097 986 2153 habere
1006 2112 1171 2168 possumus,
1189 2098 1242 2154 nisi
1257 2099 1298 2155 del
1312 2095 1342 2153 ille

782 2171 833 2293 gui
844 2169 894 2223 ctat
907 2184 995 2224 escam
1009 2172 1084 2224 omni
1094 2173 1184 2225 cerni.
1198 2171 1272 2227 Unde
1281 2171 1342 2224 bono

803 2244 903 2295 erotus
931 2239 979 2295 tali
1013 2245 1110 2297 mente
1140 2242 1229 2298 debet
1258 2253 1342 2318 sumere

783 2309 889 2379 cibum,
905 2327 939 2368 ac
960 2311 983 2367 si
1007 2311 1059 2368 sibi
1085 2313 1121 2368 de
1148 2329 1236 2370 manu
1258 2310 1340 2369 Domin

803 2381 1002 2438 raeseutialiter
1027 2382 1215 2441 ministretur.
1235 2387 1266 2440 Et
1285 2379 1340 2439 addit

782 2397 877 2520 Eodie,
891 2454 919 2509 id
935 2460 979 2510 est
995 2455 1023 2510 in
1040 2456 1176 2527 praesenti
1187 2474 1194 2524 ;
1207 2457 1260 2527 rel,
1270 2453 1339 2517 bodie,

782 2522 869 2580 idest
884 2524 963 2581 illum
978 2524 1026 2596 qui
1041 2526 1125 2583 nobis
1142 2528 1227 2583 bodie
1246 2532 1340 2582 tantm

782 2596 866 2651 modo
881 2596 996 2666 sulsscit,
1011 2602 1042 2653 ut
1057 2597 1093 2654 de
1108 2598 1232 2655 crastino
1249 2613 1296 2654 non
1308 2610 1340 2650 eo·
1383 2596 1387 2641 ἔ

781 2667 1340 2746 gitemus,quianeseimussiincrastinup

780 2739 993 2808 proveniamus.
1009 2740 1031 2797 0
1049 2741 1191 2812 sapientia
1205 2744 1299 2797 rerael
1310 2736 1339 2793 di·

782 2808 1339 2884 vinaprovidentia,quaedoeuitetpaned

780 2881 990 3008 solumffietere,
1001 2888 1029 2938 et
1041 2883 1126 2940 bodie
1137 2883 1290 2941 nominare!
1300 2882 1340 2936 llot

780 2952 855 3007 enim
893 2953 946 3009 icto
960 2959 988 3009 et
999 2954 1120 3011 aviditas
1136 2961 1164 3012 et
1179 2954 1289 3012 avaritia
1300 2949 1337 3031 tol·

780 3023 856 3092 litur,
871 3028 899 3080 et
916 3025 1048 3082 humanae
1064 3027 1129 3082 vitas
1145 3026 1278 3084 incertum
1289 3023 1338 3078 iust-

778 3100 890 3151 nuatur.
911 3095 971 3161 Vel,
990 3113 1090 3166 ponem
1105 3104 1228 3154 nostrum
1247 3093 1341 3169 quatit·

778 3182 861 3221 onum
881 3167 917 3221 do
939 3168 1018 3223 nobis
1040 3170 1130 3237 bodie,
1153 3170 1181 3225 id
1201 3173 1243 3226 est
1259 3176 1340 3296 genem

779 3237 965 3308 spiritualem,
982 3238 1088 3296 scilicet
1103 3246 1246 3312 praecepta
1276 3236 1340 3300 bina,

778 3324 841 3378 quoe
855 3308 980 3380 quotidie
994 3315 1106 3382 oportet
1118 3310 1250 3370 meditari
1261 3316 1285 3369 et
1294 3320 1341 3389 opt·

778 3380 846 3436 rari.
868 3382 938 3437 Nam
960 3381 996 3438 de
1018 3381 1088 3454 ipsis
1112 3384 1251 3441 Dominus
1270 3379 1340 3457 dicit:

778 3451 938 3522 operamini
949 3454 1040 3508 cibum
1050 3456 1100 3524 qui
1111 3470 1166 3511 non
1174 3458 1258 3537 perth
1276 3453 1344 3530 quola

777 3522 879 3579 dianus
907 3522 1011 3580 dieitur
1036 3524 1089 3581 iste
1118 3520 1346 3598 panrs,quamd1t

777 3593 863 3650 durat
872 3596 932 3651 baee
943 3594 1000 3651 vita
1011 3597 1191 3668 temporalis.
1203 3592 1348 3672 pictones

778 3673 884 3734 autem,
901 3666 938 3721 da
954 3666 1039 3724 nobis
1055 3667 1152 3738 hodie,
1169 3669 1249 3741 quod
1265 3662 1348 3747 intell·

777 3737 853 3806 gitur
876 3752 928 3809 pro
955 3742 1015 3794 toto
1039 3743 1169 3811 tempore
1195 3741 1281 3813 hujus
1300 3739 1350 3818 nte

777 3807 925 3876 humanae;
943 3809 971 3864 in
986 3810 1081 3867 lutura
1097 3811 1174 3866 enirn
1185 3811 1227 3869 eis
1257 3808 1353 3883 quibit

778 3885 954 3950 meruerunt,
966 3896 1023 3937 non
1044 3880 1200 3954 auferetu‘r,
1218 3883 1286 3956 quia
1302 3880 1354 3938 elbo

777 3949 915 4021 spirituali
935 3950 966 4007 in
988 3957 1128 4010 aeternum
1148 3944 1354 4013 siturabuntur.

778 4022 839 4088 Vel,
857 4039 957 4093 panem
976 4029 1100 4080 nostrum
1115 4027 1310 4096 quotidianum
1326 4023 1357 4079 de

776 4094 855 4149 notis
866 4095 956 4159 bodie,
966 4093 994 4151 id
1005 4101 1048 4151 est
1058 4106 1162 4167 panem
1176 4100 1358 4156 sacramenta·

777 4164 831 4220 lem
848 4170 876 4220 et
893 4164 987 4223 virum
1024 4166 1051 4223 ui
1070 4167 1106 4223 de
1121 4167 1193 4225 eoelo
1209 4167 1359 4237 deseendit,

777 4235 826 4307 qui
836 4241 880 4292 est
888 4182 1182 4311 supersufficientielis,
1190 4239 1276 4299 idest
1284 4253 1361 4314 super
