2790 4912
113 332 145 386 tt
504 326 613 378 littus
640 327 760 380 Pluris
787 325 892 378 clius
920 324 961 376 lli

118 445 184 496 tens
209 453 241 494 se
263 433 401 493 voluntati
427 432 539 491 divinae.
567 437 600 492 Et
627 440 705 508 post·
764 435 906 504 meritum,
920 432 1338 506 etpromissionisconsequere

119 510 237 567 modum
252 524 285 564 ex
299 505 397 563 divina
412 505 585 563 revelatione
600 507 705 579 loseph
763 512 811 563 tur
829 506 975 574 effectum
991 504 1030 562 ita
1044 505 1135 577 potuit
1155 520 1220 561 esse
1242 503 1272 560 in
1290 519 1338 576 pro

118 579 234 654 agnovit
254 576 432 660 propositum
456 577 562 647 Mariae,
586 583 614 635 et
639 581 706 659 tunc
764 577 857 651 posito
872 579 907 634 de
921 579 1006 635 beata
1020 576 1109 633 Maria
1121 574 1254 647 Virgine.

120 668 154 709 ex
172 664 317 707 commum
342 664 483 705 consensu
499 653 639 706 voverunt
652 664 708 704 vir·
800 655 816 706 5
845 651 1041 705 Viiieiriiriirnii
1071 665 1103 702 er
1140 661 1337 703 rocuvoiriim

119 720 427 862 llifflilfflltlt
447 719 706 863 titubetis

119 863 294 937 quemfacta
310 868 385 919 esset
402 866 500 918 mutua
512 860 706 934 desponsatio,

120 934 467 1076 tristitiarum
482 935 706 1059 lltlltllt

120 1078 212 1145 nium,
225 1074 397 1133 revelatione
408 1073 528 1146 Spiritus
536 1072 641 1132 Sancti.
652 1074 709 1130 Nec

121 1147 205 1206 aliter
231 1147 421 1204 consensisset
441 1144 471 1221 in
493 1145 626 1213 alterum,
641 1143 708 1213 nisi,

121 1220 243 1276 docente
259 1217 364 1290 Spiritu
378 1219 491 1287 Sancto,
506 1216 579 1274 alter
591 1214 709 1273 alterius

123 1288 303 1361 cognovisset
326 1288 518 1361 propositum
536 1288 587 1345 sed
609 1294 710 1360 postea

124 1367 246 1433 uterque
259 1360 437 1433 propositum
452 1375 536 1417 suum
548 1358 709 1431 exprimens

124 1433 221 1501 verbo,
239 1435 297 1489 Deo
315 1436 454 1488 voverunt
469 1430 672 1503 virginitatem.

160 1507 293 1571 tlosiirn
320 1520 352 1558 rr
378 1520 436 1558 inse
452 1518 544 1557 vrnoo.
563 1531 595 1542 -
610 1500 711 1555 Adhuc

123 1574 212 1643 enim,
225 1579 256 1630 ut
266 1573 402 1641 creditur,
415 1573 521 1643 Josepb
536 1571 616 1696 virgo
630 1575 708 1640 crat,

123 1646 204 1771 till
214 1642 397 1771 culturi
411 1646 614 1785 pituita
631 1639 709 1769 ltili

126 1790 247 1842 matrem
262 1783 430 1841 servandam
445 1783 563 1840 tradidit
583 1782 638 1839 nisi
652 1782 710 1839 vir·

124 1854 196 1930 giiii,
213 1871 273 1912 non
301 1860 344 1912 est
367 1853 514 1927 probabile
539 1854 616 1926 quod
643 1858 710 1911 ante

126 1932 305 1999 conceptum,
321 1927 388 1983 duni
409 1925 501 1982 adbuc
522 1930 596 1982 esset
613 1926 709 1981 'uven-

126 1997 200 2067 cula,
225 1997 386 2053 traderetur
413 1995 497 2053 alicui
515 2001 594 2052 custo
617 1996 709 2057 enda.

126 2067 183 2125 nisi
195 2066 308 2139 virgini.
332 2067 394 2124 Fuit
410 2072 505 2124 autem
524 2068 607 2124 beata
625 2067 711 2139 Virgo

128 2139 484 2210 desponsatalosepb,non
492 2138 712 2210 desponsatione

127 2210 237 2268 futuras
256 2208 368 2281 nuptias
380 2208 580 2282 promittente;
594 2210 644 2266 sed
666 2209 714 2265 de-

127 2279 310 2353 sponsatione
325 2286 353 2337 et
367 2295 507 2337 consensu
517 2296 568 2352 per
578 2282 663 2338 verba
677 2280 712 2336 de

125 2351 270 2478 praesenti.
289 2354 320 2408 Et
331 2351 372 2408 ita
386 2367 484 2408 verum
499 2351 712 2409 matrimonium

138 2422 180 2480 uit
204 2422 280 2479 inter
307 2421 395 2505 ipsos,
413 2429 442 2479 et
464 2428 712 2489 consummatum;

124 2494 321 2552 solemnitates
347 2509 425 2551 enim
463 2494 626 2566 nuptiarum
654 2509 713 2550 non

126 2573 194 2622 sunt
210 2566 246 2622 de
263 2565 422 2623 substantia
436 2565 621 2634 matrimonii,
638 2564 714 2621 undo

125 2637 231 2717 losepli
250 2642 279 2693 et
305 2652 425 2717 sponsus
447 2641 475 2693 et
489 2636 533 2692 vir
552 2638 614 2708 ejus
642 2635 714 2692 solet

127 2722 234 2762 vocari.
250 2705 331 2762 Unde
354 2706 422 2762 dicit
439 2709 529 2774 liupo,
546 2707 632 2778 quod,
648 2722 713 2763 cum

128 2777 212 2835 beata
228 2775 314 2846 Virgo
327 2775 517 2848 virginitatem
536 2776 670 2845 vovisset,
686 2782 714 2833 ct

117 2851 262 2929 ‚parentes
271 2860 335 2925 cain
345 2847 714 2927 nubereJ'uberent,timens

129 2916 179 2973 illa
203 2916 369 2973 inobediens
388 2932 451 2973 esse
467 2918 641 2988 parentibus,
662 2934 714 2974 nec

130 2985 301 3058 virginitatis
310 2986 494 3114 propositum
513 2988 645 3046 deserere
665 3004 714 3045 vo·

67 3058 71 3065 ⁴
131 3057 204 3125 lens,
228 3072 283 3139 per
330 3062 446 3129 piritum
465 3060 598 3116 Sanctum
615 3060 716 3117 edocta

132 3133 275 3185 commisit
306 3144 337 3184 se
368 3130 444 3198 Deo,
470 3134 578 3186 certam
607 3131 716 3188 babens

132 3199 266 3281 fiduciam
281 3200 357 3272 quod
372 3215 434 3257 eam
447 3198 544 3256 divina
558 3201 716 3259 misericor·

131 3270 179 3327 dia
193 3271 233 3328 ita
246 3270 412 3340 custodiret,
432 3276 464 3328 ut
477 3276 573 3344 posset
587 3272 714 3345 parenti·

131 3342 184 3425 biis
199 3343 228 3399 in
243 3344 436 3400 contrahendo
451 3342 631 3401 matrimonio
647 3346 714 3401 obe·

132 3412 434 3495 dientiamueiihibere,
454 3419 483 3472 et
505 3420 600 3472 tamen
618 3421 715 3472 votum

131 3488 301 3564 vrrgiuitatis
325 3501 384 3541 non
406 3491 554 3556 cogeretur
571 3487 713 3559 frangere.

131 3554 165 3608 Et
179 3558 259 3636 ponit
273 3555 430 3635 cremplum
448 3556 483 3612 de
497 3558 650 3625 Abrabam,
666 3556 715 3629 qui

130 3638 383 3695 repromissionem
402 3633 550 3699 acceperat
560 3626 590 3684 in
606 3627 715 3684 semine

131 3696 221 3776 leaeo,
237 3711 320 3766 quem
333 3701 429 3752 tamen
451 3704 551 3768 postea
562 3699 658 3769 jussus
672 3702 716 3754 est

130 3765 294 3834 immolare;
313 3767 356 3823 cui
368 3767 489 3839 jussioni
503 3769 606 3840 paruit,
623 3767 716 3825 sciens

115 3850 184 3907 ,pro
204 3840 293 3904 certo,
311 3837 388 3918 quia,
407 3837 460 3894 etsi
482 3839 636 3895 secundum
662 3839 715 3895 bu·

132 3921 247 3962 menam
274 3913 427 3978 rationem,
437 3908 620 3980 promissioni
647 3925 715 3967 con·

132 3976 222 4059 traria
250 3977 394 4035 rideretur
418 3979 527 4050 jussio,
561 3980 717 4038 secundum

130 4047 210 4128 illam
225 4053 322 4106 tamen
337 4049 544 4122 virtutemque
559 4052 617 4108 Deo
629 4051 718 4123 possi·

131 4118 201 4200 bilia
210 4127 276 4176 sunt
290 4117 395 4188 omnia,
408 4136 471 4176 cum
485 4121 645 4179 obedientia
656 4123 717 4194 jus-

132 4189 718 4265 sionisimpleripossetpromissio.Sicque

131 4259 237 4319 lactum
252 4269 306 4333 est,
315 4266 384 4320 utet
396 4262 566 4320 obedientiae
579 4263 719 4331 inveniret

765 738 864 776 siinvrr
878 737 910 775 ιιι
923 720 1130 776 nneuirlluiiin.
1142 749 1176 759 -
1186 717 1268 774 Circa
1277 718 1334 773 bant

764 790 1012 862 desponsationem
1041 791 1081 845 sic
1107 788 1147 845 ait
1173 789 1333 845 sosarmo:

766 885 781 915 «
797 865 832 919 Et
844 861 960 935 quidem
974 861 1035 917 baec
1052 860 1108 916 duo
1123 860 1186 931 ipsa
1199 856 1333 930 jucundis

765 935 891 1001 amabat,
906 931 1097 1004 virginitatem
1117 931 1234 998 scilicet,
1249 934 1277 986 et
1294 928 1329 984 lo·

766 1003 941 1062 cunditatem
956 1020 963 1058 :
980 1001 1181 1074 virginitatem,
1198 999 1264 1072 quia
1275 1000 1329 1056 bant

767 1078 825 1133 Deo
838 1091 897 1148 prae
912 1073 1007 1131 omnia
1027 1073 1138 1144 placere
1154 1071 1328 1143 intelligebit;

766 1146 991 1214 foecunditatem,
1006 1145 1073 1217 quia
1087 1143 1148 1200 sine
1167 1145 1242 1200 banc
1262 1139 1329 1198 inult-

766 1216 873 1274 dictum
893 1216 985 1288 Legis,
1001 1231 1063 1287 quae
1084 1214 1177 1271 adbuc
1201 1211 1332 1270 carnaliter

767 1287 1000 1354 custodiebatur,
1029 1286 1175 1343 incurrere
1199 1283 1330 1342 metuebat

767 1362 827 1416 Duo
853 1375 921 1441 ergo
949 1363 1030 1415 eraut
1047 1357 1077 1412 in
1098 1355 1224 1427 Virginis
1246 1353 1333 1432 aninpi

766 1428 901 1512 invisibili
923 1429 980 1511 'sed
998 1443 1119 1510 'magno
1160 1429 1336 1501 concertantit

766 1501 1078 1628 tultalltllll.
1091 1493 1338 1648 tilitltttttt

766 1645 848 1700 braio
868 1642 917 1698 diu
941 1640 1116 1711 multumque
1138 1639 1268 1707 consilio,
1287 1635 1338 1692 vicit

766 1730 858 1782 amor,
881 1712 928 1784 qui
957 1711 1205 1784 preponderabat,
1229 1715 1258 1767 et
1272 1713 1338 1779 tergi

767 1785 847 1842 dedit
865 1784 961 1840 timor.
985 1781 1059 1839 Vicit
1077 1781 1106 1837 in
1131 1797 1166 1838 ea
1188 1796 1272 1837 emor
1293 1792 1338 1836 ser

767 1854 866 1912 vandae
889 1853 1069 1926 virginitatis,
1086 1857 1115 1908 et
1131 1851 1248 1909 exclusit
1266 1850 1303 1908 ab
1318 1863 1338 1906 ei

768 1927 899 1983 timorem
926 1923 1103 1981 incurrendae
1135 1922 1338 1980 maledictionis

767 1998 853 2069 Virgo
863 1996 959 2068 itaque
968 2000 1069 2052 tenera
1082 1998 1110 2050 et
1122 1994 1253 2061 delicata,
1267 1992 1338 2065 regal

769 2068 900 2140 exstirpe
915 2065 1073 2139 progenita,
1089 2072 1117 2121 et
1135 2063 1338 2137 speciosissima

768 2146 857 2196 totam
873 2138 1057 2195 intentionem
1072 2140 1263 2204 suam‚totum
1276 2150 1337 2192 anio

769 2227 830 2267 rem
849 2225 930 2266 suum
962 2206 1197 2272 totumstudium
1215 2222 1298 2264 suum
1317 2220 1338 2262 ai

769 2283 823 2338 boc
847 2251 978 2347 intendit,
997 2283 1028 2335 ut
1051 2294 1153 2360 corpus
1176 2283 1206 2360 et
1230 2278 1338 2334 animan

769 2367 852 2409 suam
866 2353 924 2408 Deo
939 2355 1075 2422 perpetua
1083 2349 1246 2420 virginitate
1255 2364 1338 2405 conse

770 2427 872 2480 craret.
885 2421 996 2479 Sciebat
1006 2420 1081 2476 eiiim
1092 2420 1283 2492 quodquanto
1293 2434 1338 2476 san

769 2490 1338 2559 ctiuseamconservarct,tantosublimiu

770 2565 807 2634 ei,
821 2563 868 2637 qui
888 2564 1013 2620 omnium
1029 2561 1214 2629 castissimus,
1232 2561 1290 2618 imo
1308 2577 1338 2632 qu

769 2636 832 2708 ipsa
858 2635 972 2691 castitas
1005 2638 1073 2702 est,
1101 2649 1136 2704 ap
1159 2632 1338 2704 ropinquaret

769 2706 987 2779 Amplectendoi
1010 2649 1338 2776 'turquoupacceptabiliu

770 2795 832 2836 esse
847 2775 978 2859 cognovit
990 2721 1108 2833 {lomim
1124 2773 1216 2846 Legis,
1233 2774 1338 2847 sperari

770 2856 799 2907 et
819 2847 939 2905 credidit
955 2863 985 2904 se
999 2846 1082 2919 plene
1097 2861 1248 2902 evasuram
1271 2845 1338 2903 mali

770 2919 923 2977 dictionem
932 2918 1005 2975 datae
1013 2917 1106 2989 Legis,
1116 2922 1338 2988 reputanssecni

771 2990 841 3048 illud
868 2995 954 3047 tantae
975 2988 1120 3058 bonitatis,
1143 2992 1290 3059 tantaeque
1311 3002 1338 3044 sa

771 3062 895 3135 pientiae,
910 3065 951 3129 ut,
966 3060 1033 3116 dum
1049 3075 1079 3116 se
1102 3059 1266 3115 nullatenus
1277 3059 1338 3131 juxt

771 3131 974 3190 conscientiam
988 3146 1069 3188 suam
1084 3129 1185 3186 melius
1208 3128 1294 3198 scire,
1309 3145 1338 3186 at

771 3219 854 3276 posse
874 3204 966 3259 lacere
982 3217 1068 3274 quam
1082 3200 1213 3267 iaciebat,
1229 3200 1338 3257 adverti

770 3280 824 3342 ret,
840 3279 930 3330 tutum
942 3272 1101 3340 consilium,
1118 3270 1237 3343 nequid
1270 3285 1338 3328 eoca‘

769 3345 800 3402 in
814 3345 876 3402 istis
887 3342 1158 3412 subiretinveniret.
1171 3345 1227 3399 Nec
1259 3347 1339 3415 ecept

771 3423 824 3474 est.
836 3415 903 3485 Quis
915 3414 993 3472 enim
1004 3413 1127 3487 speravit
1141 3413 1170 3468 in
1183 3412 1316 3483 Domino,
1328 3428 1338 3468 i

771 3487 922 3545 derelictus
941 3491 989 3542 est
1016 3484 1125 3542 abeo?
1153 3483 1292 3555 benique,
1308 3483 1338 3540 ul

771 3562 829 3615 tani
846 3561 973 3614 sanctam
1001 3555 1186 3612 interitionem
1206 3555 1280 3625 eJus,
1298 3560 1338 3611 tai

771 3634 878 3685 castum
893 3626 1069 3700 propositum
1084 3628 1155 3697 eius,
1169 3632 1227 3681 tam
1243 3625 1338 3683 ilrniai

772 3699 870 3768 ildem,
895 3703 1074 3755 constantem
1103 3712 1192 3766 spem,
1221 3701 1250 3752 et
1280 3696 1338 3752 indi

771 3769 915 3826 ficientem
940 3768 1010 3825 vidit
1035 3767 1202 3823 charitatem
1228 3768 1303 3838 ejus,
1323 3782 1338 3823 e

772 3839 975 3897 misericordiae
996 3854 1056 3895 suae
1079 3838 1181 3894 intuitu
1201 3837 1259 3909 egit
1283 3837 1338 3894 circ

771 3911 861 3978 illam,
888 3917 919 3968 ut
946 3925 998 3967 nec
1027 3908 1162 3966 sanctitas
1191 3907 1338 3966 intentioni

771 3983 833 4054 ejus
858 3983 1052 4050 frustraretur,
1075 3996 1128 4036 nec
1153 3979 1269 4036 castitas
1292 3995 1338 4052 prc

772 4053 856 4126 positi
869 4054 931 4124 ejus
941 4053 1103 4109 violaretur.
1113 4053 1153 4108 Ne
1163 4055 1259 4108 autem
1271 4050 1338 4107 sirm

771 4131 816 4182 tas
839 4123 918 4192 tldei,
944 4123 1089 4179 inilrmata
1109 4122 1169 4195 spei
1188 4121 1338 4178 constantii

773 4195 918 4264 titubaret,
926 4192 1338 4275 autcharitatisineaplenitud

773 4266 920 4335 detlceret,
943 4264 1065 4322 occurrit
1086 4265 1111 4321 ci
1132 4263 1279 4332 auxilium,
1295 4279 1338 4335 qui
