2790 4912
453 283 496 339 DE
524 286 740 342 rmririritrit
767 284 937 343 sicinini.
1274 287 1319 343 in

99 389 281 448 commisimus
291 388 392 447 illicita
403 389 610 449 condonantur.
621 395 674 450 Pa·

102 464 138 520 tst
153 478 216 534 ergo
238 478 272 520 ex
285 460 359 530 istis,
374 463 508 533 quoniam
530 464 566 520 ad
579 464 672 536 poeni-

106 532 204 592 tentiam
217 533 340 607 pertinet
349 534 461 605 operari
472 534 617 592 contraria
629 535 674 591 bis

172 604 270 677 uliquis
292 606 428 677 peccarit.
443 624 458 655 a
479 605 557 662 Unde
572 607 673 664 iterum

167 684 294 733 metemus
319 692 328 732 ι
354 697 370 727 a
385 674 584 733 Paenitentiam
606 693 674 734 vero

112 746 162 805 dico
175 762 226 803 non
240 746 344 815 solum,
355 750 387 803 ut
401 762 419 804 a
434 746 517 803 matis
550 747 675 806 rioribus

115 816 262 887 dabamus,
280 820 477 900 verumetiam
490 764 674 876 utbonorum

63 928 67 937 .
115 903 208 961 operum
220 888 358 946 fructibus
375 889 554 962 impleamur.
570 889 674 959 Facite,

114 957 195 1032 inquit,
220 958 329 1017 tructus
358 959 460 1031 dignos
490 961 674 1032 paenitentia.

116 1030 262 1098 moenam
278 1032 363 1088 modo
382 1031 552 1088 fructificare
571 1032 677 1103 poteri-

41 1158 44 1163 .
116 1100 180 1159 must
194 1100 222 1160 Si
236 1100 334 1173 utique
352 1102 476 1174 peccatis
492 1103 612 1161 adversa
635 1104 675 1160 ia·

117 1168 209 1229 dinus.
219 1172 316 1230 Aliena
325 1172 453 1245 rapuisti,
465 1173 557 1246 incipe
571 1175 676 1232 donare

115 1240 162 1313 lain
171 1243 291 1316 propria,
307 1244 391 1317 longo
405 1260 437 1301 es
449 1250 577 1317 tempore
592 1246 677 1302 iorni·

117 1318 215 1382 ratum
231 1315 357 1386 legitimo
373 1331 486 1388 quoque
503 1322 530 1373 te
543 1333 595 1373 usu
615 1333 677 1374 sus-

116 1384 189 1466 pende
204 1385 339 1468 conjugii,
353 1402 387 1443 ac
404 1392 569 1460 perpetuam
587 1387 677 1445 conti-

118 1463 217 1536 nentiam
228 1473 266 1513 sae
287 1474 332 1513 ius
346 1472 501 1529 paucorum
512 1459 620 1515 dierum
635 1475 679 1515 ca-

117 1527 190 1584 tltttte
211 1543 255 1585 me
278 1527 358 1585 tare.
375 1529 510 1600 injuriam
535 1533 677 1602 cuiquam,

118 1595 183 1655 reto
217 1615 247 1655 re
270 1599 314 1656 vet
337 1616 469 1656 sermone
488 1601 590 1670 iecisti,
605 1603 679 1657 ieter

62 1714 65 1719 .
120 1662 160 1723 ben
191 1669 299 1727 ictionis
318 1671 404 1728 verba
418 1671 557 1740 convitiis,
574 1678 601 1729 et
617 1688 679 1743 per

120 1743 234 1797 utentes
248 1742 491 1810 te,nuncoiticiis,
507 1743 679 1800 nuncetiam

119 1803 239 1890 mnetieds
263 1812 378 1883 placare
399 1814 547 1870 contende.
581 1816 679 1885 Neque

117 1887 174 1936 taini
200 1881 347 1940 vulnerato
373 1884 477 1940 sufficit
502 1885 678 1941 adsalutem

116 1946 288 2009 linummodo
303 1953 412 2026 spicula
423 1955 458 2010 de
472 1970 590 2027 corpore
604 1956 678 2011 evel-

41 2078 43 2083 .
113 2012 173 2091 ‘erm
183 2024 231 2081 sed
244 2024 330 2081 etiam
344 2025 470 2082 remedia
479 2027 613 2083 adbibere
622 2027 680 2083 vul·

108 2092 218 2151 uanius.
235 2095 350 2151 Deliciis
363 2101 458 2152 autem
473 2101 501 2153 et
513 2098 680 2154 temulentia

105 2154 680 2240 diffluebas,jejunioetaquaepotuutrum·

98 2238 151 2305 (Ine
163 2252 324 2309 compensa,
338 2242 368 2294 ut
382 2238 485 2294 semein
500 2256 617 2322 superes
627 2240 678 2295 irn-

93 2306 259 2365 minentem.
286 2308 387 2365 Vidisti
411 2309 561 2382 impudicis
591 2311 680 2367 oculis

90 2376 217 2460 fidenam
233 2380 368 2436 decoram
380 2380 525 2450 feminam,
538 2383 597 2454 jani
618 2398 679 2438 orn-

85 2452 161 2506 limo
182 2465 220 2506 ne
242 2450 349 2519 rideas,
372 2452 480 2522 majore
503 2459 593 2510 taetus
613 2470 679 2509 cau-

85 2518 171 2577 tione
184 2524 251 2593 post
263 2521 388 2578 vulnera.
408 2525 530 2588 Declina,
547 2523 649 2595 inquit,
663 2542 680 2580 a

80 2593 176 2661 nolo,
191 2597 218 2647 et
230 2594 278 2661 seo
293 2593 400 2648 bonam.
416 2596 449 2649 El
464 2594 530 2651 alibi
546 2612 553 2651 ε
569 2598 681 2664 iaquire

77 2676 187 2790 {nomn
201 2668 227 2719 et
237 2679 398 2734 persequere
410 2681 480 2720 eam.
494 2668 555 2721 Non
571 2671 681 2721 tanturn

112 2733 679 2815 ancdicopaoem,quaecumlinrniiiibus‚

84 2810 290 2862 verumetiam
305 2821 369 2876 quae
384 2822 447 2863 cuin
464 2810 521 2863 [leo
538 2815 580 2864 est
595 2825 680 2872 copu-

91 2874 189 2933 landa.
206 2877 240 2931 Et
259 2877 330 2933 bene
343 2878 394 2946 ait,
410 2893 580 2949 persequere
596 2897 602 2934 :
619 2895 683 2935 eia-

91 2947 183 3018 gitala
192 2950 235 3003 est
248 2947 418 3019 undique,et
427 2965 544 3031 prorsus
555 2951 681 3021 explosa,

92 3032 125 3074 ac
140 3023 234 3075 terras
248 3017 411 3089 relinquens
426 3036 457 3075 in
473 3020 575 3077 coeluin
590 3022 656 3092 prol
671 3052 682 3062 -

91 3094 156 3159 cta3
171 3088 223 3144 sed
237 3092 333 3145 tamen
349 3106 500 3161 possumus
511 3108 574 3148 oain
586 3108 684 3148 rursus

92 3175 242 3228 revocare,
258 3160 282 3215 si
301 3161 441 3230 volumus,
455 3161 489 3218 id
509 3168 563 3230 est,
584 3162 606 3218 si
627 3162 682 3218 ira·

93 3229 508 3304 cundiam,superbiam,atque
516 3233 683 3303 jactantiam

94 3301 684 3376 omniaqueabjicientesimpedimentapa-

94 3372 145 3441 cis,
158 3372 317 3429 modestam
332 3374 405 3430 banc
418 3376 515 3443 vitam,
527 3392 683 3447 puramque

95 3448 260 3501 sectemur:
281 3465 295 3494 »
315 3445 376 3502 baec
396 3447 610 3515 chrysostomus.

132 3518 166 3572 ιδ
199 3515 372 3571 Sirisricrio
399 3519 476 3573 Dauii
500 3536 625 3573 nonnum
651 3535 683 3573 ar

91 3602 212 3642 ermari
236 3603 383 3644 rnnvnrur.
404 3618 439 3630 -·
460 3589 618 3645 satisfactio
633 3605 683 3645 au-

96 3661 153 3713 tem
181 3657 268 3713 debet
291 3658 354 3714 iteri
376 3673 427 3730 per
449 3675 536 3731 opera
549 3660 682 3730 pcanatia.

97 3728 150 3785 Per
164 3727 388 3785 satisfactionem
396 3730 482 3799 enim,
496 3738 608 3803 oportet
623 3747 685 3802 pec-

101 3797 152 3855 cati
162 3798 271 3880 ‚minus
285 3816 388 3857 sanare
402 3802 542 3872 portente;
559 3802 608 3858 sod
623 3818 685 3874 pec-

100 3882 243 3926 caminum
269 3870 416 3928 medicinae
440 3878 504 3928 sunl
523 3889 613 3945 poenae
631 3891 637 3928 :
658 3878 685 3929 et

101 3954 167 4013 ergo
182 3940 220 3997 ed
231 3941 461 3999 satisfaciendum
473 3950 538 3999 sunl
555 3960 685 4000 necessa-

100 4010 161 4068 ria.
178 4012 249 4067 Nam
269 4011 335 4068 ticet
349 4015 407 4069 Deo
422 4013 490 4070 nibil
507 4020 602 4086 posset
619 4016 685 4071 snb-

100 4081 289 4163 trabi„tamen
299 4090 431 4155 peccator
440 4086 686 4156 peccando,quan-

100 4155 161 4209 tum
182 4169 213 4208 in
227 4168 262 4209 eo
282 4160 335 4223 est,
350 4155 490 4212 subtrabit
503 4157 578 4227 quod
593 4157 684 4212 estad

100 4219 239 4280 honorem
255 4224 320 4295 [lei;
337 4230 366 4282 et
376 4225 441 4283 ideo
455 4243 518 4283 cuin
533 4227 686 4284 satisfactio

163 4309 235 4365 Vini
246 4310 313 4367 Jisu
324 4312 442 4379 ennii,
452 4327 539 4369 nouus
552 4313 576 4367 1.

728 392 766 452 sit
808 393 920 451 uaedam
944 391 1182 465 recompensatio,
1205 397 1319 466 oportet

728 409 807 537 quod
824 479 950 536 peream
966 463 1089 537 sibiipsi
1109 463 1250 536 poenitens
1263 465 1317 522 ali·

729 536 796 608 quid
826 536 985 604 subtrahat,
1015 535 1091 606 quod
1114 535 1151 591 ad
1178 537 1319 593 bonorem

730 607 779 664 tlei
789 607 879 663 cedat.
894 609 952 663 Hoc
962 610 1057 663 autem
1067 622 1125 662 non
1137 611 1232 677 potest
1242 622 1318 691 esse,

729 678 785 735 nisi
798 678 835 734 sit
848 693 919 749 opus
933 678 1049 746 bonum,
1065 683 1204 748 quantuni
1219 677 1256 733 ad
1267 680 1320 736 Ilei

730 751 883 817 honorem;
908 753 936 805 et
956 748 1070 820 poenale
1084 764 1165 820 opus,
1181 755 1320 819 quantum

730 822 766 877 ad
789 825 967 893 peccatorem
988 819 1186 891 poenitentem,
1203 818 1248 875 cui
1272 823 1318 877 est

730 891 974 949 subtrahendum.
992 890 1038 948 Sic
1054 895 1082 947 et
1095 892 1153 946 ileo
1169 889 1318 963 satisfacit,

731 968 759 1021 et
778 963 863 1019 etiam
877 978 895 1018 a
907 960 984 1017 vitiis
1003 966 1031 1017 et
1054 961 1155 1017 tuturis
1180 961 1272 1030 malis,
1287 961 1320 1019 in

731 1041 868 1105 quantum
878 1032 1007 1105 poenale,
1025 1036 1190 1105 praservat.
1205 1032 1321 1090 Salisio·

732 1105 788 1161 ctio
805 1120 874 1175 ergo
894 1104 977 1160 debet
992 1119 1054 1160 esse
1073 1103 1148 1170 talis,
1168 1118 1220 1173 per
1234 1117 1322 1174 quam

733 1176 839 1247 aliquid
867 1175 949 1231 nobis
972 1174 1008 1230 ad
1028 1176 1167 1231 bonorem
1185 1172 1234 1230 Dei
1254 1176 1322 1231 sub-

735 1250 892 1303 trahamus.
909 1246 964 1303 Sed
976 1262 1032 1301 non
1048 1246 1185 1301 babenius
1198 1244 1253 1300 nisi
1268 1243 1326 1302 tria

735 1320 822 1385 bona,
851 1317 958 1373 scilicet
985 1334 992 1372 ε
1019 1317 1094 1372 bona
1115 1314 1323 1382 animae,hone

734 1388 872 1460 corporis,
898 1393 927 1444 et
953 1387 1029 1444 bona
1053 1387 1184 1445 fortunae.
1214 1385 1323 1443 scilicet

734 1462 809 1517 bona
823 1457 972 1516 exteriora.
990 1460 1028 1513 Ei
1042 1456 1125 1514 bonis
1140 1454 1253 1525 quidem
1267 1456 1323 1512 ior·

735 1538 822 1600 lunas,
837 1528 1030 1587 subtrahimus
1046 1529 1129 1584 nobis
1141 1525 1259 1597 aliquid,
1270 1541 1324 1599 per

735 1604 944 1673 eleemosynam
956 1617 963 1668 ;
980 1616 1012 1655 ex
1026 1597 1109 1656 bonis
1122 1597 1259 1669 corporis,
1270 1613 1322 1669 per

732 1673 891 1744 jejunium3
918 1689 951 1728 eii
974 1670 1056 1728 bonis
1083 1675 1177 1725 autern
1207 1668 1322 1740 animae,

736 1761 792 1800 non
808 1748 920 1816 oportet
934 1742 1008 1814 quod
1028 1741 1134 1868 aliquid
1154 1740 1236 1796 nobis
1255 1740 1322 1796 sub·

735 1817 891 1883 trahamus,
902 1819 1069 1885 quantuma
1104 1810 1323 1892 diminutionem

735 1888 875 1944 bonorum
899 1884 1012 1951 anima,
1029 1884 1094 1954 quia
1110 1898 1162 1953 per
1181 1899 1215 1938 ea
1234 1882 1324 1938 eitter-

736 1974 800 2014 mur
815 1959 871 2013 Deo
893 1954 1012 2027 accepti,
1028 1955 1078 2011 sed
1100 1970 1151 2026 per
1168 1954 1230 2035 boc¹
1247 1951 1325 2024 quod

735 2027 928 2085 submittimus
940 2043 984 2095 ea,
996 2026 1103 2082 scilicet
1114 2031 1171 2081 tani
1184 2038 1323 2094 animam,

735 2116 820 2226 :quani
836 2100 897 2171 oJus
912 2100 998 2166 bona,
1014 2097 1139 2154 totaliter
1150 2098 1218 2165 Deo,
1228 2101 1257 2152 et
1268 2096 1326 2152 hoc

746 2177 768 2227 it
779 2187 830 2243 per
841 2173 1008 2226 orationem.
1026 2173 1079 2226 iste
1090 2168 1173 2224 etiarn
1189 2180 1325 2223 numerus

736 2258 852 2312 aprorum
867 2240 1120 2297 satisfactoriorum
1135 2239 1325 2293 videturesse

736 2313 884 2370 ordinatus
896 2317 995 2367 contra
1008 2310 1118 2367 radices
1134 2314 1324 2379 peccatorum,

736 2401 798 2455 quae
810 2387 891 2439 sunt:
904 2379 1134 2450 concupiscentia
1143 2379 1248 2445 carnis,
1259 2393 1325 2457 con-

736 2452 909 2526 cupiscentia
938 2453 1096 2516 oculorum,
1126 2455 1154 2504 et
1189 2448 1323 2528 superbia

736 2526 810 2581 vitm.
823 2523 867 2580 Sic
880 2538 948 2592 crgo
959 2527 1057 2577 contra
1067 2519 1324 2590 concupiscentiam

737 2595 830 2652 carnis
857 2592 1006 2649 ordinatur
1034 2590 1191 2662 jejuniiuu;
1224 2592 1325 2645 contra

737 2664 993 2736 concupiscentiam
1018 2662 1174 2728 oculorum,
1204 2659 1325 2740 elesino·

737 2754 823 2810 syna3
838 2741 936 2792 contra
952 2732 1115 2805 superbiam
1130 2731 1204 2798 ritae,
1221 2737 1323 2813 oratio.

739 2809 836 2880 Igitur,
854 2812 884 2863 ut
897 2806 1004 2862 dictum
1024 2810 1077 2873 ost,
1095 2806 1250 2860 secundom
1265 2818 1325 2858 eii·

739 2879 863 2952 gentiam
880 2879 980 2949 culpae,
996 2876 1116 2933 faciendi
1137 2879 1201 2931 sunt
1217 2875 1327 2955 tructus

740 2949 929 3023 poenitenliae3
955 2949 1031 3021 quod
1060 2953 1103 3005 est
1129 2946 1327 3028 contraitlos,

740 3038 862 3093 quorum
875 3021 919 3078 cul
941 3026 1011 3076 aest
1021 3021 1152 3088 multa,ot
1162 3021 1332 3090 poenitentia

741 3093 861 3150 modica.
872 3037 951 3149 Unde
963 3092 1064 3174 dignos
1073 3092 1180 3147 tini-tus
1189 3088 1330 3160 peaniten-

740 3166 786 3221 tiae
812 3164 879 3221 iacit
894 3164 940 3219 ille
955 3180 1014 3234 qui,
1036 3161 1189 3218 secundum
1216 3159 1332 3214 modum

741 3236 841 3307 culpae,
866 3234 932 3291 iacit
957 3233 1148 3304 aequalitatem
1177 3245 1278 3307 pcsnae,
1299 3231 1331 3284 ut

741 3307 786 3378 qui
816 3307 879 3377 plus
906 3308 1014 3374 peccat,
1044 3302 1107 3372 plus
1135 3303 1281 3369 poenitoat,
1301 3301 1331 3378 el

741 3383 808 3449 quot
833 3374 941 3430 invenit
961 3373 990 3427 in
1016 3388 1045 3427 so
1071 3370 1279 3426 oblectamenta
1299 3382 1330 3448 in

741 3450 833 3518 culpa,
853 3451 895 3501 tot
918 3444 953 3499 de
974 3459 1005 3498 se
1029 3441 1113 3498 iaciat
1133 3439 1284 3494 holocausa
1299 3453 1329 3519 in

739 3515 922 3591 paenitentia3
943 3518 971 3570 et
995 3512 1042 3584 qui
1065 3512 1160 3569 amisit
1185 3512 1273 3566 neuin
1298 3525 1329 3567 in

739 3590 845 3661 peccati
866 3585 1064 3651 delectatione,
1084 3588 1194 3655 quaerat
1213 3598 1277 3637 euni
1298 3581 1328 3637 in

740 3659 846 3731 peccati
886 3654 1108 3723 abominatione,
1141 3652 1326 3735 recogitando

740 3747 839 3787 omnes
858 3744 950 3786 annos
972 3743 1049 3796 suos,
1080 3726 1109 3782 in
1136 3725 1328 3782 amaritudine

740 3803 843 3859 animae
864 3816 932 3857 suae.

780 3878 810 3941 iq
826 3873 994 3941 Quiniriirns
1014 3886 1226 3925 sirisricrionis
1241 3887 1275 3926 ur
1290 3883 1331 3923 sir

742 3961 903 4000 surricinns.
920 3944 1002 3997 -Et
1017 3941 1081 3998 ideo
1102 3943 1216 4012 quando
1232 3937 1329 3997 condi·

741 4031 826 4097 gnam
847 4012 1043 4087 poenitentiam
1064 4014 1197 4069 sacerdos
1212 4028 1269 4067 non
1288 4010 1332 4065 iii·

739 4085 843 4168 pungit,
866 4084 910 4141 rei
940 4083 963 4140 si
990 4083 1123 4156 injungit,
1150 4099 1206 4139 non
1227 4087 1330 4163 ‘tamen

742 4157 885 4227 impietur,
906 4172 962 4212 non
981 4156 1139 4212 absolvitur
1158 4159 1330 4224 poeuitensa

743 4244 829 4303 poena
840 4226 994 4301 condigna,
1008 4227 1058 4284 sed
1073 4230 1182 4283 alanta
1195 4227 1330 4293 quantam

1226 4315 1256 4365 12
