2790 4912
116 381 145 433 31
515 364 626 419 Pullis
653 365 773 419 elaris
799 364 904 418 CAPUT
931 363 948 413 v

119 482 216 543 Latine
231 478 376 537 derivatur
391 471 506 540 amari,
523 470 551 526 in
568 474 706 541 quantum

119 555 149 612 in
161 555 223 626 ipsa
232 555 276 608 est
285 543 457 606 confluentia
465 541 593 600 omnium
603 539 708 612 gratia-

117 641 194 693 rum,
212 622 285 680 sicut
307 617 404 677 omnia
425 613 543 672 flumina
561 614 708 669 confluunt

116 698 152 756 ad
168 710 257 752 mare.

152 792 167 841 7
183 769 284 822 Tenrm
297 774 506 816 irremunrnrro
521 772 528 810 :
545 773 657 812 neurus.
672 787 707 796 -

119 841 189 896 ltem
210 842 254 894 est
268 834 380 889 domino
393 830 423 886 in
440 826 627 885 tentationum
643 828 708 883 sub-

118 909 263 975 ventione,
274 904 400 960 liberans
410 915 510 957 omnes
520 898 555 954 de
568 897 708 967 angustiis

117 998 170 1038 suo
188 986 326 1048 tempore.
344 974 441 1029 Potest
460 969 575 1042 quidem
594 974 623 1026 et
647 968 706 1025 vult

118 1050 280 1115 subuenire,
304 1044 371 1117 quia
396 1045 502 1111 Regina
519 1042 579 1096 ceti
607 1046 659 1107 est,
680 1043 709 1095 et

118 1116 418 1181 Motermiaericordiae.
430 1116 488 1170 lloc
496 1110 583 1168 etiam
592 1126 706 1179 nomen,

119 1193 226 1251 scilicet
251 1187 377 1256 domina,
394 1183 528 1241 convenit
556 1181 651 1238 llariae
679 1181 707 1237 iu

120 1271 256 1337 quantum
283 1261 345 1331 ipsa
372 1255 491 1313 domina
517 1253 621 1322 existit,
650 1269 707 1309 non

119 1343 231 1394 fantum
256 1330 402 1388 hominum
431 1326 460 1382 iu
488 1332 581 1392 terra,
609 1339 708 1380 rerum

120 1407 206 1464 ctiam
224 1402 395 1475 Angelorum
411 1397 441 1479 in
459 1396 542 1465 coelo,
558 1402 586 1453 et
606 1396 711 1451 daeme·

120 1493 188 1535 num
201 1476 230 1532 in
244 1474 375 1531 inferno:
392 1476 419 1527 et
434 1469 497 1525 idco
511 1467 539 1523 iu
555 1466 631 1523 omni
646 1471 709 1522 ten·

119 1548 237 1615 latione,
257 1552 286 1602 ct
313 1542 434 1600 maxime
453 1543 553 1595 contra
572 1536 711 1594 infestati-

120 1636 190 1677 ones
205 1618 365 1675 daemonum
378 1609 535 1671 urvocanda
546 1611 589 1664 est
603 1607 710 1664 Maria:

120 1691 186 1763 quia
204 1687 358 1745 secundum
375 1681 506 1739 eumdem
530 1679 710 1741 bernardum,

120 1778 180 1818 non
196 1760 237 1816 sic
251 1758 352 1813 timent
368 1756 466 1810 hostes
480 1750 712 1823 visibilesquam·

121 1832 192 1889 libet
212 1834 371 1887 castrorum
392 1822 613 1890 multitudinem,
639 1821 712 1878 sicut

123 1903 178 1960 illcu
193 1916 286 1958 acrem
305 1901 461 1982 potestates
476 1893 572 1950 llariee
588 1894 712 1949 vocabu·

123 1975 193 2041 lum,
208 1968 397 2045 patrocinium
413 1970 441 2023 et
453 1964 622 2035 exemplum.
634 1963 712 2021 Sicut

124 2045 201 2102 cuim
215 2040 308 2115 pulvis
319 2045 385 2097 ante
401 2036 501 2094 faciem
514 2035 590 2091 renti
604 2034 713 2107 spargi·

125 2124 182 2185 tur,
203 2119 231 2170 et
247 2112 319 2169 sicut
343 2126 408 2166 cera
426 2112 491 2165 ante
511 2106 610 2162 faciem
637 2104 712 2178 ignis

125 2184 265 2257 liquescit,
284 2182 324 2240 sic
346 2182 381 2239 ad
400 2177 609 2236 invocationem
628 2177 712 2248 hujus

126 2256 250 2314 nominis
268 2253 374 2320 llariu,
394 2250 505 2323 fugiunt
533 2253 561 2306 et
580 2254 710 2320 pereunt.

127 2332 161 2386 Et
177 2329 278 2384 iterum
296 2344 303 2381 ε
324 2347 339 2376 «
355 2323 406 2381 Ubi
421 2336 525 2378 nomen
547 2319 642 2376 Marias
659 2335 713 2375 uo-

127 2399 263 2468 minatur,
288 2395 326 2453 ibi
350 2391 522 2451 daemonium
552 2391 711 2463 effugatum

127 2471 184 2528 reis
212 2468 304 2537 venia,
338 2465 449 2523 medela
478 2461 572 2533 aegris,
604 2460 714 2535 pusillis

128 2542 213 2599 corde
223 2542 322 2609 robur,
332 2536 446 2595 afflictis
456 2532 623 2602 consolatio,
634 2548 715 2605 pere

128 2612 308 2686 grioantibus
319 2606 492 2683 adjutorium
507 2605 609 2661 datur:
627 2626 641 2655 »
654 2605 715 2660 haec

127 2685 294 2742 bernardus.
309 2712 344 2725 -
366 2679 416 2737 Vel
438 2677 521 2734 aliter
547 2682 640 2748 potest
665 2691 714 2731 ac·

762 468 907 535 virtutum,
923 466 1093 539 geminoque
1115 469 1218 526 mentis
1245 471 1351 542 pariter

762 548 790 598 et
805 539 932 611 corporis
946 539 1048 621 decore
1062 540 1242 613 prefulgida,
1260 559 1274 597 s
1294 544 1349 601 ecie

762 617 857 669 suaet
876 610 1086 682 pulchritudine
1102 628 1163 679 sua,
1179 612 1208 668 in
1225 558 1346 672 coeiesti·

762 685 816 741 bus
828 682 953 753 cognita,
966 681 1029 738 coeli
1045 681 1146 739 civium
1162 683 1192 739 in
1206 701 1238 742 sc
1254 700 1347 756 provo

763 754 999 837 cavitaspoctos,
1021 758 1097 809 utet
1122 754 1205 827 Regis
1222 755 1343 815 animum

763 842 791 882 m
808 841 851 881 sui
869 823 1128 896 concupiscentiam
1144 825 1306 898 inclinaret,
1319 835 1345 885 et

763 897 907 954 coelestem
923 895 1052 951 nuntium
1067 896 1102 951 ad
1122 913 1153 953 se
1169 898 1205 955 dc
1219 915 1254 955 su
1291 899 1344 957 rnis

763 968 927 1026 adduceret.
948 970 983 1022 Et
1010 969 1149 1035 ingressus
1169 973 1250 1039 Arcge
1263 987 1294 1026 aa
1310 971 1342 1025 od

764 1057 823 1121 eom
840 1058 848 1093 :
865 1038 940 1120 quoi
955 1038 1025 1093 Puto
1041 1038 1069 1093 in
1081 1039 1266 1098 secretarium
1276 1042 1341 1099 cubi

764 1109 889 1191 culr,ubr
904 1108 952 1164 illa
965 1109 1103 1176 fortassis,
1116 1110 1211 1168 clauso
1224 1128 1339 1184 superse

764 1181 957 1250 ostro,orabat
973 1180 1085 1236 Patrem
1101 1183 1220 1238 suumin
1234 1186 1338 1241 abscon·

764 1252 834 1310 dito.
862 1252 918 1307 Nec
945 1250 1146 1322 suspicandum
1182 1259 1249 1324 est,
1274 1255 1336 1326 quod

764 1328 893 1407 aerium
922 1321 1045 1393 Angelus
1079 1322 1219 1381 invenerit
1247 1326 1334 1383 ostium

789 1400 899 1477 rrgr'ms,
915 1394 995 1465 cujus
1011 1392 1038 1474 in
1054 1396 1200 1466 proposito
1221 1403 1282 1453 erat
1294 1398 1335 1454 bo·

765 1480 874 1522 minum
886 1465 1060 1535 frequentias
1070 1464 1178 1535 lugere,
1191 1466 1279 1525 vitare
1291 1467 1336 1525 col·

766 1537 872 1609 loquia,
892 1552 928 1592 ne
949 1535 990 1591 vel
1011 1536 1119 1593 orantis
1139 1540 1340 1609 perturbaretur

765 1607 928 1674 silentium,
957 1606 1001 1662 vel
1026 1607 1207 1665 continentiae
1237 1611 1343 1667 castitas

765 1684 933 1737 lentaretur.
943 1678 1087 1735 Clauserat
1098 1678 1192 1750 itaque
1203 1680 1288 1738 etiam
1301 1680 1359 1738 illa

766 1753 926 1832 horam-um
942 1765 1068 1822 superse
1083 1750 1278 1809 habitaculum
1288 1765 1367 1826 pru·

765 1823 930 1879 dentrssrma
945 1820 1041 1892 Virgo,
1051 1821 1100 1877 sed
1110 1822 1366 1893 bominibus,nos

765 1892 882 1976 Angelis
897 1909 904 1947 :
917 1913 931 1941 ν)
944 1892 1004 1947 haec
1016 1894 1183 1950 bernardus.
1198 1894 1275 1952 Noni
1297 1894 1367 1952 'tit'

765 1981 794 2021 m
810 1963 911 2036 plateis
926 1962 1015 2019 lleria
1029 1969 1100 2032 erat,
1115 1981 1173 2021 non
1192 1964 1222 2022 in
1241 1911 1367 2039 pui'lic·

766 2035 941 2101 morabatur,
952 2034 1028 2091 intus
1038 2042 1109 2102 erat,
1118 2035 1147 2091 in
1159 2036 1345 2108 penetralibu

765 2107 827 2164 sola
846 2106 974 2174 sedebat,
996 2122 1048 2162 nec
1072 2110 1167 2163 tamen
1195 2108 1257 2165 sola
1275 2114 1367 2165 tantu

765 2178 901 2234 uirtutum
916 2176 1039 2233 exercitu
1056 2176 1253 2251 circumsepta.
1276 2179 1368 2238 Unde

767 2251 972 2333 Cbrpsostemus
1003 2267 1011 2303 :
1050 2271 1065 2299 «
1092 2249 1202 2307 invenit
1230 2253 1272 2307 An
1311 2250 1368 2307 luz

767 2322 896 2389 Mariam,
910 2335 968 2375 non
984 2318 1052 2375 foris
1066 2327 1228 2391 vagantem,
1243 2266 1363 2379 sedem*

766 2390 890 2473 litariam
903 2396 931 2446 et
945 2390 1175 2461 contemplationi
1187 2398 1360 2460 vacantem}

767 2470 795 2520 ct
810 2478 878 2534 quia
903 2477 960 2519 non
987 2461 1115 2533 quaesivit
1136 2462 1260 2534 gratiam
1280 2460 1368 2537 aput!

768 2534 932 2600 mundum,
964 2532 1070 2589 invenit
1118 2534 1241 2605 gratiam
1280 2529 1368 2593 ancl

768 2609 866 2688 ileum.
883 2626 897 2653 u
915 2605 994 2686 Unde
1009 2609 1037 2660 et
1055 2606 1219 2662 Ambrosius
1234 2626 1244 2662 ε
1260 2629 1276 2659 o
1291 2552 1368 2663 lieo:

768 2677 804 2734 ad
829 2691 906 2748 ipsos
931 2691 1076 2745 ingressus
1100 2677 1213 2750 Angeli,
1239 2677 1351 2735 invente

390 2821 396 2832 ι
533 2817 539 2829 1
768 2753 812 2805 est
826 2746 902 2804 domi
918 2746 946 2802 in
958 2746 1151 2818 penetralibus
1165 2748 1227 2806 sine
1241 2749 1352 2816 comite,

130 2832 211 2898 gerat
227 2830 323 2896 typum
343 2828 513 2886 activorum3
533 2834 560 2873 m
577 2823 715 2888 quantum
768 2835 804 2876 ne
841 2818 904 2890 quis
942 2817 1128 2874 intentionem
1160 2820 1350 2903 abrumperet.

128 2898 219 2961 atelle,
231 2895 273 2951 vel
285 2893 545 2954 illuminationem
558 2890 716 2944 illuminato
769 2892 865 2961 Neque
876 2888 952 2946 euim
961 2889 1205 2947 comitesfemioas
1213 2891 1354 2949 desidera·

130 2973 211 3051 gerat
228 2970 325 3038 typum
349 2958 647 3046 contemplativorum
665 2960 715 3015 sed
770 2963 828 3029 bat,
849 2977 912 3033 quae
941 2961 1030 3017 bonas
1059 2959 1247 3031 cogitationes
1268 2964 1353 3020 habe·

131 3056 159 3095 ru
189 3042 326 3108 quantum
354 3036 476 3096 demerui,
507 3034 587 3101 gerat
619 3035 716 3103 typum
770 3030 1015 3103 bat;quinetiam
1033 3037 1100 3088 tunc
1117 3031 1282 3092 sibiminus
1296 3032 1354 3091 sola

129 3109 322 3183 praelatorum.
770 3102 1355 3177 videbatur,cumsolaessettnam,quem·

167 3181 316 3237 adnomen
337 3190 469 3239 uunurruu
485 3173 593 3228 linurin
608 3189 718 3227 iuvem:-
770 3175 923 3232 admodum
938 3174 999 3230 sola
1012 3173 1057 3231 cui
1075 3180 1116 3231 tot
1131 3173 1195 3232 libri
1211 3177 1355 3244 adessent,

128 2755 182 2829 cipi
201 2773 209 2811 ε
229 2755 306 2811 utin
326 2756 463 2825 quantum
485 2763 714 2810 marcomerem,

131 3253 196 3308 nrrf
209 3282 243 3293 -
259 3252 362 3334 llissuc
379 3250 418 3301 cst
435 3243 522 3315 igitur
535 3245 648 3325 angelus
665 3244 718 3325 fle·
770 3250 811 3303 tot
823 3247 933 3302 Archon
955 3245 1003 3314 eli,
1015 3250 1058 3301 tot
1068 3247 1262 3319 l’ropbetaef»
1272 3246 1356 3305 lieni·

133 3325 201 3379 briei
214 3322 252 3378 od
265 3322 396 3381 Monam,
410 3322 440 3373 ut
451 3319 634 3371 annuntiaret
648 3331 674 3370 er
689 3320 718 3372 et
769 3333 824 3389 que
839 3262 1009 3374 Genucium
1025 3332 1088 3374 eam
1101 3317 1227 3376 revisere
1238 3318 1357 3386 solebat,

131 3385 717 3513 diceret,quiaDcil'iliusspeciemsuam
769 3387 886 3444 invenit.
926 3388 1005 3444 Unde
1033 3388 1101 3445 alibi
1132 3392 1317 3461 Hieronymus
1347 3407 1356 3444 ε

131 3466 390 3538 concupisceret,et
404 3473 469 3516 eam
486 3473 508 3513 si
532 3472 584 3512 rm
599 3459 716 3513 Matrem
771 3457 925 3515 «Habebis
951 3460 1082 3516 cellulam
1111 3476 1175 3532 quae
1210 3465 1241 3519 ιο
1268 3460 1357 3518 solum

132 3537 275 3609 elegisset,
295 3534 442 3658 ipsampue
465 3534 595 3611 mppcret
620 3533 647 3584 et
673 3527 716 3584 in·
770 3529 874 3602 capiat,
892 3528 950 3586 imo
965 3546 1023 3587 non
1043 3530 1100 3588 eris
1120 3530 1204 3588 sola:
1228 3531 1358 3615 angelica

132 3609 259 3674 duceret,
279 3610 310 3662 ut
323 3619 387 3662 eum
409 3616 453 3659 em
473 3599 574 3656 Filium
589 3598 719 3655 laetanter
770 3607 863 3658 tecum
875 3603 960 3658 turba
970 3602 1144 3669 versabitur3
1156 3608 1199 3660 tot
1212 3618 1284 3660 socu
1291 3607 1358 3675 quot

132 3673 394 3761 susciperetpquia
408 3689 460 3745 per
474 3686 537 3727 eam
555 3670 642 3727 totius
665 3670 718 3751 bu3
771 3672 860 3729 sancti
888 3689 895 3727 ι
918 3672 980 3745 lege
1004 3673 1187 3744 Evangelium
1218 3673 1361 3733 fabulam

132 3762 350 3878 ὲῦἃρῦῑνδῡῦθὶΐῐῖ,
368 3744 491 3872 {itm
493 3744 597 3868 ⁰3:18⁵·
607 3756 717 3868 opptpft
771 3749 867 3871 tPecurpl
877 3746 977 3846 iesus;
993 3744 1175 3826 replicabisA
1190 3716 1358 3829 'ostolosrcl

133 3836 290 3973 Mearrissafggi
307 3834 524 3968 'neilnumilitas
544 3836 643 3951 defuit,
665 3828 719 3939 perp
771 3816 1361 3945 alriplpnelppggeplpppppplclshpobmswtplwepr

132 3960 298 4034 virginitasl
326 3961 361 4016 Ut
388 3973 474 4026 emm,
494 3970 557 4026 quae
585 3955 719 4011 Sanctum
772 3958 856 4013 tem?
872 3976 885 4009 r
902 3959 982 4015 Unde
997 3963 1025 4014 et
1042 3959 1225 4016 Remordos:
1242 3980 1259 4012 a
1273 3960 1360 4016 Num·

22 4028 26 4067 '²
134 4038 305 4116 Sanctorum
326 4034 497 4100 conceptura
517 4029 589 4095 crat,
612 4024 721 4097 pariter
773 4044 857 4100 quam
869 4029 964 4086 miuus
976 4029 1053 4086 solus
1066 4044 1236 4102 sum,quam
1246 4028 1359 4103 quando

30 4128 35 4137 ·
134 4112 163 4164 et
177 4109 314 4177 paritura,
329 4104 428 4157 sancta
442 4102 517 4154 essct
532 4112 661 4167 corpore,
675 4112 721 4153 ac·
773 4100 850 4156 solus
864 4117 936 4157 som.
953 4123 968 4151 »
983 4102 1160 4159 Credendum
1174 4098 1360 4173 cutemquod

133 4175 209 4249 rapit
223 4176 328 4232 donum
349 4167 536 4242 virginitatis3
553 4172 583 4248 ut
602 4174 675 4224 esset
691 4175 720 4224 et
773 4176 839 4226 tunc
862 4178 922 4228 erat
947 4178 1008 4229 tota
1025 4174 1170 4230 abstracta
1187 4172 1217 4229 in
1241 4169 1361 4230 devotis

135 4252 240 4317 mente,
249 4243 357 4316 accepit
367 4243 473 4299 donum
483 4237 659 4295 humilitatis.
672 4239 721 4295 ilis
773 4243 845 4298 sima
860 4242 1002 4310 oratione,
1018 4244 1062 4302 rel
1076 4246 1105 4300 in
1119 4243 1221 4301 intima
1235 4248 1359 4301 contern-

82 4350 85 4361 ·
106 4326 109 4331 '
135 4318 271 4377 nimirum
283 4316 369 4389 Virgo
388 4311 468 4386 regia
485 4308 606 4385 gemmis
620 4317 721 4369 ornata
771 4311 909 4386 piatione,
926 4323 1115 4390 consurgente
1129 4316 1203 4373 forte
1215 4320 1285 4373 tuuc
1297 4326 1359 4387 spe·
