2790 4912
292 293 336 347 ult
362 291 644 350 nnnsnunnntunn
671 295 791 352 nonnul
817 298 851 353 lli
878 295 1051 350 rennuunt.
1242 300 1281 354 ill

88 401 184 469 timiam,
210 396 305 456 solum
329 401 448 481 propter
471 399 640 471 praesentias

89 471 257 540 allidendae,
277 468 323 526 nel
342 485 393 541 qun
411 467 452 526 ibi
472 470 579 528 vadunt
603 471 640 529 ad

89 541 292 624 negotiationem,
307 547 337 598 et
361 555 448 599 causa
475 541 546 599 lucri
567 547 639 599 tem-

115 615 175 673 rnlis.
191 612 224 670 lli
244 627 321 670 emm
342 627 453 681 omnes,
468 611 535 684 quia
553 612 640 671 linem

128 690 184 745 itum
210 700 269 740 non
299 683 462 752 intendunt,
491 700 549 740 non
575 691 642 742 sunt

90 757 144 830 digni
159 753 266 828 ingredi
283 753 314 811 in
330 753 470 835 templum
487 771 495 811 ε
516 755 584 827 quia
598 756 641 814 in-

90 829 217 902 gradientes
243 841 302 882 non
327 829 432 882 sistunt
454 841 486 882 se
508 827 640 897 Domino,

90 898 261 958 mnemonico
281 895 349 953 iritu
359 895 551 968 intemplum;
564 899 642 956 unde

89 987 128 1028 non
145 970 232 1026 rident
256 912 411 1049 ghristum,
428 983 481 1024 nec
498 984 563 1025 eum
579 985 640 1027 am-

89 1041 165 1170 glomi
184 1044 305 1112 possunt
325 1038 520 1111 spiritualibus
538 1040 641 1098 animae

104 1111 190 1168 achis.
209 1113 243 1168 Et
261 1115 340 1178 nom,
353 1111 510 1167 secundum
526 1113 639 1175 nonam,

92 1183 145 1255 qnod
158 1183 201 1239 ille
217 1187 282 1254 post
298 1180 543 1238 circumcisionem
558 1186 640 1242 Jeru-

92 1255 155 1311 nnlen
167 1254 264 1311 allatus
278 1258 308 1308 et
324 1251 444 1309 Domino
459 1253 571 1311 oblatus
586 1260 640 1325 est,

92 1323 202 1397 qoijuntn
226 1340 291 1381 eum
317 1323 364 1395 qui
384 1323 454 1379 dixit
470 1344 479 1379 ε
494 1327 606 1381 Daciam
623 1344 641 1382 a

89 1398 173 1451 nntoct
192 1399 239 1464 soc
260 1397 368 1460 horeum,
384 1400 535 1467 postquam
557 1396 640 1454 desiit

90 1466 229 1538 tpecmtis,
262 1465 345 1523 honis
382 1465 469 1539 coepit
506 1468 640 1540 operibus

89 1536 198 1595 abundare
208 1557 216 1607 ;
242 1538 289 1610 qui
316 1537 411 1594 dicere
429 1543 524 1610 potest
539 1557 546 1594 ι
560 1539 640 1596 Oculi

90 1610 286 1737 mliii
299 1612 455 1736 ”milli
471 1616 502 1737 ‘i‘
525 1611 639 1741 “iiii

287 1697 346 1747 ua;
363 1696 411 1751 qm
456 1697 481 1736 cn
509 1698 516 1736 :
573 1699 638 1737 rnen

90 1746 147 1807 imus
157 1753 220 1808 odor
232 1767 345 1819 sumnsg
359 1757 387 1808 et
402 1769 409 1806 :
424 1754 527 1808 Levavi
540 1770 639 1809 manus

89 1833 139 1877 ntea
158 1825 192 1878 od
215 1824 349 1879 mandata
378 1827 436 1886 tua,
464 1829 490 1878 et
517 1828 638 1881 converti

85 1891 144 1969 pedet
163 1911 234 1950 meos
261 1898 292 1951 in
319 1897 475 1951 testimonia
500 1900 563 1963 tnn;
589 1894 637 1966 qui

87 1972 128 2018 nne
139 1966 292 2035 manducat,
310 1965 370 2022 sive
384 1964 465 2033 bibit,
481 1965 539 2022 sire
559 1966 637 2024 aliud

81 2032 375 2175 coatrae
391 2035 637 2177 neroniana

76 2178 130 2232 ’leit
143 2181 248 2250 etoquia
269 2185 327 2244 tna,
340 2182 473 2236 Domine!
485 2185 514 2236 et
531 2181 569 2236 ad
589 2196 636 2237 en·

74 2240 175 2306 ‘demum
193 2268 200 2306 :
217 2252 268 2308 Gor
280 2267 369 2306 meum
384 2256 409 2306 et
427 2267 490 2306 coro
509 2268 569 2307 mea
586 2268 636 2308 en-

64 2314 224 2377 munemne
240 2323 270 2377 in
285 2325 371 2378 Deum
388 2325 492 2377 uiuum.
558 2376 560 2381 ⁴

99 2395 130 2446 28
144 2394 244 2448 Taueni
267 2410 463 2448 sancrrnncnrno
482 2410 533 2449 ran
559 2393 638 2451 unm-

63 2460 135 2517 ΓΓιιι.
155 2494 187 2506 -
213 2464 305 2530 Quare
331 2470 427 2521 autem
453 2463 583 2522 Salvator
605 2463 636 2519 in

63 2531 190 2605 implum
219 2535 326 2607 portari
350 2535 448 2602 voluit,
467 2540 573 2607 praeter
593 2551 637 2592 ra-

63 2600 146 2660 ¹Onnes
159 2605 240 2673 alins,
252 2611 420 2677 potestesse
435 2605 519 2676 ratio,
536 2612 568 2663 ut
586 2622 638 2679 per

63 2672 137 2739 Flam
159 2676 341 2749 praesentiam
369 2677 505 2750 templum
533 2677 637 2735 saucti-

63 2743 168 2815 turer,
189 2747 263 2804 sicut
281 2747 438 2820 baptizatus
457 2754 510 2818 est,
526 2753 557 2805 ut
577 2748 637 2821 ipse

63 2821 143 2888 *luas
160 2819 360 2876 sanctificaret.
386 2819 476 2888 Unde,
496 2819 569 2876 sicut
586 2836 638 2892 per

63 2872 638 3034 aterareticentem

630 3004 637 3030 i

63 3033 118 3097 lna
137 3031 230 3104 tetigit
255 3048 370 3090 carnem
396 3032 510 3102 Christi,
533 3033 584 3090 sed
610 3039 639 3090 et

63 3107 152 3160 >mnes
166 3103 313 3175 aquae3sic
326 3119 377 3176 per
391 3105 452 3176 ejus
466 3104 638 3161 delationem

66 3174 237 3246 ntemplum
254 3174 323 3231 illud
343 3175 373 3232 in
386 3174 554 3243 Jerusalem,
572 3191 637 3231 sau·

63 3244 178 3302 nificata
197 3252 263 3303 suut
285 3245 382 3303 omnia
404 3246 510 3319 templa
528 3245 557 3302 in
576 3247 638 3319 ejus

63 3317 169 3374 nomine
184 3316 324 3374 dedicata.
345 3318 465 3388 Propter
484 3318 560 3399 quod
580 3323 637 3374 sta·

63 3393 148 3446 utum
175 3395 216 3446 est
243 3390 320 3460 quod
343 3388 373 3444 in
397 3388 535 3457 ecclesiis,
555 3389 640 3445 debet

63 3459 152 3517 uberi
172 3459 257 3516 etiam
277 3458 432 3531 corporalis
446 3459 550 3517 Christi
565 3475 638 3532 prae-

63 3530 169 3600 entia,
204 3530 335 3587 videlicet
371 3531 402 3586 in
434 3532 637 3599 Sacramento;

63 3601 130 3659 nude
145 3600 232 3658 etiam
246 3600 285 3659 ibi
304 3601 498 3659 reconduntur
512 3601 639 3673 reliquia

63 3675 247 3740 iunctorum
272 3671 311 3729 ibi
353 3673 440 3729 etiam
481 3672 639 3729 ministeria

63 3745 128 3801 lunt
145 3745 327 3826 Angelorum.
342 3745 376 3800 Et
389 3743 453 3800 ideo
464 3743 581 3815 dignum
596 3748 640 3800 est

63 3819 85 3872 nt
93 3813 223 3871 ecclesiae
233 3814 263 3870 in
273 3815 455 3872 veneratione
467 3816 639 3885 habeantur,

63 3891 82 3942 et
100 3901 161 3942 non
183 3885 237 3942 nisi
260 3901 325 3942 cum
350 3902 462 3943 summa
481 3885 641 3943 reverentia

63 3963 82 4014 ot
109 3956 263 4014 devotione
294 3957 523 4028 frequententnr3
553 3957 639 4025 unde,

63 4027 210 4086 ecuudum
234 4028 439 4086 Psalmistam:
462 4032 577 4086 Domum
590 4030 642 4084 Det

63 4101 127 4157 lecet
140 4101 309 4157 sanctitudo.

86 4190 123 4244 ²9
134 4172 237 4226 Tnnnrnn
249 4189 380 4227 nannents
390 4189 439 4230 ssu
451 4189 541 4229 amun
552 4187 640 4227 oncru-

63 4259 101 4300 es
119 4259 248 4307 nunnuon
269 4261 303 4299 nn
325 4260 427 4300 causes.
454 4274 489 4286 -
519 4244 642 4300 Possunt

698 405 795 459 nutem
806 402 867 458 hac
877 400 981 473 exponi
989 401 1024 458 de
1034 401 1140 474 templo
1152 404 1281 475 mentali,

698 472 727 530 in
746 472 823 545 quod
845 473 968 529 Verbum
992 477 1131 530 aeternum
1154 474 1283 546 quotidie

698 543 841 600 inducitur
857 543 999 600 adeuntis
1018 543 1160 613 fidelibus,
1176 547 1283 619 dequo

698 613 739 672 ait
751 613 902 687 Apostolus
916 631 923 670 :
940 616 1080 688 Templum
1093 619 1144 672 liei
1158 623 1283 674 sanctum

698 692 748 751 est,
765 687 838 757 quod
852 689 916 742 eatis
937 702 995 742 uos.
1019 688 1053 743 Et
1065 685 1132 758 quia
1150 687 1284 746 nobilitas

698 756 849 830 cujuslibet
860 756 912 825 rei,
927 773 961 814 en
979 758 1040 830 ejus
1063 758 1155 815 causis
1172 759 1282 834 colligi-

698 833 763 896 tur;
779 828 845 884 hinc
859 833 902 885 est
920 829 996 900 quod
1011 828 1095 900 hujus
1116 830 1214 904 templi
1230 847 1282 887 no·

699 898 794 957 bilitas
814 899 965 971 colligatur
982 916 1016 956 ex
1037 906 1160 972 quatuor
1178 901 1282 972 causis,

699 970 805 1027 scilicet
825 988 833 1027 ε
858 987 891 1027 en
913 970 1062 1027 efficientis
1081 971 1230 1043 dignitate,
1249 990 1283 1031 ex

699 1040 826 1099 materiae
846 1041 1034 1115 pretiositate,
1057 1059 1090 1099 en
1104 1043 1203 1100 forma
1218 1060 1282 1116 spe·

698 1113 839 1184 ciositate,
857 1119 886 1170 et
910 1130 944 1170 en
961 1113 1027 1169 finis
1050 1115 1280 1173 honorabilitate.

699 1184 826 1241 Primum
847 1189 936 1255 patet,
964 1186 1031 1256 quia
1056 1185 1111 1241 hoc
1133 1186 1282 1258 templum,

699 1256 775 1327 quod
790 1260 833 1311 est
851 1271 931 1311 mens
950 1254 1053 1311 animae
1069 1255 1225 1326 rationalis,
1239 1263 1283 1314 est

698 1327 734 1384 ab
749 1326 871 1398 ipsomet
885 1328 943 1382 lieo
966 1325 1129 1383 immediate
1144 1334 1280 1386 creatum.

698 1401 732 1454 Et
743 1398 796 1453 hoc
810 1395 905 1468 arguit
923 1398 1073 1452 maximam
1085 1397 1188 1455 animae
1203 1399 1281 1456 nobi·

698 1469 806 1525 litatem
819 1485 826 1536 ;
843 1482 910 1523 uam
925 1467 962 1523 nd
974 1468 1128 1523 creandam
1143 1469 1279 1538 animam,

697 1543 772 1596 Deus
787 1555 845 1595 non
865 1537 1013 1595 advocavit
1031 1537 1155 1609 aliquam
1171 1545 1280 1595 creatu-

697 1626 770 1679 ram,
794 1611 844 1666 scd
869 1609 931 1682 ipsa
952 1609 1075 1666 Trinitas
1099 1609 1281 1682 semetipsam

696 1681 835 1749 inritavit,
849 1681 964 1737 dicens:
979 1683 1122 1737 Faciamus
1136 1683 1279 1738 hominem.

697 1755 757 1810 Non
782 1753 868 1820 enim,
888 1757 918 1808 ut
937 1752 1004 1807 dicit
1025 1753 1206 1821 Augustinus,
1227 1754 1282 1810 hoc

696 1826 813 1882 verbum
829 1824 930 1880 direxit
947 1825 1021 1879 [lens
1035 1824 1071 1879 ad
1081 1824 1215 1895 Angelos,
1231 1825 1281 1881 sed

697 1895 756 1967 ipse
773 1898 856 1952 Pater
872 1895 908 1951 ad
923 1894 994 1951 alias
1008 1911 1144 1966 personas
1162 1895 1192 1951 in
1212 1895 1280 1952 divi·

696 1967 759 2036 nis;
787 1972 816 2023 et
835 1982 867 2022 en
887 1967 940 2022 hoc
959 1965 1117 2023 ostenditur
1134 1966 1280 2024 hominem

696 2054 758 2095 esse
773 2054 843 2110 opus
862 2037 1004 2109 singulare
1021 2037 1109 2109 ipsius
1123 2037 1277 2094 Trinitatis.

696 2109 895 2167 —Secundum
905 2109 1065 2181 patel,quia
1076 2125 1131 2165 non
1140 2125 1173 2165 cx
1183 2109 1280 2182 aliqua

695 2181 865 2253 praejacente
884 2179 1003 2236 materia
1027 2181 1101 2238 iacta
1114 2186 1157 2237 est
1172 2180 1278 2250 anima,

695 2251 745 2308 sed
758 2268 791 2307 en
806 2251 905 2307 nihilo.
916 2254 947 2306 ln
963 2251 1094 2308 omnibus
1104 2252 1180 2308 enim
1193 2253 1279 2309 rebus

695 2322 821 2390 creatis,
849 2338 907 2378 non
939 2321 1136 2379 inveniebatur
1163 2322 1279 2395 aliquod

695 2393 842 2451 materiale
856 2392 896 2449 ita
912 2392 1016 2459 nobile,
1035 2400 1065 2448 ut
1083 2409 1116 2449 en
1133 2409 1166 2449 eo
1183 2399 1280 2465 posset

694 2464 757 2522 llari
780 2464 875 2521 anima
902 2463 1059 2519 rationalis.
1083 2465 1142 2519 Nou
1164 2464 1278 2534 quidem

694 2542 781 2603 terra,
797 2536 840 2591 vel
858 2533 973 2658 aliquod
988 2533 1107 2590 aliorum
1123 2534 1279 2591 elemento·

694 2623 772 2674 rum3
788 2621 840 2661 nec
859 2621 902 2660 coe
914 2620 972 2672 um,
1008 2607 1056 2660 uta
1071 2604 1112 2660 sol
1131 2611 1180 2660 aut
1199 2605 1277 2672 luna,

695 2676 784 2734 stellae
809 2691 858 2731 scu
882 2621 1006 2757 aliquod.)
1018 2689 1167 2756 corporum
1194 2675 1278 2741 coele-

696 2748 779 2806 stium
796 2746 847 2803 luit
863 2747 978 2816 dignum
995 2750 1101 2802 nntrarc
1116 2763 1145 2801 nn
1164 2761 1279 2818 compo·

695 2819 827 2877 sitionem
846 2817 950 2874 animae
973 2817 1131 2885 rationalis,
1147 2823 1178 2874 ut
1193 2822 1279 2875 mate·

695 2891 766 2948 riale
775 2889 944 2963 principium
955 2890 1017 2961 ejus
1027 2894 1182 2960 essetque
1194 2889 1278 2961 longe

696 2961 780 3020 altior
795 2967 824 3018 et
841 2959 964 3017 nobilior
978 2960 1019 3017 eis
1034 2960 1149 3017 exstitit.
1166 2964 1200 3017 Et
1213 2960 1277 3017 ideo

696 3034 770 3090 iacta
782 3037 825 3089 est
839 3049 871 3089 en
881 3031 981 3103 nihilo,
993 3032 1067 3104 quod
1078 3032 1114 3088 ad
1127 3032 1279 3089 maximam

697 3104 874 3162 nobilitatem
889 3102 931 3160 eis
942 3103 1026 3160 cedit.
1041 3103 1212 3160 -Tertium
1227 3119 1277 3176 pa-

696 3181 746 3244 tet,
762 3191 828 3232 nam
845 3176 936 3231 forma
950 3173 1099 3231 rationalis
1117 3174 1221 3231 animae
1236 3179 1279 3230 est

697 3246 883 3313 nobilissima,
899 3260 961 3302 cum
979 3245 1015 3301 sit
1030 3245 1153 3315 imagine
1169 3245 1218 3300 liei
1234 3244 1277 3300 in-

696 3317 818 3389 signata.
846 3318 909 3372 Non
934 3316 1009 3372 enim
1033 3317 1107 3370 Deus
1136 3314 1279 3384 impressit

697 3389 799 3447 auimae
811 3386 964 3457 imaginem
977 3384 1095 3455 alicuius
1109 3384 1150 3439 rei
1165 3389 1278 3453 creatae,

696 3459 747 3516 sed
767 3460 886 3515 formam
901 3455 943 3512 sui
959 3455 1056 3528 ipsius,
1075 3454 1115 3511 ita
1129 3454 1205 3525 quod
1219 3455 1280 3537 ipsa

696 3531 788 3587 torma
800 3527 902 3584 animun
914 3525 1072 3594 rationalis,
1082 3542 1139 3582 non
1148 3531 1189 3582 est
1203 3526 1279 3584 ahud

696 3615 781 3684 quam
799 3599 929 3670 quaedam
943 3597 1097 3654 relucentia
1111 3597 1200 3670 ipsius
1214 3599 1279 3655 hea-

696 3670 813 3728 tnssimae
832 3668 987 3726 Trinitatis.
1001 3669 1058 3724 Nec
1071 3674 1183 3741 poterat
1196 3671 1279 3727 beata

696 3741 819 3800 Trinitas
845 3739 935 3813 magis
958 3739 1083 3796 animam
1109 3740 1278 3798 rationalem

696 3811 857 3881 nobilitare,
874 3827 958 3884 quam
973 3811 1049 3882 quod
1064 3827 1127 3868 eam
1142 3811 1195 3869 sibi
1209 3812 1279 3869 assi·

697 3883 814 3952 milavit,
830 3890 858 3940 et
873 3882 996 3956 propriae
1011 3881 1143 3954 imaginis
1158 3884 1278 3940 sormam

697 3956 722 4012 ei
743 3955 899 4027 impressit;
921 3960 960 4022 ut,
976 3953 1043 4036 quia
1061 3954 1216 4011 similitudo
1236 3961 1279 4011 est

697 4043 783 4084 causa
794 4025 964 4094 dilectionis,
974 4041 1014 4081 sne
1026 4031 1054 4081 et
1063 4025 1157 4083 anima
1165 4041 1279 4082 omnem

697 4098 829 4155 affectum
837 4096 997 4154 dilectionis
1011 4096 1041 4153 in
1055 4097 1147 4169 ipsum
1162 4112 1279 4153 conver·

698 4173 780 4237 teret,
796 4184 859 4225 cum
879 4168 949 4226 nihil
964 4167 1017 4226 sibi
1036 4168 1127 4224 simile
1150 4166 1180 4222 in
1195 4169 1280 4224 rebus

698 4240 802 4298 creatis
816 4239 966 4297 inveniret.
987 4241 1173 4307 -Quartum
1190 4240 1279 4309 patet,
