2790 4912
195 427 343 482 inlutus
370 427 582 487 tollimus
609 433 647 487 SE
674 433 740 487 uolt
767 433 847 487 ESSE
873 431 1059 485 cuuislull.
1176 390 1179 399 Ι
1201 432 1246 488 ios

51 536 271 606 aparate,oioiii
279 536 400 615 bomini,
414 533 522 592 scilicet
533 552 601 608 quo
657 542 787 612 stemqua
806 541 964 595 creaturam
981 551 1048 592 suos
1067 551 1083 592 e
1102 535 1247 595 contrario

51 605 267 664 lmaudatorum
280 605 496 687 impletionem
512 613 600 664 rectos
657 610 766 679 oculos,
787 609 815 665 id
833 613 877 665 est
897 607 1026 664 internos
1045 623 1146 664 seusus
1159 612 1247 680 alque

51 680 101 734 uite
124 679 240 751 amnites
267 691 337 747 ejas,
366 677 474 734 seilicet
506 680 601 751 quoad
656 682 778 739 allectus
792 681 906 736 trahere
923 679 1056 736 deorsum
1076 678 1106 735 in
1120 679 1243 736 terram!

51 747 197 805 insiliorum
229 747 537 830 supererogationem,
568 757 601 806 ut
691 753 856 826 7Quoiioiio
874 767 1162 807 iiousnuuimiruurr
1176 767 1244 807 viiu-

51 835 80 876 iie
91 819 125 876 ad
138 835 191 875 ios
203 834 302 876 uemre
316 818 459 891 dignetur,
472 820 541 877 etin
553 837 601 878 vo·
656 841 697 880 uis
712 822 866 881 inrisioni
880 853 913 864 -
925 823 959 877 Et
974 821 1107 878 subditur
1122 840 1129 878 :
1146 822 1243 879 Omnis

51 889 213 971 inhabitare,
226 889 275 962 qui
291 889 346 972 nisi
361 891 500 962 persiam
515 897 543 949 et
556 908 600 949 se
656 897 750 960 uoltu,
771 895 801 951 id
828 898 872 951 est
898 892 1023 966 populus
1044 891 1174 962 Gentilis,
1198 892 1243 950 vel

51 965 102 1044 ulae
112 968 204 1044 rectas
226 965 317 1017 nescit
332 962 475 1032 incedere,
498 964 541 1019 vel
564 964 600 1021 ad
655 966 768 1038 quicum
810 964 964 1033 ehumilis,
975 965 1145 1035 implebitur,
1160 963 1243 1022 bonis

51 1046 143 1089 onmes
163 1039 283 1089 mirare.
307 1033 386 1089 Unde
415 1033 565 1090 Psalmista
590 1053 597 1091 ε
655 1037 774 1110 spiritua
785 1039 849 1095 ibus
876 1036 984 1093 seilicet
1008 1033 1102 1106 gratia
1120 1033 1150 1091 in
1168 1050 1242 1108 prie-

51 1105 91 1160 lioi
105 1113 175 1169 loos,
195 1105 319 1167 Domine,
343 1105 499 1161 demonstro
518 1108 598 1171 milii,
655 1109 739 1179 senti,
760 1114 788 1165 et
809 1107 901 1180 gloria
919 1106 949 1162 in
969 1107 1081 1174 luluro;
1107 1111 1133 1161 et
1154 1109 1244 1164 omnis

51 1177 237 1231 tieiiii'tostuos
248 1175 328 1231 edoce
338 1191 390 1233 iiie.
405 1176 531 1233 Primum
545 1177 599 1234 cla·
653 1197 730 1236 mons
746 1187 771 1235 oi
787 1181 876 1242 collis,
894 1178 924 1234 id
944 1183 987 1234 est
1003 1177 1139 1233 iudaicus
1171 1194 1242 1251 opu·

51 1246 113 1326 labat
125 1246 162 1302 ad
177 1261 289 1316 omnes,
310 1247 465 1329 seeundum
481 1248 517 1304 ad
532 1264 599 1321 pro·
654 1251 708 1317 lus,
722 1251 768 1306 iel
792 1249 962 1322 quicumque
988 1249 1137 1329 superbus,
1188 1251 1242 1305 mi·-

51 1321 150 1373 uenies.
167 1320 201 1374 El
213 1318 258 1374 hae
268 1323 387 1389 semitae,
401 1333 454 1391 per
464 1335 535 1391 quas
543 1319 599 1376 rito
654 1323 781 1385 tiohi'tur,
791 1320 821 1376 id
835 1325 878 1377 est
892 1320 1085 1384 evacuabitur,
1097 1318 1164 1388 quia
1175 1334 1241 1390 gra·

51 1388 214 1470 impendiose
229 1388 393 1460 pervenitur
407 1390 443 1445 ad
465 1390 598 1460 patriam,
653 1392 723 1449 tiam
742 1395 771 1448 et
793 1391 914 1464 gloriam
938 1389 1059 1446 amittet.
1075 1393 1146 1444 Deus
1169 1393 1242 1446 eiii'm

53 1457 117 1516 ebus
128 1459 323 1517 rectificautur
336 1460 367 1516 in
386 1461 553 1531 solitudine,
568 1461 598 1518 id
652 1464 778 1536 superbis
792 1465 907 1527 resistit,
922 1460 1073 1517 humilibus
1086 1465 1177 1515 autem
1191 1461 1242 1518 dot

51 1531 65 1582 t
84 1530 111 1587 in
130 1530 341 1587 mundanorum
361 1531 551 1604 elongatione,
571 1538 599 1590 et
652 1538 784 1605 oratiam.
805 1536 839 1590 Et
860 1550 867 1589 :
892 1535 945 1601 Qui·
968 1547 996 1587 se
1014 1533 1132 1595 eaeoltot,
1149 1532 1241 1587 bumi-

51 1600 178 1658 nuimodo
188 1606 247 1658 tem
268 1602 597 1674 oraliumabsirartione,
653 1608 786 1675 liuditum
803 1611 829 1661 et
844 1607 893 1675 qai·
906 1620 935 1660 se
948 1604 1088 1666 humiliot,
1104 1602 1242 1658 eaottobi‘·

51 1683 55 1719 i
73 1617 342 1755 pervcolleseiYevios
356 1674 507 1731 mundanae
522 1675 599 1731 oble-
653 1683 708 1734 tur.
724 1680 804 1734 lilons
816 1676 1040 1747 dicit,quanium
1054 1674 1090 1755 ad
1101 1675 1240 1745 majores3

51 1747 156 1812 ationis,
167 1749 315 1826 contingat
324 1746 468 1803 oberrare.
480 1747 537 1802 llas
551 1763 599 1803 au·
654 1754 682 1805 et
700 1749 791 1817 collis,
818 1755 956 1820 quantum
982 1746 1018 1802 ad
1047 1761 1184 1802 minores.
1204 1747 1243 1802 Et

51 1815 209 1897 mflsemitas
231 1816 346 1897 quidam
368 1816 527 1944 obliquant,
550 1817 599 1889 qui
653 1825 733 1876 erum
771 1836 850 1883 rouo,
871 1818 965 1874 idest
987 1817 1073 1872 eorda
1099 1816 1241 1873 malorum

51 1897 135 1943 eciem
147 1886 307 1943 sanctitatis
320 1891 427 1959 praeten
448 1894 538 1959 entes,
554 1889 599 1944 vol
653 1907 705 1964 per
718 1889 885 1962 injustitiam
902 1890 1033 1956 distorta,
1052 1892 1138 1944 eruut
1152 1891 1182 1943 i’n
1195 1887 1241 1943 di·-

51 1953 140 2015 bitum
163 1957 311 2040 religionis
327 1964 482 2029 gestantes,
501 1959 531 2015 in
551 1961 600 2016 ob
652 1967 737 2027 reeta,
753 1961 782 2022 id
801 1966 845 2018 est
867 1976 918 2033 per
943 1959 1106 2031 aequitatem
1120 1958 1241 2030 iustitiae

51 2029 162 2085 irantiis
171 2029 318 2100 religionis
333 2034 361 2085 et
374 2030 501 2086 consiliis
516 2046 599 2087 evan·
652 2033 894 2101 rectilloabuntur,
902 2039 931 2088 et
941 2032 977 2088 ad
982 2030 1100 2104 justitiae
1109 2030 1241 2103 regulam

52 2095 121 2171 licis,
137 2116 196 2156 non
210 2104 287 2156 reete
303 2101 459 2171 ambulant,
479 2117 532 2157 nee
546 2101 600 2157 sei·
653 2104 830 2176 dirigentur3
850 2109 876 2160 et
894 2120 1003 2176 ospeio,
1019 2101 1048 2158 id
1064 2108 1108 2158 est
1131 2105 1242 2158 mentes

51 2185 80 2228 os
93 2171 123 2228 in
141 2171 199 2227 illis
213 2171 380 2227 rectilieanl.
396 2173 458 2243 Vel,
473 2188 525 2254 per
538 2173 599 2228 vias
653 2176 797 2233 iracundae
811 2180 839 2231 et
853 2174 989 2243 immites,
1005 2177 1035 2228 i‘ii
1049 2177 1110 2229 iiios
1124 2176 1237 2254 ploiioi,

53 2258 75 2299 ae
93 2242 221 2315 aptiores
244 2246 320 2311 suut,
337 2248 456 2314 possunt
479 2243 598 2316 intelligi
652 2247 683 2303 id
715 2251 759 2304 est
785 2261 837 2318 per
863 2245 1037 2303 inlusionem
1065 2250 1176 2315 graiiae,
1201 2243 1240 2299 ad

51 2314 154 2383 lioues;
167 2329 220 2386 per
234 2313 360 2394 semitas,
376 2331 439 2386 quaa
452 2314 543 2386 magis
553 2331 599 2372 oo·
653 2313 1241 2383 mansueludinemconvertentur,eteorda

51 2389 92 2442 iae
106 2390 184 2455 sunt,
204 2385 300 2442 cordis
317 2384 503 2443 intentiones.
520 2386 598 2442 Unde
652 2393 752 2446 eontra
775 2387 918 2444 Christum
938 2387 1071 2442 indurata
1090 2384 1240 2440 mollifica·

51 2462 109 2514 rate
125 2456 202 2512 iiam
217 2455 342 2526 Domini,
357 2473 409 2528 per
419 2457 485 2513 mali
501 2457 597 2513 deser·
652 2462 779 2527 buntur;
794 2464 820 2514 et
830 2458 944 2522 videbit,
958 2455 1039 2512 oculo
1055 2454 1196 2527 corporali
1210 2453 1241 2511 iu

51 2543 128 2598 nem,
145 2529 254 2584 etboni
277 2528 489 2599 operationem3
506 2535 597 2584 rectas
652 2530 745 2604 primo
771 2530 905 2595 adventu,
934 2529 1022 2582 oiiiiii's
1044 2542 1117 2588 coro,
1141 2524 1170 2579 iil
1196 2528 1242 2581 est

51 2601 92 2656 ite
105 2601 225 2656 semitas
234 2598 343 2670 ejus,id
357 2605 409 2668 est,
425 2599 598 2656 intentiones
652 2600 858 2668 omnishomo,
873 2603 932 2653 tam
948 2595 1079 2664 Gentilis,
1089 2610 1174 2667 quam
1188 2597 1239 2652 Ju-

51 2671 145 2740 mltas,
162 2668 245 2726 laeite
261 2676 363 2739 rectas,
379 2687 435 2727 iion
450 2670 596 2739 distortas,
652 2673 742 2740 daeus,
758 2672 890 2726 Solutoie
909 2672 968 2730 Dei,
984 2667 1012 2722 iil
1034 2672 1078 2723 est
1097 2665 1241 2723 Christum

51 2741 181 2814 h'cetpro
195 2740 319 2810 eternis,
338 2758 395 2797 nou
408 2744 460 2813 pro
475 2741 597 2798 terrenis
652 2743 702 2800 Dei
729 2741 839 2799 Filium.
859 2739 1043 2798 Dividebalur
1068 2737 1145 2795 enim
1173 2741 1242 2794 tuuc

51 2812 130 2871 latis.
138 2811 596 2894 llelormahoimaginisiiimente,
652 2812 841 2871 communitas
850 2811 997 2868 hominum
1009 2809 1039 2865 in
1051 2810 1240 2936 duasfartes,

51 2886 108 2943 hoe
136 2884 302 2953 attenditur,
327 2885 403 2955 quod
417 2884 504 2940 facies
520 2899 598 2939 men·
652 2885 759 2942 scilicet
783 2885 814 2940 in
838 2884 963 2952 Judaeos,
989 2885 1017 2938 et
1045 2883 1125 2939 Genti
1140 2896 1189 2950 es,
1212 2885 1241 2937 et

57 2954 210 3012 incurvata
225 2954 262 3011 ad
277 2959 394 3024 terram,
404 2971 457 3027 per
471 2960 598 3010 lerrouo
652 2956 732 3014 multi
751 2957 786 3013 de
809 2957 855 3012 his
869 2955 1002 3012 omnibus
1017 2952 1182 3010 hominibus
1196 2951 1240 3008 ii·

51 3043 70 3084 u
85 3025 319 3096 oblectationem,
334 3027 462 3097 erigatur
472 3042 596 3095 sursum,
651 3028 754 3085 derunt
771 3027 878 3085 eumin
893 3027 1014 3094 mundo,
1025 3023 1240 3082 interhomines

51 3096 228 3155 rectilicelur
258 3097 455 3154 ercoeleslium
469 3098 598 3153 conside·
652 3104 880 3156 conversantem.
898 3101 993 3155 Potest
1006 3097 1092 3153 etiam
1109 3099 1162 3152 hoe
1175 3109 1240 3150 ver·

51 3168 153 3250 ionem
180 3173 209 3249 et
235 3113 426 3225 illectionum
459 3169 539 3225 Unde
568 3170 596 3223 in
651 3171 718 3228 bum
738 3170 857 3241 lntelligi
884 3169 918 3225 de
936 3170 998 3248 visu
1017 3167 1167 3238 spirituali,
1184 3180 1240 3289 glun

51 3244 133 3296 uticis
154 3238 180 3294 le
211 3244 258 3295 tur
279 3257 286 3296 ε
306 3243 383 3297 Reoti‘
407 3240 531 3310 diligunt
550 3245 596 3307 te,·
651 3243 748 3299 vident
763 3257 827 3298 eum
841 3255 972 3296 conversi
987 3238 1024 3292 ad
1040 3237 1126 3291 fldem
1141 3239 1188 3289 cat
1209 3250 1240 3289 o-

51 3310 68 3393 i,
80 3325 170 3367 secun
194 3326 241 3367 um
256 3312 436 3379 hemardum,
459 3310 528 3367 reoli
556 3310 599 3365 iu-
652 3313 747 3381 licam,
775 3328 809 3368 eii
832 3309 966 3367 omnihus
987 3306 1125 3362 Gentibus
1151 3302 1239 3359 totius

51 3383 187 3455 hguutur,
208 3381 256 3454 qui
272 3398 290 3438 a
304 3381 426 3439 terrenis
445 3387 512 3438 sunt
532 3383 597 3437 abs·
653 3383 760 3440 mundi.
777 3378 1028 3450 Vel,videbiteuiu
1041 3375 1069 3430 iu
1087 3376 1179 3431 torma
1188 3374 1239 3456 hu·

51 3452 104 3521 eti,
139 3468 172 3508 ae
198 3453 438 3525 contemplatione
474 3459 501 3510 el
527 3453 597 3509 dile·
653 3469 739 3511 mana
769 3452 862 3510 omnis
889 3451 992 3516 homo,
1021 3452 1080 3503 tam
1111 3446 1237 3518 reprobi,

51 3540 104 3582 une
114 3525 167 3579 toli
178 3524 214 3580 ad
224 3540 349 3596 superna
363 3523 459 3580 erecti.
471 3524 599 3580 Undedi·
653 3540 738 3598 quam
753 3524 834 3580 electi
850 3522 880 3578 in
896 3519 1020 3577 secundo
1033 3519 1169 3589 adventu,
1184 3515 1239 3575 sei·

60 3595 141 3668 quod
153 3611 281 3666 quaerere
296 3601 324 3652 et
340 3611 440 3667 sapere
454 3610 517 3666 quae
532 3599 599 3651 sunt
653 3596 719 3653 licet
732 3595 763 3651 in
776 3592 823 3650 die
835 3591 946 3666 judicii.

51 3683 96 3725 ier
122 3671 240 3736 terram,
263 3667 387 3723 curvitas
410 3666 514 3722 animae
543 3671 597 3733 est,
689 3663 1238 3726 8Birriziurroriiuirloiiuuus.-Et,

51 3736 144 3795 iditam'
157 3753 224 3793 vero
240 3742 268 3794 el
280 3737 444 3795 desiderare
460 3753 523 3809 qoae
537 3753 599 3793 sui·
653 3755 718 3796 eum
733 3739 812 3794 missi
826 3735 970 3804 atudaeis,
983 3735 1116 3792 audirent
1130 3736 1243 3791 aloan-

51 3814 163 3877 nsunt,
178 3809 328 3866 rectitudo.
343 3809 391 3866 Cui
410 3809 496 3865 etiam
512 3808 597 3864 recti·
653 3826 700 3879 ne,
729 3810 806 3892 quod
836 3825 892 3866 uon
928 3812 990 3863 erat
1018 3804 1122 3877 aliquis
1153 3803 1240 3862 trium

51 3879 115 3949 lini,
145 3881 301 3937 secuudum
322 3881 454 3937 eumdem
481 3883 599 3935 Bienor·
654 3879 1241 3954 praedictorum,quosexspectabauttam·

51 3968 87 4017 oi,
108 3954 262 4008 attestatur
283 3957 394 4008 statura
415 3957 511 4007 erecta
536 3967 599 4007 cor·
655 3968 739 4025 quum
754 3967 893 4025 personas
915 3950 1066 4020 solemnes,
1086 3953 1251 4017 iateropoz

51 4021 227 4079 rishumani.
239 4023 311 4090 Quid
325 4022 401 4079 enim
411 4022 598 4089 indecentius,
653 4027 752 4080 oerum
762 4039 822 4078 eum
837 4027 862 4077 et
877 4023 1010 4077 diamant
1023 4025 1048 4076 ei
1065 4020 1160 4087 :Quid
1175 4034 1238 4088 erpo

51 4109 97 4151 am
118 4109 235 4150 aurium
257 4099 334 4150 recto
357 4110 475 4165 corpore
500 4108 600 4165 gerere
656 4097 690 4150 bo
711 4098 792 4159 ttzos,
807 4109 911 4150 novum
924 4093 1010 4149 ritum
1025 4090 1196 4157 inducendo,
1210 4092 1240 4145 et

51 4164 163 4222 imum?
180 4167 383 4222 Perversares
401 4171 487 4221 estet
506 4166 598 4232 loeda3
656 4113 782 4223 ochium
812 4164 937 4222 alienum
966 4162 1141 4235 usurpando,
1168 4162 1194 4215 si·
1212 4163 1243 4240 tu

51 4251 122 4294 eum
134 4251 195 4304 vas,
207 4236 284 4308 quod
298 4241 342 4293 est
355 4252 457 4308 corpus
469 4236 505 4293 da
513 4241 600 4304 terra,
655 4255 709 4294 non
724 4253 752 4293 es
768 4237 903 4300 Christus,
918 4234 966 4307 qui
974 4239 1113 4307 potestate
1128 4243 1244 4304 propria

51 4307 112 4365 ulos
135 4307 243 4365 habere
267 4323 393 4376 sursum,
414 4308 501 4364 coelos
528 4307 600 4364 libe·
656 4307 822 4381 baptizabit,
835 4323 922 4380 aeque
935 4309 1025 4371 Elios,
1042 4303 1090 4377 qui
1105 4303 1135 4383 iu
1149 4306 1242 4357 trans·

59 4377 216 4452 respicere,
236 4379 413 4453 spiritualem
430 4394 498 4436 vero
517 4379 602 4436 eoele·
655 4380 697 4439 itu
708 4378 842 4438 Jordauis
859 4376 1032 4451 baptismum
1050 4372 1243 4446 sigmlleabat,
