2790 4912
327 291 367 344 us
394 292 619 347 conturnicis
647 290 852 345 SALVATORIS
879 291 1012 345 Vosrui.
1255 297 1285 348 ts

138 394 207 450 fiori
228 395 266 452 ad
294 397 412 454 verbum
428 397 539 470 Angeli,
564 397 640 470 quod

172 480 203 522 m
225 482 244 523 a
264 467 368 523 secutis
393 469 486 526 tuerat
500 469 638 537 auditum,

152 552 202 593 am
231 553 264 594 rc
284 542 388 607 crtum,
417 556 573 613 numquam
597 540 639 596 ri·

108 614 180 690 ,aut
191 608 231 665 ab
276 608 342 680 'quo
352 610 518 681 cogitatum.
533 613 573 668 De
585 612 640 669 bac

113 678 185 736 dreit
203 681 364 737 Banordus
381 701 390 737 ε
407 681 503 739 «Tria
522 682 639 740 mirabi-

101 747 171 807 iecit
197 750 338 808 Dominus
366 752 396 809 in
425 755 637 824 incamatione;

100 820 108 834 “
149 826 197 879 cta
220 820 336 893 qudem
366 824 494 882 suntad
518 824 638 882 invicem

63 890 120 955 bars
133 898 163 949 at
175 893 276 961 homo,
293 897 386 951 mater
407 899 436 952 et
454 895 544 969 virgo,
565 896 638 953 tides

63 960 146 1044 door
165 964 335 1046 humanum.
349 968 385 1022 Et
412 966 526 1039 quidem
553 967 638 1025 tertia

63 1038 207 1097 mistro
230 1040 273 1093 est
289 1035 410 1094 inferior
427 1037 491 1095 aliis
513 1038 636 1107 duabus,

63 1104 99 1173 nti
120 1121 178 1163 non
199 1105 294 1165 minus
316 1108 409 1165 tortis.
431 1109 532 1166 Mirum
559 1110 636 1168 enim

63 1178 246 1249 ¹{quomodo
260 1194 311 1235 cor
328 1180 485 1237 humanum
505 1179 551 1237 his
565 1181 635 1238 duo·

63 1260 101 1305 ιι
122 1246 210 1305 fldem
236 1250 470 1319 accommodavit,
492 1253 635 1323 quomodo

63 1318 122 1377 rodi
142 1319 236 1447 potuit
256 1320 333 1392 quod
358 1324 432 1379 Deus
446 1324 533 1380 homo
548 1328 633 1392 esset,

63 1390 123 1465 pud
169 1391 232 1462 irgo
255 1392 349 1448 tuerat
371 1409 434 1465 quae
460 1397 632 1477 peperisset3

63 1468 110 1519 too
133 1460 211 1518 enim
232 1469 378 1589 nepueunt
401 1465 589 1534 commisceri,
610 1466 634 1522 si

63 1546 107 1589 ion
126 1531 243 1589 misceat
261 1533 401 1602 gutinum
426 1535 548 1609 Spiritus
564 1538 634 1594 San·

63 1601 137 1659 fit·
155 1604 216 1661 haec
229 1606 396 1661 beandus.

89 1680 118 1731 25
139 1675 208 1731 Virri
235 1677 286 1732 Dru
326 1694 368 1732 ινιτ
396 1679 577 1735 iucanuarrol
600 1711 635 1721 —

63 1744 136 1875 mur
163 1747 209 1804 bis
235 1746 330 1803 uerbis
348 1746 431 1805 dictis
459 1764 476 1806 a
506 1749 633 1820 Virgine,

108 1816 141 1875 ’m
154 1818 184 1874 in
199 1818 248 1875 illa
260 1817 332 1874 bora
343 1819 534 1890 sanctissima,
549 1820 634 1893 Spiri-

63 1890 100 1945 tns
118 1890 234 1947 Sanetus
256 1888 284 1944 in
310 1905 373 1946 eam
402 1892 575 1963 supervenit,
599 1908 632 1949 ac

63 1958 103 2017 bd
121 1960 219 2017 Vilium
234 1959 322 2032 Virgo
346 1961 472 2035 gloriosa
491 1963 629 2034 concepit.

63 2028 127 2111 {inde
141 2031 236 2089 statim
253 2030 283 2087 in
298 2032 342 2088 bis
356 2033 450 2090 verbis
465 2033 572 2103 Mariae,
586 2035 630 2091 Fi-

63 2098 106 2158 ins
115 2104 160 2160 bei
173 2108 250 2160 totus
263 2101 377 2160 intravit
388 2105 419 2161 in
430 2109 542 2162 uterum
556 2107 628 2178 ejus,

63 2177 122 2252 pter
133 2190 165 2231 ea
186 2189 303 2231 carnem
327 2176 491 2248 assumpsit,
507 2181 536 2233 et
553 2182 630 2235 totus

63 2244 155 2302 nsinu
178 2245 271 2302 Patris
292 2247 439 2303 remansit.
464 2250 495 2304 ln
513 2247 628 2306 instanti

67 2313 127 2372 suin
145 2316 196 2373 init
215 2322 306 2373 totum
331 2332 433 2389 corpus
452 2318 554 2376 Christi
575 2321 629 2377 ior·

64 2392 159 2467 qaum,
177 2392 206 2445 et
229 2387 327 2445 anima
349 2389 497 2446 rationalis
517 2396 626 2461 creata;

68 2458 290 2531 mundumque
305 2459 447 2517 divinitati
462 2460 491 2517 in
505 2477 628 2535 persona

69 2525 112 2584 iii
123 2531 307 2603 conjunctum,
324 2535 354 2588 ut
369 2530 445 2588 idem
462 2539 538 2589 essct
552 2535 627 2591 Deus

70 2600 177 2681 diemo,
188 2602 267 2659 saiva
282 2601 427 2674 utriusque
439 2609 547 2660 natura
560 2621 626 2677 pro-

102 2674 169 2730 etsta.
194 2672 257 2730 Fuit
283 2679 378 2730 autem
400 2690 449 2731 cor
469 2691 502 2732 us
521 2675 626 2733 Christi

92 2748 190 2801 rnatum
217 2761 251 2800 ex
276 2744 416 2816 sanguine
464 2746 625 2818 Virginis,

74 2824 147 2871 noum
158 2831 253 2882 carne,
272 2821 301 2871 ct
315 2815 368 2872 iuit
386 2815 415 2871 in
428 2816 545 2873 instanti
559 2834 625 2875 san-

74 2882 139 2962 guinis
149 2885 507 2959 separatioconsolidatio,
522 2890 626 2960 figura·

73 2956 105 3030 bo,
114 2957 249 3027 animatio,
262 2956 414 3015 deificatio.
431 2961 465 3015 Et
478 2957 508 3015 in
524 2961 624 3017 eodem

72 3029 176 3098 munti,
205 3029 260 3085 iuit
286 3029 387 3101 plenus
421 3036 449 3087 ct
482 3032 624 3102 pericctus

71 3090 136 3180 ionp,
150 3101 177 3157 in
194 3099 293 3157 anima
313 3106 342 3157 et
356 3116 452 3170 carna,
468 3104 624 3160 secundum

69 3177 135 3227 tunm
150 3171 278 3244 corporis
293 3170 478 3242 lineamenta,
494 3175 543 3230 sed
558 3191 623 3246 par-

69 3237 121 3314 rulos
136 3244 226 3311 vaide,
242 3242 283 3298 ita
301 3247 333 3299 ut
351 3245 545 3302 membrorum
565 3246 622 3301 dis·

67 3307 135 3369 tuedo
152 3316 197 3370 rix
216 3318 314 3387 posset
337 3313 462 3371 discerni
488 3315 549 3372 risu
572 3318 623 3373 bu-

64 3388 131 3441 Vtuo.
160 3387 264 3442 Postea
296 3400 362 3440 vcro
396 3387 566 3443 naturaiiter
593 3388 622 3443 in

63 3454 117 3532 itero
126 3457 214 3513 crevit
228 3460 259 3512 ut
273 3454 333 3524 aiii,
347 3455 413 3513 iicet
427 3459 620 3515 membrorum

63 3517 186 3602 ¹ibtinctio,
195 3532 223 3584 et
236 3525 447 3585 animaeiniusio
460 3529 547 3585 ditata
562 3546 618 3586 nou

63 3597 126 3667 terit,
143 3605 174 3655 ut
192 3599 223 3654 in
244 3598 316 3655 aliis.
334 3597 398 3654 Fuit
418 3599 504 3655 etiam
526 3601 592 3672 peri
608 3633 619 3642 -

63 3671 94 3725 tus
111 3672 186 3726 Deus
202 3669 275 3727 sicut
294 3675 322 3727 et
345 3669 487 3741 perfectus
504 3669 590 3727 homo
611 3689 617 3727 :

63 3742 188 3798 cundum
221 3742 376 3798 humanam
405 3745 557 3810 naturam,
588 3758 620 3798 ex

63 3811 128 3869 ima
137 3811 270 3869 rationaii
281 3816 309 3868 et
323 3813 448 3869 bumana
461 3827 545 3868 carne
556 3814 620 3870 sub

63 3889 153 3953 stens3
177 3883 333 3940 secundum
354 3882 490 3951 diuinam,
505 3899 539 3940 cx
554 3885 620 3941 Ver-

63 3955 243 4026 ·;ntriusque
257 3954 286 4012 in
297 3953 404 4011 unitata
414 3970 545 4026 personae
556 3971 620 4012 con·

63 4027 148 4084 notio.
165 4025 244 4084 Sicut
257 4024 372 4082 enimin
388 4026 494 4084 deitate
508 4030 550 4083 est
562 4042 620 4083 una

63 4097 155 4156 sentia
170 4103 199 4154 et
213 4103 272 4153 tres
284 4111 427 4171 personas,
441 4097 480 4153 ita
496 4097 526 4153 in
541 4097 621 4155 Chri-

63 4186 71 4228 t
95 4183 272 4227 econverso
293 4172 338 4225 est
358 4183 416 4225 una
438 4184 571 4250 persona,
591 4175 621 4226 et

63 4258 84 4297 s
99 4240 245 4308 esseutiae,
260 4236 383 4295 scilicet:
401 4239 502 4310 deitas,
513 4240 619 4310 anima,

694 401 723 454 et
737 411 819 465 caro;
835 398 889 453 hoc
904 402 957 466 est,
968 404 1116 467 aternum,
1126 415 1241 469 novum,
1257 403 1286 456 et

694 466 851 539 antiquum.
873 470 922 524 Est
947 469 1022 525 enim
1042 468 1134 526 deitas
1158 475 1282 538 iuterna,

695 539 792 596 anima
821 556 908 610 nova,
936 540 1002 612 quia
1029 543 1059 597 in
1088 540 1283 613 assumptione

695 617 804 675 creata;
822 627 889 667 caro
907 611 1034 683 antiqua,
1050 611 1117 683 quia
1134 613 1170 668 ab
1191 613 1282 669 Adam

694 687 861 754 propagata.
877 684 912 738 Et
925 683 1055 739 Christus
1065 683 1221 739 secundum
1234 700 1283 740 na-

693 758 786 809 turam
801 751 926 821 deitatis,
942 760 986 810 est
999 757 1169 825 generatus,
1184 770 1282 811 secun-

692 823 760 879 dum
777 823 913 892 animam,
933 831 1059 893 creatus;
1079 832 1108 881 et
1124 825 1281 883 secundum

692 909 817 963 carnem,
831 894 929 952 sactus.

729 971 762 1022 οδ
777 968 806 1022 lu
826 966 943 1022 Cunrsro
967 984 1080 1023 rurrnsx
1103 985 1177 1024 uuio.
1197 970 1280 1024 —Et

692 1035 744 1092 iuit
761 1036 826 1093 unio
850 1037 949 1109 triplex
974 1038 1004 1093 in
1029 1037 1151 1107 Christo,
1171 1038 1279 1095 scilicet

690 1106 804 1165 deitatis
829 1110 865 1165 ad
880 1109 1016 1177 animam,
1037 1115 1065 1166 et
1084 1127 1099 1167 e
1121 1126 1296 1179 converso;.

690 1194 723 1235 ac
737 1178 851 1236 deitatis
865 1180 901 1236 ad
912 1197 1039 1250 carnem,
1050 1185 1078 1237 et
1090 1198 1106 1237 e
1120 1197 1276 1251 converso;

690 1254 717 1306 et
739 1249 840 1307 animm
867 1252 903 1307 ad
925 1267 1051 1307 carnem.
1077 1254 1144 1308 ltuae
1168 1251 1278 1325 priores

689 1321 810 1378 uniones
840 1337 953 1393 semper
980 1328 1162 1390 manserunt;
1192 1322 1276 1379 tertia

689 1398 822 1464 separata
842 1391 894 1447 fuit
922 1392 949 1448 in
969 1397 1070 1448 morte.
1096 1393 1168 1450 Unio
1190 1392 1277 1465 igitur

689 1462 845 1520 divinitatis
857 1463 894 1519 ad
907 1464 1061 1520 humanam
1074 1471 1204 1520 naturam
1218 1480 1275 1520 non

689 1539 732 1591 est
750 1533 780 1590 iu
798 1533 906 1591 unitate
923 1541 1043 1603 uaturae,
1059 1535 1108 1590 sed
1129 1550 1274 1606 personae3

688 1620 747 1662 non
770 1621 901 1677 personae
923 1607 1066 1673 bumanae,
1082 1606 1132 1661 sed
1151 1604 1273 1674 dicinae;

689 1692 746 1732 non
763 1683 926 1749 assumptas,
944 1678 995 1733 sed
1014 1676 1185 1734 assumentis
1199 1694 1206 1744 ;
1222 1693 1275 1733 nec

707 1763 817 1804 ersonae
831 1749 990 1820 cujuslibet,
1008 1749 1058 1805 sed
1075 1747 1163 1804 solius
1176 1747 1272 1805 Verbi.

687 1763 758 1886 guia
775 1819 850 1875 enirn
872 1820 1048 1892 impossibile
1064 1825 1107 1875 est
1128 1818 1206 1946 ‹puod
1221 1835 1273 1876 na·

688 1894 751 1945 tura
766 1890 860 1947 diviua
873 1897 1023 1948 concurrat
1041 1907 1104 1947 cum
1119 1890 1186 1959 aia,
1200 1889 1273 1947 sicut

685 1976 752 2032 pars
776 1963 811 2017 ad
840 1962 917 2018 tertii
945 1962 1196 2027 constructionum,
1226 1962 1270 2018 vel

686 2032 762 2103 quod
777 2032 838 2104 ipsa
852 2039 978 2090 transeat
992 2033 1020 2090 in
1039 2033 1135 2101 aliam,
1152 2033 1194 2089 vel
1215 2032 1272 2090 alia

685 2103 716 2159 in
728 2102 817 2175 ipsam
828 2123 834 2171 ;
847 2104 1052 2163 ideodivinitas
1067 2110 1096 2161 et
1108 2102 1271 2162 humanitas

685 2191 742 2231 non
757 2175 893 2233 uniuntur
911 2177 942 2233 in
957 2176 1065 2233 unitate
1084 2181 1203 2243 naturae,
1219 2176 1270 2233 sed

684 2261 824 2318 persona.
849 2250 882 2303 Et
907 2247 973 2320 quia
992 2247 1088 2303 divina
1115 2253 1217 2303 natura
1239 2245 1269 2303 in

682 2317 759 2374 nulio
771 2319 915 2390 supposito
925 2324 1018 2391 potest
1028 2317 1270 2399 subsistero,prae·

682 2394 810 2460 terquam
833 2390 861 2445 in
883 2390 998 2462 propria
1015 2391 1178 2461 hypostas13
1201 2389 1266 2445 ideo

681 2459 747 2517 unio
766 2461 815 2517 iiia
835 2477 891 2516 non
907 2467 1000 2532 potest
1020 2476 1083 2516 esse
1097 2459 1126 2515 in
1146 2475 1268 2530 persona

681 2532 815 2600 hominis,
834 2533 883 2587 sed
902 2535 961 2588 liei.
978 2534 1012 2587 Et
1027 2535 1178 2602 propterca
1193 2533 1267 2586 Deus

680 2602 710 2658 in
730 2619 786 2659 una
799 2618 984 2674 personarum
998 2616 1125 2668 suarum,
1140 2600 1206 2655 iecit
1225 2617 1267 2656 se-

681 2673 772 2744 ipsum
799 2672 976 2744 suppositum
992 2674 1125 2727 humanae
1145 2677 1264 2726 naturas.

681 2745 878 2801 Undetantum
894 2747 1000 2801 unaost
1014 2741 1051 2798 ibi
1066 2741 1264 2824 personalitas,

679 2821 707 2872 et
723 2815 817 2873 unitas
833 2815 1000 2886 personalis,
1016 2813 1123 2870 scilicet
1137 2830 1171 2869 ex
1185 2817 1265 2886 parte

678 2887 858 2944 assumentis.
884 2889 917 2943 Et
931 2887 995 2944 ideo
1015 2884 1145 2942 Christus
1164 2901 1265 2942 secun-

679 2959 747 3016 dum
759 2959 836 3030 quod
853 2966 894 3015 est
904 2960 1064 3027 homo,non
1079 2964 1262 3030 estparsona.

680 3030 758 3086 Unde
771 3033 850 3100 Hupo
864 3051 872 3086 :
889 3033 1016 3101 «Exquo
1030 3029 1174 3086 hominem
1190 3031 1265 3085 Deus

678 3102 843 3173 assumpsit,
862 3107 954 3158 totum
969 3101 1132 3173 assumpsit,
1148 3116 1263 3181 carnem

678 3170 784 3229 scilicet
804 3179 832 3229 et
857 3173 992 3241 animam,
1013 3172 1041 3228 id
1065 3178 1118 3241 est,
1138 3172 1263 3228 hominis

678 3249 819 3313 naturam,
833 3260 890 3300 non
906 3243 1028 3300 bominis
1039 3260 1202 3315 personam,
1212 3242 1261 3298 sed

677 3314 822 3372 hominem
842 3315 872 3371 in
898 3329 1058 3387 personam.
1089 3317 1159 3371 Caro
1184 3312 1260 3393 enim

676 3385 726 3443 iila
747 3391 775 3441 ct
792 3385 898 3453 anima,
914 3392 1068 3455 antequam
1084 3385 1176 3439 Verbo
1187 3399 1261 3464 'unr-

675 3462 774 3514 rentur
786 3457 815 3512 in
827 3471 990 3528 personam,
1008 3471 1065 3510 non
1080 3457 1163 3508 erant
1185 3457 1261 3508 inter

674 3544 704 3585 se
719 3528 798 3585 unita
810 3528 846 3583 ad
857 3541 1020 3598 personam.
1038 3523 1107 3581 Unio
1120 3523 1260 3604 siquidem

673 3615 730 3656 una
743 3598 796 3654 iuit
808 3598 844 3654 ad
857 3613 945 3654 unum
955 3596 1038 3653 Verbi
1055 3596 1148 3651 carnis
1163 3602 1258 3652 etam-

674 3686 727 3726 mae
744 3686 751 3725 :
767 3686 825 3725 non
839 3668 918 3740 prius
933 3669 1055 3725 Verbum
1068 3673 1096 3722 st
1113 3682 1189 3737 caro,
1208 3683 1260 3749 nec

673 3741 751 3813 prius
775 3742 897 3797 Verbum
922 3745 951 3798 et
975 3739 1079 3807 anima,
1103 3755 1156 3795 nec
1181 3755 1260 3811 prius

672 3812 768 3868 anima
784 3818 813 3869 et
824 3828 889 3868 caro
904 3830 911 3880 ;
927 3812 976 3868 scd
992 3810 1074 3867 simui
1090 3812 1215 3868 Verbum
1230 3815 1258 3866 ct

672 3882 769 3939 anima
794 3889 823 3940 et
846 3899 922 3939 caro.
952 3885 1008 3939 Nec
1027 3881 1110 3954 coepit
1137 3896 1260 3955 persona

673 3970 734 4011 csse
764 3955 910 4022 Verbum,
938 3954 1051 4026 quando
1079 3953 1165 4010 bomo
1195 3967 1258 4009 csse

672 4024 776 4098 coepit;
797 4025 846 4083 sed
871 4026 1015 4082 bominem
1032 4024 1073 4081 sic
1094 4022 1257 4095 assumpsit,

675 4101 705 4153 ut
722 4112 844 4169 persona
860 4113 923 4155 esse
937 4099 1022 4153 homo
1041 4095 1187 4165 incideret,
1206 4110 1257 4150 nec

673 4167 730 4225 alia
743 4183 866 4241 persons
879 4184 965 4241 quam
979 4173 1041 4225 erat
1054 4166 1102 4223 iiia
1115 4182 1177 4237 quau
1192 4179 1257 4221 eum

673 4239 822 4313 acciperet.
852 4243 950 4313 ltaque
981 4239 1105 4296 Verbum
1137 4250 1260 4308 persono

1014 4496 1325 4608 A*
