2790 4912
286 260 330 315 DE
355 262 545 320 ttlrlttttttt
572 269 612 321 ΕΤ
640 270 903 328 ctltcttttmstottt
928 274 1067 328 tenetls
1094 274 1270 331 BAPTISTAE.
1364 278 1380 331 5

153 366 179 446 si
196 366 324 494 prompti
344 375 374 426 et
394 370 485 443 parati
500 372 537 429 ad
559 374 753 447 accipiendum

154 452 259 493 snmus.
305 454 351 496 am
368 457 432 498 eece
458 443 583 514 loquela,
600 463 664 519 quae
692 449 754 506 sola

152 507 256 567 ablata
283 515 328 592 est
355 511 524 583 dillldenti,
553 534 617 574 cum
652 518 752 602 spiritu

156 580 318 652 prophetiae
344 590 388 639 est
400 587 532 643 restituta
547 589 677 646 eredenti
695 608 701 647 :
724 596 754 649 et

156 650 209 705 ubl
222 652 377 710 abundauit
388 655 528 721 delictum,
542 663 751 729 superabundo·

156 725 199 804 nit
227 728 254 778 et
271 728 379 806 pretim
405 733 433 784 et
458 728 498 784 ita
512 730 677 803 frequenter
692 750 752 790 am·

157 792 338 877 plrusreddrt
349 797 486 856 Dominus
496 814 579 871 quam
590 804 749 876 sustulerit,

157 879 206 936 qm
222 870 309 948 etnam
336 884 408 939 quos
432 871 543 929 sanavit
561 873 588 929 in
618 891 748 948 corpore,

158 935 211 991 bos
236 944 323 994 etnam
351 939 381 995 iu
407 944 502 999 aalma
530 946 651 1003 sanavit.
670 948 748 1005 Unde

158 1007 338 1064 Ambrosius:
354 1031 367 1061 a
382 1011 451 1069 Vide
463 1030 546 1086 quam
559 1018 650 1074 bonus
662 1021 747 1089 lleus,

155 1082 185 1134 et
210 1078 303 1136 laellis
333 1080 483 1155 indulgere
508 1091 658 1158 peccatis:
690 1107 748 1147 non

156 1149 249 1206 solum
265 1151 362 1208 ablata
383 1156 516 1226 restituit,
532 1160 683 1217 sedetiam
706 1161 749 1218 in-

153 1228 270 1292 sperata
294 1226 433 1282 coneedit.
448 1229 498 1285 llle
522 1230 627 1288 dudum
654 1239 748 1289 mutus

155 1294 319 1375 prophetat.
351 1298 416 1354 llaee
456 1300 533 1357 enim
575 1303 667 1375 gratia
697 1305 746 1361 Dei

156 1378 290 1433 mamma,
315 1369 392 1437 quod
417 1385 482 1427 eum
506 1374 552 1444 qui
580 1381 745 1446 negaverat,

156 1436 318 1494 conlitetur.
334 1440 423 1498 Nemo
438 1459 471 1500 er
491 1444 645 1514 odilddat,
661 1463 745 1503 nemo

157 1510 283 1589 veterum
298 1512 428 1570 conscius
438 1460 615 1583 delictorum,
628 1518 746 1590 praemia

155 1576 254 1637 divana
271 1581 423 1665 desperet.
439 1588 521 1643 Novit
544 1590 617 1645 lleus
635 1596 745 1647 mutare

155 1656 337 1734 senteutiam,
353 1670 377 1709 sn
405 1661 438 1714 tu'
460 1658 573 1715 noveris
590 1662 744 1719 emendare

157 1721 291 1781 deltetum
311 1744 318 1781 ε
335 1744 350 1773 »
367 1728 428 1785 baee
444 1731 616 1788 Ambrosius.

157 1798 745 1951 „tribulentbellttbtt

155 1936 270 2007 charum,
280 1957 314 1998 ac
327 1944 498 2003 benedicens
512 1947 625 2013 loanni,
637 1964 744 2003 reversa

154 2014 193 2066 eu
205 2014 236 2068 in
248 2014 358 2073 domum
370 2032 450 2089 sunm
462 2017 490 2072 id
503 2024 546 2073 est
560 2018 744 2075 habitationis

157 2096 224 2151 suae,
255 2085 285 2141 iu
312 2089 464 2155 Nazareth;
482 2090 624 2160 conplete
650 2096 743 2145 tamen

157 2156 233 2237 prius
252 2163 319 2215 ortu
335 2159 531 2227 Prmrursoris,
550 2166 633 2233 prout
649 2160 744 2233 opinio

156 2238 246 2299 magns
260 2234 420 2288 eommunis
444 2237 531 2288 tenet.
560 2234 615 2289 Per
629 2233 682 2288 boo
697 2248 744 2289 au-

157 2298 209 2355 tom
225 2302 304 2373 qued
319 2308 433 2375 peraeto
446 2303 666 2376 obsequio,post
682 2319 746 2375 par·

157 2371 213 2429 tnm
237 2382 368 2445 cognate
390 2392 459 2443 suae,
481 2375 564 2432 rediit
583 2375 612 2431 iu
628 2376 743 2432 domum

156 2452 247 2513 tuam,
263 2447 389 2503 ostendit
405 2447 480 2518 quod
499 2447 683 2505 inhonestum
708 2446 744 2503 sit

154 2514 273 2585 morari,
290 2516 352 2575 siue
370 2518 476 2587 ollirio,
491 2517 521 2575 in
539 2519 624 2575 domo
639 2517 743 2575 alienu.

153 2581 236 2643 libet
250 2603 328 2644 nune
353 2589 456 2646 intueri
472 2595 593 2661 quantas
610 2595 677 2647 tune
694 2593 744 2647 Za-

150 2656 279 2725 ebarias,
298 2667 420 2732 quantas
439 2667 465 2717 et
492 2662 634 2717 Elisabeth
652 2662 744 2733 laery-

148 2738 215 2807 lnns
242 2730 390 2802 fuderunt,
405 2734 520 2805 quande
547 2733 632 2806 Virgo
656 2733 745 2790 Maria

147 2801 219 2863 tude
233 2803 363 2873 recessit,
372 2804 486 2877 quaudo
500 2805 596 2862 mundi
608 2805 744 2877 gaudium

144 2876 177 2929 et
195 2872 285 2931 stella
304 2876 392 2933 maris
416 2876 447 2932 iu
471 2877 587 2933 domum
603 2892 684 2933 suam
699 2892 743 2932 re-

810 395 892 436 versa
902 384 954 436 est.
970 382 1097 438 loannes
1106 381 1253 465 quoqueln
1266 382 1327 465 ejus
1340 381 1379 440 di

809 466 900 518 cessu,
917 467 972 507 non
988 467 1087 524 parum
1102 451 1203 520 doluit,
1218 453 1266 525 qui
1281 450 1362 509 milli
1386 478 1390 502 .-

809 522 942 590 adventu‚
958 527 1037 579 tanto
1060 523 1163 594 gaudio
1184 523 1342 581 exsultavit.
1363 526 1388 581 l·

808 593 1072 651 reversioneautem
1088 596 1395 666 llariaepaupertatem

807 666 869 737 ejus
895 664 930 721 ad
954 665 1119 722 memoriam
1147 682 1281 723 revocare
1304 666 1386 724 stude

807 735 901 792 Rediit
916 736 950 791 ad
964 736 1090 804 domum,
1105 736 1133 792 in
1150 753 1207 809 qua
1219 754 1270 793 nee
1281 752 1385 809 panem

806 822 858 863 nee
870 806 976 871 vinum,
986 824 1038 863 nee
1051 807 1107 863 aba
1120 812 1280 865 necessaria
1291 808 1387 865 eratin

805 884 935 935 ventura.
952 879 1035 935 Stetit
1049 881 1127 950 quasi
1145 878 1234 936 tribus
1252 879 1395 936 mensibu

805 951 880 1021 apud
896 948 959 1006 illos
974 949 1047 1005 lorte
1062 951 1223 1021 opulenter,
1245 966 1321 1007 nunc
1344 964 1394 1007 au-

803 1025 861 1077 tem
881 1020 966 1077 rediit
989 1020 1023 1077 ad
1041 1028 1234 1092 paupertatem
1257 1037 1382 1091 suam,u

803 1092 926 1164 propriis
952 1092 1082 1149 manibus
1106 1093 1273 1160 laborando,
1289 1092 1365 1148 virtu
1382 1116 1387 1140 ι

803 1168 946 1235 procuret.
963 1164 1130 1235 Compatere
1145 1180 1213 1234 ergo
1231 1163 1296 1233 sibi,
1317 1168 1345 1219 et
1364 1162 1394 1219 iu

803 1250 929 1291 amorem
944 1235 1118 1305 paupertatis
1132 1234 1298 1291 areeudere.

839 1326 872 1363 ao
884 1308 1011 1361 lurasrm
1024 1309 1138 1363 tonnus
1152 1323 1348 1363 rneeunsorus.
1358 1334 1394 1347 -

801 1379 872 1432 Puer
886 1382 976 1432 autem
998 1379 1124 1435 loannes
1139 1378 1282 1441 erescebat,
1303 1392 1392 1449 quan·

802 1452 861 1504 tum
877 1448 912 1504 ad
931 1456 1115 1519 augmentum
1131 1449 1273 1519 eorporis;
1292 1453 1318 1503 et
1332 1464 1393 1503 coa·

799 1520 959 1588 portabatur
975 1522 1089 1589 spiritu,
1108 1525 1246 1589 quantum
1275 1519 1313 1574 ad
1342 1533 1393 1575 au·

821 1595 944 1648 mentum
953 1588 1383 1662 gratimetrirtutis:quiasecun

799 1607 866 1719 gum
893 1668 1066 1719 crementum
1093 1661 1219 1743 eorporis
1248 1660 1393 1717 erescebat

800 1750 851 1817 per
861 1739 1044 1807 augmentum
1054 1733 1173 1789 virtutis.
1185 1731 1338 1791 Caroenim
1349 1734 1393 1787 est

800 1804 1393 1876 infirma,etideospirilupromptoesteon-

800 1877 941 1935 fortanda.
962 1880 997 1933 Et
1018 1883 1076 1932 erut
1092 1882 1227 1947 quantum
1243 1875 1278 1931 ad
1298 1873 1391 1947 perle-

800 1944 1391 2005 ctionemconversationisindesertisloeis

800 2020 922 2077 orationi
938 2025 967 2075 et
993 2017 1227 2090 contemplationi
1243 2016 1327 2089 aptis.
1348 2015 1390 2098 lbi

800 2091 876 2147 enim
892 2091 1016 2148 habitari
1032 2109 1048 2147 a
1064 2090 1184 2162 septimo
1207 2106 1283 2145 aritio
1298 2090 1390 2144 aetatts

800 2179 870 2230 suae,
879 2180 966 2233 usque
979 2167 1008 2218 iu
1023 2164 1095 2217 diem
1109 2164 1270 2217 ostensionis
1282 2176 1338 2215 suae
1352 2157 1391 2214 ad

799 2237 895 2296 taram,
905 2235 932 2290 id
942 2235 1091 2302 esqdmee
1107 2232 1212 2304 plnruit
1226 2234 1283 2288 [leo
1296 2230 1390 2303 ipsum

800 2305 954 2362 Israelitieo
967 2306 1071 2377 populo
1084 2304 1280 2360 demonstrare
1293 2321 1301 2371 ;
1315 2299 1391 2358 scili-

800 2381 843 2433 cet
855 2378 967 2448 quando
978 2380 1051 2431 eene
1064 2382 1141 2431 trous
1150 2376 1306 2437 dordonam,
1317 2388 1388 2445 pras·

800 2449 897 2504 diebus
917 2450 1083 2518 baptismum
1107 2449 1292 2515 punitentiae3
1313 2442 1390 2515 quod

800 2520 905 2575 lartum
928 2525 971 2575 est
991 2535 1063 2573 euno
1083 2518 1283 2587 quintodecimo
1303 2518 1390 2586 impe·

798 2593 838 2645 rii
865 2591 969 2645 Tiberii
991 2592 1115 2647 Caesaris.
1131 2590 1209 2643 Tune
1234 2586 1309 2641 euim
1324 2584 1391 2641 exiit

800 2662 835 2717 de
849 2659 980 2730 desertis,
995 2662 1028 2718 ad
1041 2657 1254 2731 praetlirandum
1266 2655 1388 2782 poflulis.

800 2732 956 2790 Considera
980 2732 1008 2788 in
1030 2729 1184 2802 praemissis
1206 2743 1299 2798 trragm
1323 2741 1390 2783 cen-

800 2804 868 2860 tiam
888 2804 1018 2872 loanuis,
1034 2809 1060 2859 et
1081 2802 1109 2856 in
1135 2799 1229 2856 {inultis
1249 2797 1312 2856 aliis
1325 2813 1387 2871 quae

800 2876 836 2933 de
848 2894 883 2934 eo
899 2876 1078 2949 reperiuntur
1093 2871 1257 2946 privilegiis.

709 3055 839 3112 ORATIO

186 3204 296 3261 Sancto
307 3201 433 3257 loannes
447 3198 584 3271 Baptista,
599 3203 628 3255 tu
643 3199 723 3271 prius
738 3199 840 3271 plenus
852 3201 921 3265 Deo,
938 3215 1023 3271 quam
1039 3202 1123 3253 natus
1146 3213 1180 3253 eu
1197 3200 1293 3263 utero;
1307 3192 1357 3267 prit

147 3288 278 3331 noscens
292 3274 392 3340 Deum,
407 3286 492 3354 quam
510 3276 593 3327 notus
607 3274 634 3327 in
651 3272 775 3328 mundo:
794 3272 830 3328 ad
846 3278 883 3339 te,
899 3272 1025 3336 domine,
1040 3284 1127 3348 quem
1139 3267 1233 3338 gratia
1247 3266 1313 3322 lecit
1328 3270 1352 3322 ta

148 3344 280 3403 amioum
293 3345 355 3411 Del,
370 3342 446 3413 lugro
462 3346 569 3401 auxius.
586 3358 671 3413 quem
685 3342 894 3417 iniquitaslerit
911 3346 968 3397 tam
985 3355 1063 3421 reum
1078 3340 1138 3394 Der.
1155 3342 1296 3416 blemento
1306 3352 1347 3406 erp

151 3415 281 3485 domine,
296 3421 329 3472 ut
343 3415 415 3470 sieut
429 3418 522 3485 gratia
537 3416 586 3471 Dei
597 3419 625 3471 te
640 3413 679 3471 sie
690 3413 862 3483 sublimarit,
873 3409 1118 3468 sicmisemcordra
1134 3414 1181 3463 tun
1196 3411 1288 3478 erigat
1300 3422 1339 3477 qu

152 3488 238 3561 eulpa
252 3502 308 3545 sua
322 3485 363 3543 sic
376 3486 545 3544 humiliarit.
562 3488 605 3543 lle
619 3485 696 3543 euim
716 3485 850 3557 iniquitas
865 3500 928 3539 mea
943 3482 1028 3562 talem
1042 3479 1118 3546 lecit,
1135 3483 1162 3534 te
1177 3483 1273 3560 autem
1288 3480 1336 3533 tall

152 3574 213 3617 non
226 3562 271 3629 tu,
285 3558 336 3616 sed
351 3562 442 3640 gratie
463 3558 513 3615 Dei
529 3563 633 3640 tecum.
651 3556 765 3624 Obtine,
775 3572 890 3638 quaeso,
905 3553 972 3636 mibi
988 3568 1103 3633 misero,
1121 3555 1235 3632 utlsrrut
1250 3565 1312 3678 mg

152 3630 280 3689 advemu
295 3635 387 3687 nostru
402 3630 556 3688 salvatoris
576 3646 678 3702 magno
697 3630 800 3701 gaudio
815 3627 971 3691 exsultasti,
989 3640 1030 3681 sie
1046 3628 1074 3680 et
1089 3638 1142 3693 ego
1157 3639 1186 3678 m
1202 3637 1289 3679 secun

1314 3548 1332 3604 r'

1310 3636 1325 3677 o

155 3708 242 3761 ventu
255 3702 319 3777 ojus
332 3716 446 3760 merear
459 3703 596 3774 gaudere,
613 3706 642 3759 et
657 3716 721 3759 emn
735 3700 845 3758 Sanctis
860 3698 891 3755 in
904 3696 996 3771 gloria
1009 3696 1161 3754 exsultare.
1177 3696 1279 3751 brnen.
