2790 4912
157 332 201 388 lii
529 321 640 378 illuit
665 319 782 375 Pthiis
810 318 915 373 usius
941 316 1023 371 xxti

156 442 273 513 peecata
285 421 360 505 mea,
373 438 402 491 et
413 429 633 513 circumstantiae
648 442 763 509 eorum3
779 441 836 483 non
850 429 963 482 tantum
976 438 1023 481 me
1036 421 1069 506 in
1084 421 1195 506 laqueis
1209 421 1293 480 addus

155 515 294 577 catorum,
309 508 358 564 sed
373 510 402 562 et
416 503 520 560 multos
533 518 581 574 qur
596 515 660 557 mea
674 513 818 565 suasione,
829 495 968 578 exemplo,
979 494 1166 568 negligenha
1178 496 1222 576 rel
1236 509 1293 551 occa

155 580 251 652 aliqua
264 579 463 651 peccaverunt,
481 590 532 646 pro
547 586 667 644 quorum
682 574 710 627 et
727 567 799 625 meis
816 567 918 624 obnixe
931 567 1070 640 deprecor
1083 570 1221 641 peccatis,
1235 569 1266 623 ut
1285 581 1293 623 t

156 650 240 711 nohis
253 649 402 722 indulgeas
417 642 643 704 misericorditer
657 646 686 699 et
699 641 857 714 abstergas.
872 641 973 697 amen.
1074 655 1075 658 ¹

644 958 783 1032 CAPUT
810 958 904 1032 XXll

393 1186 436 1232 nh
455 1186 603 1234 tsturtto
624 1185 668 1231 ET
686 1183 985 1231 TENTA'I'IONIBUS
1005 1183 1146 1230 lt011tt1.

507 1343 1050 1418 Mwmmmmwffl

197 1570 207 1605 r
222 1549 281 1605 Cua
295 1547 426 1604 Cnnrsrus
445 1563 497 1603 cua
512 1563 626 1603 nnuona
646 1561 747 1602 ruenn-

158 1636 244 1676 ruaus
266 1635 405 1675 nassaruu
429 1618 586 1683 arhusam?
605 1648 640 1658 -
663 1617 746 1672 Post·

159 1704 245 1763 quam
260 1695 351 1745 autem
367 1689 504 1746 Dominus
513 1692 591 1744 lesus
598 1685 747 1759 luitbapti·

159 1765 248 1827 zatus,
262 1776 401 1829 repressus
421 1767 461 1816 est
484 1761 635 1816 atordune
647 1760 746 1830 plenus

158 1833 268 1904 Spiritu
296 1830 407 1896 Sancto,
434 1830 611 1904 plenitudine
628 1845 745 1901 supera-

159 1901 333 1971 bundantiae,
349 1903 382 1958 de
409 1903 488 1972 eujus
510 1903 684 1974 plenitudine
697 1916 746 1956 nos

159 1989 249 2029 omnes
271 1976 434 2043 occepimus.
450 1975 483 2028 Et
507 1978 580 2041 tunc,
595 1972 625 2028 id
643 1977 687 2027 est
701 1970 745 2026 in·

160 2042 318 2099 continenti
336 2058 369 2098 ac
388 2043 451 2098 sine
467 2058 558 2109 mora,
578 2043 676 2098 duetus
695 2047 744 2106 cst,

159 2117 327 2240 ffiwnee’
342 2115 372 2167 in
386 2114 530 2176 desertum,
544 2128 631 2183 super
645 2128 744 2183 quem-

254 2187 378 2239 montem
406 2182 485 2239 mirae
507 2182 674 2252 altitudinis,
704 2183 746 2238 di-

161 2258 239 2312 ctum
254 2255 445 2323 Quarantena,
461 2253 508 2325 qui
528 2261 571 2310 est
586 2254 661 2310 inter
674 2253 746 2310 leri-

160 2325 214 2382 cho
239 2332 268 2382 et
288 2325 456 2394 Jerusalem,
474 2325 584 2382 distans
600 2341 618 2381 a
633 2326 746 2382 iericho

160 2396 272 2455 duobus
300 2395 477 2466 milliaribus,
493 2403 522 2454 et
549 2413 566 2453 a
589 2397 747 2454 ierusalem

160 2466 313 2526 duodecim
334 2467 376 2523 vel
392 2467 476 2524 circa.
493 2471 524 2524 ln
548 2467 684 2539 praedicto
701 2467 748 2523 de·

160 2543 237 2596 serlo
259 2538 384 2595 latrones
410 2538 515 2595 morari
543 2540 683 2606 solebant,
700 2537 747 2609 qui

160 2610 241 2668 locus
265 2616 382 2666 vocatur
403 2612 522 2682 Domyn,
535 2610 611 2681 quod
636 2612 749 2677 sanqui-

160 2697 221 2737 nem
246 2686 338 2748 sonat,
360 2686 475 2753 propter
496 2681 663 2737 allusionem
686 2696 749 2736 san·

181 2750 265 2820 uinis,
283 2767 367 2823 quam
391 2752 428 2809 ibi
447 2753 572 2808 latrones
595 2751 747 2808 faciehant.

160 2767 180 2901 ξ
218 2821 327 2878 cialiter
356 2825 463 2893 Domyn
486 2829 529 2878 ost
561 2823 672 2904 casalo,
699 2820 747 2878 uhi

161 2890 181 2945 rl
193 2905 209 2946 o
223 2890 270 2962 qui
289 2892 436 2949 descendit
449 2908 467 2947 a
480 2892 639 2949 Jerusalem
661 2909 690 2948 ru
704 2895 749 2948 le·

161 2959 241 3016 richo
254 2959 352 3018 incidit
369 2962 398 3017 in
417 2962 554 3030 latrones,
572 2962 654 3033 quasi
673 2962 749 3019 circa

161 3029 286 3086 medium
300 3030 330 3087 in
346 3032 391 3088 via
408 3048 472 3103 quae
488 3032 523 3088 de
537 3033 650 3089 Jericho
670 3033 750 3090 ducit

161 3099 361 3157 inlerusalem
376 3107 485 3173 aparte
508 3102 623 3159 australi
643 3102 748 3159 deserti

102 3199 105 3206 ·
160 3171 367 3241 Quarantenae;
382 3172 485 3229 deinde
500 3179 544 3229 est
557 3173 704 3242 Bethania,
720 3180 749 3230 ct

161 3241 337 3326 bethphage,
353 3249 381 3301 et
399 3245 571 3312 Jerusalem
599 3249 627 3300 ct
645 3245 749 3301 transit

162 3313 208 3371 ria
226 3330 256 3370 m
276 3315 365 3372 latere
380 3315 497 3372 australi
517 3315 620 3372 montis
635 3315 746 3373 Oliveti.

159 3385 231 3455 Quia
246 3401 314 3458 ergo
330 3387 415 3443 homo
431 3386 477 3458 qui
494 3385 533 3442 ihi
549 3386 684 3443 incidisse
704 3386 747 3442 di-

160 3456 234 3514 citur
259 3456 290 3513 in
321 3458 461 3525 latrones,
482 3460 599 3540 gerebat
627 3459 748 3528 figuram

160 3526 238 3595 Adae,
263 3528 348 3609 quia
373 3529 551 3585 demonibus
579 3534 622 3586 est
649 3528 747 3595 victus,

160 3611 332 3654 conveniens
352 3599 405 3655 luit
423 3605 452 3656 ut
469 3600 505 3657 ihi
522 3599 707 3655 historialiter
721 3604 749 3655 et

160 3667 315 3747 secundum
346 3686 425 3737 rem,
449 3670 577 3726 Christus
602 3674 749 3742 superaret

162 3734 318 3818 diabolum,
327 3739 374 3795 ubi
385 3741 542 3810 figuraliter
555 3746 583 3796 et
595 3741 749 3796 secundum

161 3806 378 3865 simulitudinem
393 3811 524 3867 diabolus
539 3811 644 3867 dicitur
656 3810 748 3865 horni-

161 3890 229 3932 nem
244 3893 392 3948 superasse
406 3880 538 3951 primum.
552 3882 632 3938 Unde
647 3879 751 3937 dieitur

163 3945 240 4074 puod
251 3948 445 4029 Samaritanus
459 3953 559 4007 cadem
577 3950 623 4008 via
634 3952 751 4008 descen-

184 4020 220 4098 ¹15
240 4032 307 4088 quia
330 4034 414 4075 carue
441 4019 558 4078 indutus
579 4021 668 4079 Filius
689 4020 749 4091 liei,

164 4101 215 4159 qm
229 4091 273 4144 est
286 4093 381 4145 custos
394 4090 552 4161 hominum,
564 4094 677 4150 easdem
692 4097 752 4149 ten-

165 4154 288 4216 tationes
321 4157 361 4215 ihi
397 4160 538 4218 sustinuit.
570 4165 751 4234 Pugnatums

166 4227 281 4301 quidem
294 4228 431 4288 Dominus
444 4246 508 4289 cum
522 4231 647 4308 diabolo,
657 4234 689 4292 in
702 4233 750 4292 de-

803 1548 910 1600 sertum
925 1542 1052 1612 secessit,
1068 1545 1099 1599 ut
1115 1539 1200 1598 nohis
1214 1543 1292 1598 osten

805 1615 880 1686 quod
902 1614 950 1697 qui
974 1613 1097 1686 perlecto
1126 1612 1243 1682 laqueos
1260 1616 1293 1669 ter

804 1701 872 1741 num
892 1700 953 1758 eJus
978 1684 1037 1740 vult
1055 1699 1201 1756 superare,
1221 1699 1276 1740 non

804 1756 903 1814 turbas
918 1756 1090 1823 daemonum,
1107 1755 1157 1811 sed
1173 1754 1258 1811 ctiam
1270 1769 1293 1810 sc

804 1832 862 1884 tom
887 1827 1026 1885 malorum
1052 1824 1213 1894 hominum,
1239 1824 1293 1895 aliq

825 1897 919 1956 uidem
930 1903 1293 1970 corpore,sempcrautemr

805 1914 890 2026 gebel
902 1968 991 2025 vitare
1006 1971 1035 2025 et
1048 1968 1163 2037 iugcre;
1176 1966 1293 2039 exempl<

805 2040 854 2111 qui
879 2040 909 2095 in
933 2038 1022 2111 regali
1046 2040 1122 2109 aula,
1144 2043 1174 2094 el
1200 2037 1273 2095 inter

805 2112 956 2183 populares
987 2108 1116 2182 positus,
1147 2108 1260 2166 dicebat
1286 2125 1293 2163 t

805 2185 932 2251 elonpavi
950 2184 1071 2250 sapiens,
1085 2186 1112 2235 et
1125 2183 1218 2236 mansi
1241 2183 1293 2235 in,

805 2255 879 2308 dine.
905 2255 961 2309 Nos
984 2269 1063 2323 ergo,
1083 2251 1212 2323 exemplo
1238 2251 1293 2320 Chr

805 2323 933 2393 loannis,
953 2323 1094 2394 agitemur
1112 2336 1130 2379 a
1154 2321 1260 2394 Spiritu
1278 2322 1293 2378 S

806 2412 864 2451 non
875 2412 927 2467 per
941 2393 1112 2466 hypocrisim
1127 2409 1145 2448 a
1158 2392 1293 2465 maligno,

806 2473 914 2522 sertum
929 2466 982 2522 loci
1002 2470 1031 2521 et
1047 2463 1221 2532 solitudinis,
1235 2463 1278 2521 rel

805 2536 836 2593 in
855 2537 1000 2594 desertum
1019 2536 1108 2592 nostri
1131 2535 1256 2618 pectoris
1265 2543 1293 2616 'et

806 2607 1010 2679 temptationis,
1019 2606 1145 2678 utquieti
1157 2623 1174 2662 a
1185 2611 1293 2678 streprtt

806 2677 846 2748 di,
863 2678 964 2735 melius
981 2681 1037 2735 lieo
1053 2693 1195 2746 vacemus,
1216 2682 1244 2734 ct
1258 2676 1287 2733 in

806 2750 932 2806 seculum
968 2749 1141 2818 deserentes,
1175 2748 1258 2820 quasi
1290 2764 1293 2803 t

807 2820 912 2877 deserti
937 2821 998 2877 sola
1023 2826 1130 2877 aeterna
1157 2819 1264 2891 gaudia
1287 2836 1293 2874 t

807 2890 960 2948 discamus.
983 2894 1086 2948 Ductus
1110 2896 1154 2947 est
1172 2890 1261 2962 igitur
1280 2891 1293 2947 J

806 2965 916 3033 Spiritu
927 2965 1038 3027 Sancto,
1055 2961 1122 3033 quia
1134 2961 1293 3018 humanitas

807 3033 843 3088 sti
863 3038 924 3089 orat
943 3048 1080 3104 organum
1098 3031 1293 3100 divinitatis,t

807 3104 843 3160 ad
857 3103 952 3160 omnia
963 3105 1073 3175 agenda
1083 3102 1293 3161 movebaturin

809 3174 930 3245 Spiritus
945 3174 1050 3232 Sancti.

845 3265 859 3302 n
876 3247 989 3314 Qumtno
1014 3263 1047 3302 nr
1069 3262 1120 3302 cun
1132 3245 1293 3302 Cnmsrusr

807 3317 959 3373 vonuarur‘l
967 3320 1065 3374 -lloc
1075 3331 1144 3385 ergo
1158 3322 1237 3373 motu
1249 3315 1293 3373 ivit

808 3394 915 3444 sertum
930 3388 1034 3456 locum,
1047 3392 1078 3444 ut
1093 3387 1132 3442 ihi
1145 3386 1293 3513 spiritum:

807 3458 885 3514 tione
902 3474 953 3530 pro
979 3458 1061 3516 nobis
1083 3460 1141 3514 lieo
1185 3458 1242 3515 atri
1268 3463 1293 3514 ol

808 3534 837 3584 et
850 3545 901 3600 per
912 3529 1052 3611 jejunium
1079 3544 1193 3585 carnem
1213 3529 1293 3585 innot

808 3615 860 3725 pro
884 3602 967 3657 nohis
991 3605 1158 3668 maceraret,
1179 3600 1292 3672 exempl

831 3669 941 3726 delibus
962 3671 1053 3739 daret,
1070 3676 1102 3728 ut
1128 3687 1158 3727 se
1178 3672 1237 3728 Deo
1260 3686 1293 3744 pe

808 3741 886 3797 nium
901 3747 929 3797 et
943 3740 1101 3799 orationem
1119 3742 1255 3799 offerant.
1271 3744 1293 3798 N

808 3811 932 3882 inritus3
954 3812 1004 3869 sed
1022 3813 1167 3869 voluntate
1187 3827 1293 3884 pugnat

808 3887 1004 3938 attentaretur
1018 3900 1036 3938 a
1052 3884 1173 3946 diabolo,
1190 3897 1244 3955 per
1259 3899 1293 3955 qu

809 3951 940 4010 sinuatur
965 3954 1041 4025 quod
1060 3953 1234 4025 aggrediens
1252 3954 1293 4011 de

808 4023 983 4104 poenitcntiae
996 4024 1098 4081 lortius
1111 4028 1243 4081 tentatur
1255 4025 1292 4083 ab

806 4098 887 4165 Juxta
901 4094 970 4152 illud
985 4113 992 4152 :
1007 4097 1073 4160 Fili,
1089 4096 1217 4152 aceram
1231 4096 1293 4152 adt

810 4167 1293 4237 mffimmwmmm

806 4251 936 4309 prepara
948 4241 1070 4295 animam
1080 4238 1199 4296 tuamod
1209 4242 1293 4297 toea
