2790 4912
367 341 407 394 llll
433 341 634 396 llllllll'lh'lll
661 339 872 395 SALVATORIS
899 338 1033 394 bostut.
1286 343 1317 400 tt

75 445 199 528 uirtute,
211 445 424 515 salusnonest;
441 447 595 519 quianulla
610 465 675 576 ope·

77 522 155 573 ratio
174 521 285 585 nostra,
304 532 368 574 cum
383 519 527 589 superbia,
541 521 631 593 Deop
661 551 674 563 ·

74 603 146 644 cere
161 594 266 661 potest.
283 590 402 660 Nempe,
416 595 446 645 ut
460 590 580 647 virtutes
599 608 675 664 saepe

75 659 209 728 dentur,
230 659 276 717 rel
303 667 426 732 acceptae
448 666 607 731 serventur,
626 668 676 720 aut

81 735 206 787 servatae
244 737 489 800 consummentur,
530 733 676 791 humilitas

79 807 222 871 meretur,
238 806 267 859 et
277 803 386 873 absque
400 802 465 870 ista,
477 803 534 860 illae
548 821 601 862 nec
612 822 676 862 esse

81 872 203 929 virtutes
223 872 367 930 ridentur.
383 903 419 915 -
442 875 563 932 Potuisti
589 877 674 933 etiam

80 943 233 1001 attendere
250 943 281 1000 in
301 949 437 1015 utroque,
456 950 484 1002 et
502 946 624 1004 maxime
644 947 674 1003 in

78 1030 173 1141 guero
187 1016 266 1084 lesu,
282 1030 339 1071 non
354 1030 469 1087 parram
485 1018 613 1089 corporis
631 1019 674 1075 ai·

103 1084 251 1142 lationem.
270 1088 349 1142 lnter
369 1093 479 1144 ceteras
493 1096 600 1159 autem,
612 1090 675 1147 haec

79 1172 141 1213 una
156 1156 222 1225 init,
237 1157 315 1228 quod
331 1158 446 1229 quando
468 1165 561 1216 mater
582 1160 674 1217 suain

83 1227 226 1300 praesepio
239 1244 305 1284 eum
320 1228 432 1297 locavit,
443 1234 472 1286 ct
485 1230 618 1302 pulvinar
629 1232 673 1288 vel

77 1297 157 1356 alius
173 1298 337 1371 hujusmodi
354 1316 410 1355 non
431 1301 558 1372 haberet,
575 1303 611 1359 ad
626 1319 673 1360 ca·

79 1374 133 1442 put
147 1370 211 1497 εέμε
225 1370 378 1452 quemdam
392 1371 526 1453 lapidem,
539 1390 597 1430 non
613 1375 674 1430 sine

78 1456 156 1512 gran
178 1458 187 1496 r
202 1441 297 1498 cordis
311 1443 500 1499 amaritudine
515 1444 620 1516 posuit,
633 1445 674 1501 in-

78 1512 220 1584 terposito
234 1512 309 1569 lorte
320 1513 407 1580 imno,
421 1514 497 1586 quod
508 1517 544 1572 ab
560 1516 672 1573 anima·

74 1582 156 1640 libus
181 1588 279 1640 mutuo
307 1584 425 1655 accepit.
449 1588 493 1653 Et,
511 1592 541 1643 ut
558 1587 671 1659 dicitur,

76 1653 174 1711 adhuc
186 1653 233 1711 ille
244 1654 327 1727 lapis,
337 1654 443 1711 ibidem
453 1657 489 1712 ad
505 1658 671 1716 memoriam

76 1731 253 1794 reseramus,
268 1726 389 1783 videtur.
406 1728 606 1799 Paupertatem
622 1729 673 1801 igi·

78 1801 129 1852 tur
154 1802 184 1852 et
208 1795 410 1865 humilitatem,
430 1800 672 1873 afflictionemque

80 1867 212 1939 eorporis
229 1868 344 1924 studeas
361 1872 390 1924 et
403 1873 433 1924 tu
449 1886 596 1942 proposse
611 1888 671 1928 am-

80 1938 180 2011 plecti,
193 1945 221 1995 et
236 1941 264 1995 in
279 1938 323 1995 his
336 1940 478 1997 Christum
514 1958 545 1998 ro
558 1943 672 2001 modulo

74 2016 130 2066 -tuo
147 2008 266 2066 imitari.
280 2010 361 2067 Unde
379 2015 483 2068 aanor
504 2030 560 2068 us.-
580 2035 594 2065 α
610 2014 672 2070 Tri·

79 2082 136 2138 bus
157 2081 296 2153 exemplis
324 2080 398 2138 riam
426 2083 510 2140 nobis
536 2086 670 2154 ostendit,

79 2168 139 2223 qna
164 2167 232 2208 eum
254 2152 334 2224 sequi
360 2153 522 2211 debemus:
544 2156 671 2228 exemplo

76 2225 270 2295 paupertatis,
285 2222 352 2295 quia
367 2225 396 2279 in
412 2225 465 2281 hoc
481 2228 586 2283 mundo
602 2228 671 2284 divi·

79 2293 137 2350 tias
161 2296 270 2352 habere
291 2294 394 2364 noluit,
409 2296 486 2367 quod
513 2298 671 2370 exemplum

80 2364 175 2422 levem
195 2365 264 2422 iacit
278 2370 307 2422 et
322 2366 495 2437 expeditum,
512 2374 543 2425 ut
557 2375 669 2438 currat;

79 2436 212 2519 exemplo
220 2436 403 2506 humilitatis,
418 2437 485 2510 quia
500 2440 596 2495 mundi
612 2441 672 2511 glo·

81 2523 155 2564 mam
165 2508 284 2581 sprevit,
298 2509 375 2634 ‹Juod
390 2509 532 2590 modicum
548 2511 624 2579 iacit,
641 2517 672 2568 ut

81 2578 186 2646 lateat3
202 2595 333 2651 exempo
366 2582 503 2648 atrentiae,
514 2583 581 2653 quia
597 2584 671 2640 mala

79 2649 230 2731 sustinuit,
250 2651 327 2732 quod
346 2596 449 2708 fortem
471 2658 501 2708 et
523 2655 671 2710 robustum

81 2721 160 2790 lacit,
172 2727 203 2777 ut
214 2727 374 2778 sustineat:
392 2744 407 2772 »
424 2725 486 2779 haec
502 2726 670 2781 Bernordus.

75 2792 672 2868 SecundumveroAnsetmom,Redemptor

80 2869 192 2933 noster,
211 2863 325 2920 caecatis
348 2864 512 2932 luminibus,
530 2866 670 2922 collirium

81 2950 140 2991 suae
166 2934 375 2991 lucarnationis
400 2937 549 3007 apposuit,
566 2944 597 2993 ut
623 2937 670 3009 qui

77 3006 173 3063 «Deum
182 3004 330 3063 insecreto
345 3007 502 3077 maJestatis
516 3008 672 3079 fulgentem

81 3077 180 3134 ridere
194 3093 251 3133 non
270 3083 449 3148 poteramus,
466 3081 555 3135 Deum
574 3081 603 3134 in
618 3081 670 3136 ho·

80 3147 158 3205 mine
172 3154 359 3220 apparentem
376 3148 578 3221 aspiceremus,
594 3152 669 3222 aspi-

81 3218 184 3276 ciendo
210 3235 456 3291 cognosceremus,
472 3222 670 3293 cognoscendo

77 3288 278 3362 diligeremus,
304 3291 448 3362 diligendo
474 3308 585 3349 summo
614 3299 671 3349 stu-

78 3360 141 3430 dio,
156 3361 195 3417 ad
213 3361 275 3433 eius
288 3361 409 3433 gloriam
428 3363 576 3433 pervenire
595 3370 670 3420 sata·

733 447 785 516 dit,
798 447 848 504 sed
862 451 894 503 ut
908 462 961 503 nos
974 462 1007 502 ex
1022 445 1122 503 humili
1140 449 1319 506 sublimaret.

733 522 821 576 Natus
843 523 887 574 est
900 518 1054 574 secundum
1075 534 1200 588 carnem,
1217 527 1248 577 ut
1268 536 1321 578 nos

732 589 890 647 secundum
909 587 1040 660 spiritum
1058 605 1284 648 renasceremur.

771 684 802 718 io
822 663 909 717 Locus
937 677 1128 717 coucarrroms
1157 680 1189 717 ar
1219 679 1321 719 auarus

732 733 842 790 Cnmsrr
860 748 999 787 cussanus
1016 750 1194 790 osranmrun.
1214 765 1249 774 -
1262 733 1320 790 Ad·

731 810 811 860 verte
839 802 926 860 etiarn
954 803 1041 872 quod,
1056 804 1122 874 quia
1150 809 1249 877 partus
1277 820 1321 861 se·

732 875 830 946 quitur
856 873 1092 945 conceptionem,
1119 875 1191 932 sicut
1215 875 1323 932 tructus

733 945 930 1013 tlnritionem,
966 960 1124 1016 congruum
1157 945 1210 1003 tuit
1247 945 1324 1018 quod

732 1017 872 1083 Christus,
888 1015 936 1086 qui
956 1023 1110 1088 conceptus
1126 1017 1179 1074 luit
1194 1017 1223 1073 in
1239 1020 1322 1085 tlore,

731 1089 841 1144 scilicet
856 1087 1006 1153 Nazareth,
1026 1089 1101 1158 quod
1118 1088 1324 1171 interpretatur

730 1163 789 1228 ttos,
807 1165 973 1215 nasceretur
998 1157 1027 1214 in
1048 1159 1150 1229 fructu,
1169 1163 1278 1216 scilicet
1294 1158 1324 1215 in

733 1229 912 1299 Bethlehem,
939 1229 1015 1300 quod
1041 1230 1247 1303 intorpretatur
1273 1231 1324 1287 do·

729 1317 790 1356 mas
814 1304 897 1371 panis
916 1301 959 1355 vel
976 1302 1145 1368 refectionis,
1163 1302 1240 1374 quod
1259 1316 1324 1374 per·

731 1372 802 1428 tinet
828 1371 865 1427 ad
892 1371 1024 1426 lructum.
1050 1372 1184 1438 Quotidie
1211 1387 1325 1444 quoque

731 1444 867 1500 Dominus
894 1441 923 1497 in
950 1443 1087 1498 Nazareth
1107 1443 1275 1514 concipitur,
1293 1448 1320 1498 et

731 1517 758 1570 in
782 1512 948 1569 Bethlehem
964 1512 1100 1582 nascitur,
1118 1530 1183 1570 cum
1205 1512 1320 1594 aliquis,

732 1588 803 1642 llore
816 1584 893 1640 verbi
907 1589 1087 1656 suscepto,se
1097 1585 1213 1640 domum
1221 1590 1320 1640 aeterm

730 1656 813 1782 panis
836 1655 933 1712 eisscit.
961 1656 1028 1712 ldeo
1052 1655 1138 1712 etiam
1162 1668 1320 1726 congruum

742 1727 783 1784 uit
797 1728 869 1783 utin
883 1726 1058 1796 Bethlehem,
1074 1742 1136 1797 quaa
1148 1726 1251 1783 domus
1265 1740 1317 1797 pa·

729 1797 1312 1870 nisinterpretatur,Christusnasceretur,

728 1869 795 1996 fluia
806 1869 866 1940 ipse
874 1874 917 1925 est
931 1868 1012 1940 panis
1026 1868 1116 1937 vivus,
1128 1869 1176 1940 qui
1191 1868 1227 1925 de
1242 1867 1314 1925 coelo

748 1940 886 2007 escendit,
902 1939 951 2011 qui
966 1939 1121 1997 electorum
1141 1945 1251 1997 mentes
1270 1939 1314 1994 in·

728 2018 810 2068 terna
829 2010 959 2067 satietate
976 2010 1076 2067 rellcit.
1094 2013 1181 2068 Natus
1200 2011 1315 2083 quodue

727 2083 756 2138 in
772 2083 946 2149 Bethlehem,
963 2081 1114 2153 quainter
1133 2099 1230 2139 omnes
1245 2081 1315 2138 civi·

727 2159 801 2210 tates
819 2155 899 2210 tudae
915 2153 1015 2224 exigua
1029 2159 1100 2224 erat,
1115 2154 1205 2210 noluit
1218 2167 1315 2225 quern·

727 2240 814 2297 quam
827 2225 863 2282 de
878 2231 998 2281 terrenae
1009 2224 1131 2282 civitatis
1140 2225 1315 2283 sublimitate

720 2296 853 2368 gloriari.
869 2296 920 2364 Qui
935 2306 994 2351 non
1009 2297 1038 2351 in
1051 2303 1201 2367 parentum
1217 2297 1314 2363 domo,

728 2368 778 2425 sed
794 2370 822 2423 in
832 2369 878 2423 via
889 2367 1025 2435 nascitur,
1040 2373 1072 2422 ut
1086 2383 1116 2423 se
1130 2367 1314 2440 peregrinum

727 2456 802 2507 esse,
815 2443 844 2494 et
858 2453 977 2508 regnum
993 2453 1075 2493 suum
1089 2438 1123 2493 de
1139 2439 1192 2494 hoc
1208 2437 1314 2493 mundo

728 2527 785 2567 non
798 2525 860 2565 esse
871 2508 1044 2575 ostenderet,
1061 2507 1108 2590 qui
1124 2508 1211 2564 etiam
1223 2506 1291 2562 dicit
1305 2523 1313 2561 ε

727 2585 784 2650 Ego
802 2596 863 2635 sum
878 2582 935 2642 oio,
949 2593 1005 2648 qua
1020 2578 1125 2634 scilicet
1141 2579 1177 2634 ad
1192 2576 1314 2649 patriam

727 2651 884 2708 veniamus.
899 2652 930 2704 ln
946 2647 1133 2704 diversorium
1151 2664 1181 2705 se
1197 2648 1313 2719 recepit,

727 2727 758 2779 ut
770 2737 823 2777 nos
840 2736 896 2777 non
912 2720 1030 2792 palatia,
1046 2719 1096 2775 sed
1111 2718 1268 2775 diversoria
1283 2717 1314 2773 in

727 2795 781 2848 hoc
800 2793 907 2848 mundo
932 2807 1059 2863 quarere
1075 2792 1200 2848 doceret.
1215 2790 1316 2848 Stabu-

727 2865 785 2920 lum
800 2864 837 2920 ad
853 2863 1026 2919 nascendum
1040 2863 1136 2934 elegit,
1151 2869 1183 2919 ut
1199 2860 1315 2918 curiosi·

727 2940 814 2991 tatem
830 2935 1014 2991 aedificiorum
1034 2941 1062 2990 et
1080 2935 1201 3006 gloriam
1217 2932 1314 2990 muudi

727 3007 886 3063 damnaret.
901 3006 1038 3063 Parvulus
1051 3007 1143 3063 iactus
1157 3013 1209 3076 est,
1221 3011 1251 3061 ut
1262 3020 1314 3061 nos

726 3094 846 3149 magnos
866 3094 899 3133 ac
919 3078 994 3134 viros
1013 3079 1156 3205 Herleclos
1176 3078 1312 3143 et'liceret,

726 3156 755 3205 et
770 3166 806 3206 ne
822 3149 896 3205 ultra
914 3152 1011 3220 magni
1035 3166 1100 3206 care
1119 3166 1150 3205 se
1164 3151 1249 3205 homo
1265 3163 1313 3202 su·

727 3236 778 3291 per
795 3227 901 3277 terram
927 3227 1093 3292 apponeret.
1115 3220 1248 3275 lnllrmus
1274 3218 1314 3273 la·

727 3299 789 3348 ctus
803 3297 857 3359 est,
874 3296 906 3347 ut
919 3308 972 3347 nos
987 3291 1024 3347 ad
1038 3294 1112 3348 bona
1127 3305 1214 3360 opera
1225 3290 1313 3344 fortes

726 3369 754 3418 et
779 3367 910 3434 potentes
939 3362 1054 3417 iaceret.
1087 3362 1196 3428 Pauper
1223 3357 1313 3413 tactus

73 3446 227 3504 geremus.
242 3433 408 3489 incarnatus
428 3439 481 3501 est,
500 3442 530 3490 ut
556 3450 608 3490 nos
634 3436 670 3492 ad
726 3438 779 3503 est,
794 3440 825 3489 ut
844 3449 896 3489 sua
913 3431 1010 3502 inopia
1031 3447 1083 3487 nos
1103 3429 1217 3496 ditaret,
1233 3435 1261 3485 et
1276 3443 1313 3483 ne

80 3502 417 3575 spiritualiarerocaret:
432 3510 516 3575 atque
530 3506 670 3563 mutabili·
726 3505 761 3560 de
786 3505 907 3560 terrenis
925 3501 1031 3558 divitiis
1052 3500 1202 3573 quisquam
1218 3516 1248 3556 se
1268 3514 1312 3554 ex·

80 3573 150 3631 tatis
169 3580 277 3630 nostrae
296 3574 438 3647 particeps
458 3577 550 3633 lactus
574 3581 626 3645 est,
640 3583 671 3634 ut
726 3575 848 3631 tolleret.
865 3575 972 3630 Pannis
989 3571 1244 3629 vilibusinvolutus
1258 3573 1311 3639 est,

79 3660 206 3702 nossuae
215 3644 671 3720 incommutabilitatisparticipes
724 3650 756 3703 ut
778 3661 830 3701 nos
851 3644 961 3716 laqueis
980 3645 1081 3700 mortis
1101 3644 1269 3713 absolveret,
1283 3647 1312 3699 et

79 3716 199 3773 iaceret.
215 3716 365 3774 inclinarit
379 3733 410 3773 se
432 3719 468 3774 ad
483 3719 602 3775 humilia
621 3736 671 3776 no·
726 3717 799 3774 stola
815 3716 907 3789 prima
926 3714 1149 3772 immortalitatis
1168 3714 1309 3772 indueret.

72 3792 153 3857 atra,
168 3792 200 3845 ut
216 3804 270 3845 nos
288 3788 325 3845 ad
344 3789 453 3846 excelsa
468 3805 519 3845 sua
534 3791 669 3847 sublima·
727 3791 826 3845 Manus
840 3794 868 3845 et
881 3788 970 3861 pedes
988 3788 1050 3859 ejus
1065 3785 1310 3860 constringuntur,

80 3863 136 3916 ret.
156 3860 192 3915 Et
206 3859 362 3917 secundum
380 3861 611 3930 chrysostomum,
629 3862 672 3917 Pi·
727 3864 757 3916 ut
776 3876 877 3916 manus
904 3865 1010 3916 nostrae
1035 3861 1070 3915 ad
1097 3860 1170 3915 bene
1193 3873 1311 3930 operan-

80 3928 137 3987 lius
152 3929 203 3987 Dei
218 3930 369 4000 naturalis,
385 3933 473 3988 etiam
490 3932 579 3988 David
593 3932 670 3989 illius
726 3932 793 3987 dum
819 3931 964 3998 laxentur,
994 3936 1022 3987 et
1050 3931 1136 4003 pedes
1163 3929 1252 3986 nostri
1281 3927 1312 3983 in

72 4016 146 4059 esse
162 4001 298 4074 dignatus
319 4007 372 4071 est,
390 4008 422 4058 ut
447 4019 500 4059 nos
524 4004 598 4059 lilios
620 4003 670 4060 llei
725 4002 801 4058 riam
816 4002 895 4073 pacis
916 4001 1086 4072 dirigantur.
1101 4004 1132 4057 ln
1154 3998 1311 4057 diversorio

80 4071 199 4130 iaceret.
213 4075 426 4131 Serrumsuum
440 4075 546 4131 habere
559 4080 670 4146 patrem
726 4074 787 4129 loco
809 4080 884 4145 eget,
900 4079 932 4130 ut
951 4073 1034 4130 nobis
1053 4073 1084 4128 in
1109 4072 1194 4128 domo
1219 4069 1312 4127 Patris

81 4143 285 4217 dignatusest,
301 4145 672 4217 utnobispatremiaceret
726 4145 769 4201 sui
798 4144 962 4201 mansiones
990 4144 1095 4200 multas
1124 4145 1308 4215 praepararet.

80 4214 182 4274 Deum.
197 4217 262 4274 Non
288 4215 364 4273 enim
385 4216 500 4287 trustra,
522 4233 576 4274 nec
598 4233 670 4274 vane
727 4218 760 4272 Bt
780 4214 820 4271 sic
838 4215 869 4272 in
892 4215 1031 4288 praesepio
1054 4219 1174 4286 angusto
1202 4214 1311 4284 positus

74 4286 117 4345 ad
139 4292 253 4348 uotam
271 4287 462 4347 humilitatem
476 4287 537 4361 ipse
552 4289 669 4346 descen·
725 4292 780 4356 est,
809 4293 840 4345 ut
867 4286 956 4345 lectos
985 4284 1131 4356 delicatos,
1160 4287 1188 4340 et
1216 4280 1312 4354 ampla
