<?xml version="1.0" encoding="UTF-8"?>
<!DOCTYPE html PUBLIC "-//W3C//DTD XHTML 1.0 Transitional//EN"
    "http://www.w3.org/TR/xhtml1/DTD/xhtml1-transitional.dtd">
<html xmlns="http://www.w3.org/1999/xhtml" xml:lang="en" lang="en">
 <head>
  <title>
</title>
<meta http-equiv="Content-Type" content="text/html;charset=utf-8" />
  <meta name='ocr-system' content='tesseract 3.04.00' />
  <meta name='ocr-capabilities' content='ocr_page ocr_carea ocr_par ocr_line ocrx_word'/>
</head>
<body>
  <div class='ocr_page' id='page_1' title='image "./vitajesuchristi02ludogoog_0073.png"; bbox 0 0 2790 4912; ppageno 0'>
   <div class='ocr_carea' id='block_1_1' title="bbox 143 352 995 411">
    <p class='ocr_par' dir='ltr' id='par_1_1' title="bbox 143 352 995 411">
     <span class='ocr_line' id='line_1_1' title="bbox 143 352 995 411; baseline -0.007 0"><span class='ocrx_word' id='word_1_1' title='bbox 143 357 175 411; x_wconf 78' lang='grc'>60</span> <span class='ocrx_word' id='word_1_2' title='bbox 420 372 427 380; x_wconf 93' lang='grc'><em>·</em></span> <span class='ocrx_word' id='word_1_3' title='bbox 531 353 644 409; x_wconf 77' lang='lat' dir='ltr'>illitis</span> <span class='ocrx_word' id='word_1_4' title='bbox 670 353 790 407; x_wconf 76' lang='lat' dir='ltr'>illlis</span> <span class='ocrx_word' id='word_1_5' title='bbox 818 352 922 406; x_wconf 79' lang='lat' dir='ltr'>cliui</span> <span class='ocrx_word' id='word_1_6' title='bbox 949 353 995 405; x_wconf 91' lang='lat' dir='ltr'>llll</span> 
     </span>
    </p>
   </div>
   <div class='ocr_carea' id='block_1_2' title="bbox 824 457 832 471">
    <p class='ocr_par' dir='ltr' id='par_1_2' title="bbox 824 457 832 471">
     <span class='ocr_line' id='line_1_2' title="bbox 824 457 832 471; baseline 0 0"><span class='ocrx_word' id='word_1_7' title='bbox 824 457 832 471; x_wconf 66' lang='grc' dir='ltr'>θ</span> 
     </span>
    </p>
   </div>
   <div class='ocr_carea' id='block_1_3' title="bbox 146 457 1386 2603">
    <p class='ocr_par' dir='ltr' id='par_1_3' title="bbox 146 457 1386 2603">
     <span class='ocr_line' id='line_1_3' title="bbox 148 457 1386 586; baseline -0.001 -68"><span class='ocrx_word' id='word_1_8' title='bbox 148 463 221 520; x_wconf 90' lang='lat' dir='ltr'>lorte</span> <span class='ocrx_word' id='word_1_9' title='bbox 245 477 280 519; x_wconf 90' lang='lat' dir='ltr'>ea</span> <span class='ocrx_word' id='word_1_10' title='bbox 301 458 442 532; x_wconf 88' lang='lat' dir='ltr'>diripiat:</span> <span class='ocrx_word' id='word_1_11' title='bbox 459 460 535 531; x_wconf 86' lang='lat' dir='ltr'>quod</span> <span class='ocrx_word' id='word_1_12' title='bbox 552 459 639 517; x_wconf 90' lang='lat' dir='ltr'>etiarn</span> <span class='ocrx_word' id='word_1_13' title='bbox 664 461 736 517; x_wconf 87' lang='lat' dir='ltr'>Pba-</span> <span class='ocrx_word' id='word_1_14' title='bbox 788 472 898 586; x_wconf 47' lang='lat' dir='ltr'>{rimus</span> <span class='ocrx_word' id='word_1_15' title='bbox 918 458 1037 516; x_wconf 83' lang='lat' dir='ltr'>effectus</span> <span class='ocrx_word' id='word_1_16' title='bbox 1060 463 1115 516; x_wconf 89' lang='lat' dir='ltr'>est.</span> <span class='ocrx_word' id='word_1_17' title='bbox 1142 457 1188 517; x_wconf 88' lang='lat' dir='ltr'>Sic</span> <span class='ocrx_word' id='word_1_18' title='bbox 1206 462 1236 515; x_wconf 86' lang='lat' dir='ltr'>et</span> <span class='ocrx_word' id='word_1_19' title='bbox 1256 460 1386 517; x_wconf 80' lang='lat' dir='ltr'>loannes</span> 
     </span>
     <span class='ocr_line' id='line_1_4' title="bbox 146 529 1383 605; baseline -0.003 -14"><span class='ocrx_word' id='word_1_20' title='bbox 146 531 248 591; x_wconf 80' lang='lat' dir='ltr'>ristecu</span> <span class='ocrx_word' id='word_1_21' title='bbox 268 547 369 605; x_wconf 88' lang='lat' dir='ltr'>passus</span> <span class='ocrx_word' id='word_1_22' title='bbox 388 529 479 588; x_wconf 89' lang='lat' dir='ltr'>estin</span> <span class='ocrx_word' id='word_1_23' title='bbox 498 531 595 603; x_wconf 87' lang='lat' dir='ltr'>lingua</span> <span class='ocrx_word' id='word_1_24' title='bbox 613 532 662 589; x_wconf 97' lang='lat' dir='ltr'>illa</span> <span class='ocrx_word' id='word_1_25' title='bbox 680 531 735 588; x_wconf 91' lang='lat' dir='ltr'>cir·</span> <span class='ocrx_word' id='word_1_26' title='bbox 812 531 917 603; x_wconf 86' lang='lat' dir='ltr'>aptista</span> <span class='ocrx_word' id='word_1_27' title='bbox 935 547 943 586; x_wconf 77' lang='grc' dir='ltr'><strong>ε</strong></span> <span class='ocrx_word' id='word_1_28' title='bbox 960 533 1021 589; x_wconf 81' lang='lat' dir='ltr'>Non</span> <span class='ocrx_word' id='word_1_29' title='bbox 1046 546 1117 593; x_wconf 81' lang='lat' dir='ltr'>sum.</span> <span class='ocrx_word' id='word_1_30' title='bbox 1142 529 1246 603; x_wconf 81' lang='lat' dir='ltr'>inquit,</span> <span class='ocrx_word' id='word_1_31' title='bbox 1270 531 1383 600; x_wconf 77' lang='lat' dir='ltr'>dignus,</span> 
     </span>
     <span class='ocr_line' id='line_1_5' title="bbox 148 601 1382 672; baseline -0.003 -10"><span class='ocrx_word' id='word_1_32' title='bbox 148 604 322 671; x_wconf 87' lang='lat' dir='ltr'>cumlerens,</span> <span class='ocrx_word' id='word_1_33' title='bbox 337 602 413 659; x_wconf 90' lang='lat' dir='ltr'>unde</span> <span class='ocrx_word' id='word_1_34' title='bbox 434 617 469 658; x_wconf 90' lang='lat' dir='ltr'>ea</span> <span class='ocrx_word' id='word_1_35' title='bbox 496 608 525 660; x_wconf 92' lang='lat' dir='ltr'>et</span> <span class='ocrx_word' id='word_1_36' title='bbox 543 603 674 661; x_wconf 89' lang='lat' dir='ltr'>diabolus</span> <span class='ocrx_word' id='word_1_37' title='bbox 691 618 737 659; x_wconf 92' lang='lat' dir='ltr'>ra·</span> <span class='ocrx_word' id='word_1_38' title='bbox 789 603 942 658; x_wconf 73' lang='lat' dir='ltr'>resolvam</span> <span class='ocrx_word' id='word_1_39' title='bbox 958 601 1382 672; x_wconf 80' lang='lat' dir='ltr'>ejuccorripiomeolceamentr&#39;,</span> 
     </span>
     <span class='ocr_line' id='line_1_6' title="bbox 168 671 1383 755; baseline -0.002 -23"><span class='ocrx_word' id='word_1_40' title='bbox 168 672 738 747; x_wconf 82' lang='lat' dir='ltr'>uit.Caveamusigiturdenobismetipsis</span> <span class='ocrx_word' id='word_1_41' title='bbox 791 671 939 730; x_wconf 89' lang='lat' dir='ltr'>etidcirco</span> <span class='ocrx_word' id='word_1_42' title='bbox 964 674 1073 730; x_wconf 89' lang='lat' dir='ltr'>amicus</span> <span class='ocrx_word' id='word_1_43' title='bbox 1096 675 1189 731; x_wconf 82' lang='lat' dir='ltr'>lactus</span> <span class='ocrx_word' id='word_1_44' title='bbox 1207 681 1254 730; x_wconf 87' lang='lat' dir='ltr'>est</span> <span class='ocrx_word' id='word_1_45' title='bbox 1273 672 1383 755; x_wconf 86' lang='lat' dir='ltr'>sponsi,</span> 
     </span>
     <span class='ocr_line' id='line_1_7' title="bbox 171 743 1382 818; baseline -0.002 -15"><span class='ocrx_word' id='word_1_46' title='bbox 171 745 245 803; x_wconf 86' lang='lat' dir='ltr'>&#39;cere</span> <span class='ocrx_word' id='word_1_47' title='bbox 274 745 382 817; x_wconf 85' lang='lat' dir='ltr'>aliquid</span> <span class='ocrx_word' id='word_1_48' title='bbox 410 745 549 816; x_wconf 89' lang='lat' dir='ltr'>gloriose;</span> <span class='ocrx_word' id='word_1_49' title='bbox 580 747 634 803; x_wconf 92' lang='lat' dir='ltr'>boc</span> <span class='ocrx_word' id='word_1_50' title='bbox 659 745 737 803; x_wconf 91' lang='lat' dir='ltr'>enim</span> <span class='ocrx_word' id='word_1_51' title='bbox 791 747 821 801; x_wconf 87' lang='lat' dir='ltr'>ot</span> <span class='ocrx_word' id='word_1_52' title='bbox 838 759 954 801; x_wconf 92' lang='lat' dir='ltr'>manum</span> <span class='ocrx_word' id='word_1_53' title='bbox 971 760 1056 817; x_wconf 87' lang='lat' dir='ltr'>quain</span> <span class='ocrx_word' id='word_1_54' title='bbox 1075 743 1221 818; x_wconf 81' lang='lat' dir='ltr'>indignam</span> <span class='ocrx_word' id='word_1_55' title='bbox 1240 744 1312 801; x_wconf 84' lang='lat' dir='ltr'>dixit</span> <span class='ocrx_word' id='word_1_56' title='bbox 1326 744 1382 801; x_wconf 85' lang='lat' dir='ltr'>cal·</span> 
     </span>
     <span class='ocr_line' id='line_1_8' title="bbox 148 815 1383 897; baseline -0.002 -22"><span class='ocrx_word' id='word_1_57' title='bbox 148 832 203 875; x_wconf 91' lang='lat' dir='ltr'>nos</span> <span class='ocrx_word' id='word_1_58' title='bbox 228 822 258 874; x_wconf 88' lang='lat' dir='ltr'>et</span> <span class='ocrx_word' id='word_1_59' title='bbox 284 815 448 874; x_wconf 93' lang='lat' dir='ltr'>bominibus</span> <span class='ocrx_word' id='word_1_60' title='bbox 473 816 604 887; x_wconf 81' lang='lat' dir='ltr'>odibiles,</span> <span class='ocrx_word' id='word_1_61' title='bbox 629 822 657 875; x_wconf 89' lang='lat' dir='ltr'>et</span> <span class='ocrx_word' id='word_1_62' title='bbox 678 818 737 874; x_wconf 89' lang='lat' dir='ltr'>Deo</span> <span class='ocrx_word' id='word_1_63' title='bbox 791 815 958 885; x_wconf 78' lang='lat' dir='ltr'>coementis,</span> <span class='ocrx_word' id='word_1_64' title='bbox 973 816 1046 873; x_wconf 87' lang='lat' dir='ltr'>banc</span> <span class='ocrx_word' id='word_1_65' title='bbox 1061 816 1286 888; x_wconf 84' lang='lat' dir='ltr'>Christussupra</span> <span class='ocrx_word' id='word_1_66' title='bbox 1300 821 1383 897; x_wconf 86' lang='lat' dir='ltr'>caput</span> 
     </span>
     <span class='ocr_line' id='line_1_9' title="bbox 149 886 1379 961; baseline -0.003 -16"><span class='ocrx_word' id='word_1_67' title='bbox 149 888 355 946; x_wconf 84' lang='lat' dir='ltr'>abominabiles</span> <span class='ocrx_word' id='word_1_68' title='bbox 370 887 446 944; x_wconf 86' lang='lat' dir='ltr'>lacit.</span> <span class='ocrx_word' id='word_1_69' title='bbox 459 887 495 945; x_wconf 90' lang='lat' dir='ltr'>Et</span> <span class='ocrx_word' id='word_1_70' title='bbox 511 887 616 945; x_wconf 89' lang='lat' dir='ltr'>ideirco</span> <span class='ocrx_word' id='word_1_71' title='bbox 631 894 737 961; x_wconf 88' lang='lat' dir='ltr'>quanto</span> <span class='ocrx_word' id='word_1_72' title='bbox 791 886 906 944; x_wconf 80' lang='lat' dir='ltr'>attraxit</span> <span class='ocrx_word' id='word_1_73' title='bbox 919 903 1011 944; x_wconf 89' lang='lat' dir='ltr'>suum.</span> <span class='ocrx_word' id='word_1_74' title='bbox 1029 887 1074 943; x_wconf 88' lang='lat' dir='ltr'>Sic</span> <span class='ocrx_word' id='word_1_75' title='bbox 1093 887 1179 944; x_wconf 90' lang='lat' dir='ltr'>etiam</span> <span class='ocrx_word' id='word_1_76' title='bbox 1195 890 1298 945; x_wconf 87' lang='lat' dir='ltr'>Petrus</span> <span class='ocrx_word' id='word_1_77' title='bbox 1316 893 1379 942; x_wconf 87' lang='lat' dir='ltr'>ait:</span> 
     </span>
     <span class='ocr_line' id='line_1_10' title="bbox 148 958 1382 1032; baseline -0.002 -16"><span class='ocrx_word' id='word_1_78' title='bbox 148 961 261 1032; x_wconf 89' lang='lat' dir='ltr'>maj0ra</span> <span class='ocrx_word' id='word_1_79' title='bbox 285 959 457 1030; x_wconf 78' lang='lat' dir='ltr'>fecerimus,</span> <span class='ocrx_word' id='word_1_80' title='bbox 483 965 562 1017; x_wconf 90' lang='lat' dir='ltr'>tanto</span> <span class='ocrx_word' id='word_1_81' title='bbox 593 960 629 1017; x_wconf 90' lang='lat' dir='ltr'>de</span> <span class='ocrx_word' id='word_1_82' title='bbox 654 958 737 1016; x_wconf 92' lang='lat' dir='ltr'>nobis</span> <span class='ocrx_word' id='word_1_83' title='bbox 790 961 848 1015; x_wconf 74' lang='lat' dir='ltr'>noi</span> <span class='ocrx_word' id='word_1_84' title='bbox 872 975 890 1014; x_wconf 89' lang='lat' dir='ltr'>o</span> <span class='ocrx_word' id='word_1_85' title='bbox 917 975 968 1023; x_wconf 88' lang='lat' dir='ltr'>me,</span> <span class='ocrx_word' id='word_1_86' title='bbox 995 962 1118 1023; x_wconf 83' lang='lat' dir='ltr'>Domine,</span> <span class='ocrx_word' id='word_1_87' title='bbox 1147 963 1280 1030; x_wconf 82' lang='lat' dir='ltr'>quoniam</span> <span class='ocrx_word' id='word_1_88' title='bbox 1305 960 1382 1014; x_wconf 83' lang='lat' dir='ltr'>bomo</span> 
     </span>
     <span class='ocr_line' id='line_1_11' title="bbox 148 1030 1379 1156; baseline -0.004 -68"><span class='ocrx_word' id='word_1_89' title='bbox 148 1030 262 1088; x_wconf 86' lang='lat' dir='ltr'>minora</span> <span class='ocrx_word' id='word_1_90' title='bbox 293 1031 438 1099; x_wconf 88' lang='lat' dir='ltr'>dieamus;</span> <span class='ocrx_word' id='word_1_91' title='bbox 467 1031 522 1088; x_wconf 92' lang='lat' dir='ltr'>boe</span> <span class='ocrx_word' id='word_1_92' title='bbox 551 1030 628 1088; x_wconf 91' lang='lat' dir='ltr'>enim</span> <span class='ocrx_word' id='word_1_93' title='bbox 652 1030 737 1087; x_wconf 90' lang='lat' dir='ltr'>modo</span> <span class='ocrx_word' id='word_1_94' title='bbox 787 1035 916 1156; x_wconf 57' lang='lat' dir='ltr'>peccator</span> <span class='ocrx_word' id='word_1_95' title='bbox 929 1046 999 1095; x_wconf 82' lang='lat' dir='ltr'>sum,</span> <span class='ocrx_word' id='word_1_96' title='bbox 1015 1034 1044 1086; x_wconf 90' lang='lat' dir='ltr'>et</span> <span class='ocrx_word' id='word_1_97' title='bbox 1059 1035 1210 1103; x_wconf 88' lang='lat' dir='ltr'>propterea</span> <span class='ocrx_word' id='word_1_98' title='bbox 1228 1030 1322 1087; x_wconf 89' lang='lat' dir='ltr'>lactus</span> <span class='ocrx_word' id='word_1_99' title='bbox 1340 1036 1379 1086; x_wconf 89' lang='lat' dir='ltr'>est</span> 
     </span>
     <span class='ocr_line' id='line_1_12' title="bbox 149 1100 1380 1174; baseline -0.003 -15"><span class='ocrx_word' id='word_1_100' title='bbox 149 1101 313 1171; x_wconf 84' lang='lat' dir='ltr'>maximam,</span> <span class='ocrx_word' id='word_1_101' title='bbox 327 1110 354 1159; x_wconf 90' lang='lat' dir='ltr'>et</span> <span class='ocrx_word' id='word_1_102' title='bbox 378 1103 454 1174; x_wconf 87' lang='lat' dir='ltr'>apud</span> <span class='ocrx_word' id='word_1_103' title='bbox 478 1105 578 1170; x_wconf 87' lang='lat' dir='ltr'>Deum,</span> <span class='ocrx_word' id='word_1_104' title='bbox 594 1109 622 1159; x_wconf 88' lang='lat' dir='ltr'>et</span> <span class='ocrx_word' id='word_1_105' title='bbox 641 1117 738 1159; x_wconf 89' lang='lat' dir='ltr'>eoram</span> <span class='ocrx_word' id='word_1_106' title='bbox 802 1101 1005 1158; x_wconf 86' lang='lat' dir='ltr'>undamentum</span> <span class='ocrx_word' id='word_1_107' title='bbox 1034 1101 1175 1158; x_wconf 79' lang='lat' dir='ltr'>Ecclesia.</span> <span class='ocrx_word' id='word_1_108' title='bbox 1200 1100 1276 1158; x_wconf 83' lang='lat' dir='ltr'>Nihil</span> <span class='ocrx_word' id='word_1_109' title='bbox 1306 1100 1380 1157; x_wconf 91' lang='lat' dir='ltr'>enim</span> 
     </span>
     <span class='ocr_line' id='line_1_13' title="bbox 148 1171 1381 1255; baseline -0.001 -25"><span class='ocrx_word' id='word_1_110' title='bbox 148 1173 313 1231; x_wconf 91' lang='lat' dir='ltr'>bominibus</span> <span class='ocrx_word' id='word_1_111' title='bbox 322 1173 442 1255; x_wconf 78' lang='lat' dir='ltr'>gloriam</span> <span class='ocrx_word' id='word_1_112' title='bbox 456 1173 671 1246; x_wconf 89' lang='lat' dir='ltr'>consequimur;</span> <span class='ocrx_word' id='word_1_113' title='bbox 686 1188 738 1229; x_wconf 91' lang='lat' dir='ltr'>nee</span> <span class='ocrx_word' id='word_1_114' title='bbox 791 1173 832 1228; x_wconf 89' lang='lat' dir='ltr'>ita</span> <span class='ocrx_word' id='word_1_115' title='bbox 845 1177 889 1230; x_wconf 90' lang='lat' dir='ltr'>est</span> <span class='ocrx_word' id='word_1_116' title='bbox 907 1172 1029 1230; x_wconf 92' lang='lat' dir='ltr'>amicum</span> <span class='ocrx_word' id='word_1_117' title='bbox 1051 1175 1120 1241; x_wconf 86' lang='lat' dir='ltr'>Deo,</span> <span class='ocrx_word' id='word_1_118' title='bbox 1137 1181 1167 1230; x_wconf 91' lang='lat' dir='ltr'>ut</span> <span class='ocrx_word' id='word_1_119' title='bbox 1188 1175 1210 1230; x_wconf 89' lang='lat' dir='ltr'>si</span> <span class='ocrx_word' id='word_1_120' title='bbox 1229 1189 1261 1230; x_wconf 83' lang='lat' dir='ltr'>se</span> <span class='ocrx_word' id='word_1_121' title='bbox 1280 1171 1381 1244; x_wconf 81' lang='lat' dir='ltr'>aliquis</span> 
     </span>
     <span class='ocr_line' id='line_1_14' title="bbox 149 1243 1379 1318; baseline -0.001 -17"><span class='ocrx_word' id='word_1_122' title='bbox 149 1244 242 1302; x_wconf 88' lang='lat' dir='ltr'>solnm</span> <span class='ocrx_word' id='word_1_123' title='bbox 256 1246 376 1318; x_wconf 89' lang='lat' dir='ltr'>gloriam</span> <span class='ocrx_word' id='word_1_124' title='bbox 390 1248 465 1316; x_wconf 86' lang='lat' dir='ltr'>apud</span> <span class='ocrx_word' id='word_1_125' title='bbox 478 1247 578 1314; x_wconf 89' lang='lat' dir='ltr'>Deum,</span> <span class='ocrx_word' id='word_1_126' title='bbox 589 1244 737 1302; x_wconf 87' lang='lat' dir='ltr'>sedetiam</span> <span class='ocrx_word' id='word_1_127' title='bbox 791 1243 940 1301; x_wconf 90' lang='lat' dir='ltr'>minimum</span> <span class='ocrx_word' id='word_1_128' title='bbox 957 1261 991 1301; x_wconf 90' lang='lat' dir='ltr'>ae</span> <span class='ocrx_word' id='word_1_129' title='bbox 1010 1245 1145 1302; x_wconf 91' lang='lat' dir='ltr'>humilem</span> <span class='ocrx_word' id='word_1_130' title='bbox 1171 1248 1296 1316; x_wconf 89' lang='lat' dir='ltr'>reputet.</span> <span class='ocrx_word' id='word_1_131' title='bbox 1313 1245 1379 1310; x_wconf 82' lang='lat' dir='ltr'>Quae</span> 
     </span>
     <span class='ocr_line' id='line_1_15' title="bbox 149 1314 1379 1388; baseline -0.002 -15"><span class='ocrx_word' id='word_1_132' title='bbox 149 1317 310 1373; x_wconf 82' lang='lat' dir='ltr'>mercedem</span> <span class='ocrx_word' id='word_1_133' title='bbox 325 1316 597 1388; x_wconf 89' lang='lat' dir='ltr'>retributionemque</span> <span class='ocrx_word' id='word_1_134' title='bbox 606 1314 736 1388; x_wconf 89' lang='lat' dir='ltr'>plenissi·</span> <span class='ocrx_word' id='word_1_135' title='bbox 792 1317 891 1384; x_wconf 90' lang='lat' dir='ltr'>virtus,</span> <span class='ocrx_word' id='word_1_136' title='bbox 907 1333 965 1373; x_wconf 93' lang='lat' dir='ltr'>non</span> <span class='ocrx_word' id='word_1_137' title='bbox 977 1315 1091 1373; x_wconf 87' lang='lat' dir='ltr'>aliunde</span> <span class='ocrx_word' id='word_1_138' title='bbox 1104 1319 1204 1388; x_wconf 86' lang='lat' dir='ltr'>magis,</span> <span class='ocrx_word' id='word_1_139' title='bbox 1215 1322 1266 1372; x_wconf 87' lang='lat' dir='ltr'>aul</span> <span class='ocrx_word' id='word_1_140' title='bbox 1278 1314 1379 1383; x_wconf 87' lang='lat' dir='ltr'>oritur,</span> 
     </span>
     <span class='ocr_line' id='line_1_16' title="bbox 147 1385 1379 1514; baseline -0.002 -70"><span class='ocrx_word' id='word_1_141' title='bbox 147 1402 235 1445; x_wconf 90' lang='lat' dir='ltr'>mam.</span> <span class='ocrx_word' id='word_1_142' title='bbox 265 1389 382 1456; x_wconf 86' lang='lat' dir='ltr'>Quando</span> <span class='ocrx_word' id='word_1_143' title='bbox 410 1388 485 1444; x_wconf 92' lang='lat' dir='ltr'>enim</span> <span class='ocrx_word' id='word_1_144' title='bbox 515 1389 611 1514; x_wconf 52' lang='lat' dir='ltr'>aliqua</span> <span class='ocrx_word' id='word_1_145' title='bbox 640 1393 738 1445; x_wconf 89' lang='lat' dir='ltr'>sancta</span> <span class='ocrx_word' id='word_1_146' title='bbox 791 1392 840 1444; x_wconf 86' lang='lat' dir='ltr'>aut</span> <span class='ocrx_word' id='word_1_147' title='bbox 854 1389 988 1456; x_wconf 91' lang='lat' dir='ltr'>nutritur,</span> <span class='ocrx_word' id='word_1_148' title='bbox 1003 1403 1088 1459; x_wconf 89' lang='lat' dir='ltr'>quam</span> <span class='ocrx_word' id='word_1_149' title='bbox 1105 1391 1129 1444; x_wconf 86' lang='lat' dir='ltr'>si</span> <span class='ocrx_word' id='word_1_150' title='bbox 1145 1403 1301 1470; x_wconf 86' lang='lat' dir='ltr'>numquam</span> <span class='ocrx_word' id='word_1_151' title='bbox 1319 1385 1379 1442; x_wconf 85' lang='lat' dir='ltr'>ani·</span> 
     </span>
     <span class='ocr_line' id='line_1_17' title="bbox 148 1456 1380 1532; baseline 0.001 -18"><span class='ocrx_word' id='word_1_152' title='bbox 148 1458 308 1529; x_wconf 78' lang='lat' dir='ltr'>fecerimus,</span> <span class='ocrx_word' id='word_1_153' title='bbox 324 1462 462 1518; x_wconf 82' lang='lat' dir='ltr'>habemus</span> <span class='ocrx_word' id='word_1_154' title='bbox 473 1474 560 1532; x_wconf 88' lang='lat' dir='ltr'>proeu</span> <span class='ocrx_word' id='word_1_155' title='bbox 586 1458 672 1516; x_wconf 93' lang='lat' dir='ltr'>dubio</span> <span class='ocrx_word' id='word_1_156' title='bbox 687 1459 736 1515; x_wconf 91' lang='lat' dir='ltr'>de·</span> <span class='ocrx_word' id='word_1_157' title='bbox 792 1474 855 1516; x_wconf 91' lang='lat' dir='ltr'>inus</span> <span class='ocrx_word' id='word_1_158' title='bbox 866 1460 1099 1532; x_wconf 85' lang='lat' dir='ltr'>aeonjunctiooe,</span> <span class='ocrx_word' id='word_1_159' title='bbox 1111 1463 1140 1516; x_wconf 90' lang='lat' dir='ltr'>et</span> <span class='ocrx_word' id='word_1_160' title='bbox 1150 1460 1193 1515; x_wconf 91' lang='lat' dir='ltr'>sui</span> <span class='ocrx_word' id='word_1_161' title='bbox 1204 1456 1380 1516; x_wconf 77' lang='lat' dir='ltr'>discussione</span> 
     </span>
     <span class='ocr_line' id='line_1_18' title="bbox 148 1528 1380 1603; baseline -0.001 -16"><span class='ocrx_word' id='word_1_162' title='bbox 148 1528 287 1600; x_wconf 88' lang='lat' dir='ltr'>bitorem;</span> <span class='ocrx_word' id='word_1_163' title='bbox 305 1532 419 1603; x_wconf 85' lang='lat' dir='ltr'>quando</span> <span class='ocrx_word' id='word_1_164' title='bbox 438 1547 506 1587; x_wconf 88' lang='lat' dir='ltr'>vero</span> <span class='ocrx_word' id='word_1_165' title='bbox 534 1530 604 1586; x_wconf 93' lang='lat' dir='ltr'>nibil</span> <span class='ocrx_word' id='word_1_166' title='bbox 623 1546 675 1586; x_wconf 92' lang='lat' dir='ltr'>nos</span> <span class='ocrx_word' id='word_1_167' title='bbox 689 1547 736 1586; x_wconf 92' lang='lat' dir='ltr'>ar·</span> <span class='ocrx_word' id='word_1_168' title='bbox 759 1578 763 1593; x_wconf 90' lang='grc'>,</span> <span class='ocrx_word' id='word_1_169' title='bbox 791 1529 929 1587; x_wconf 89' lang='lat' dir='ltr'>discedat.</span> <span class='ocrx_word' id='word_1_170' title='bbox 944 1529 995 1598; x_wconf 85' lang='lat' dir='ltr'>Qui</span> <span class='ocrx_word' id='word_1_171' title='bbox 1011 1531 1087 1587; x_wconf 96' lang='lat' dir='ltr'>enim</span> <span class='ocrx_word' id='word_1_172' title='bbox 1103 1531 1271 1587; x_wconf 89' lang='lat' dir='ltr'>humiliatur</span> <span class='ocrx_word' id='word_1_173' title='bbox 1286 1529 1380 1598; x_wconf 84' lang='lat' dir='ltr'>corde,</span> 
     </span>
     <span class='ocr_line' id='line_1_19' title="bbox 147 1598 1380 1673; baseline -0.001 -15"><span class='ocrx_word' id='word_1_174' title='bbox 147 1601 288 1659; x_wconf 86' lang='lat' dir='ltr'>bitramur</span> <span class='ocrx_word' id='word_1_175' title='bbox 314 1609 457 1673; x_wconf 86' lang='lat' dir='ltr'>operatos,</span> <span class='ocrx_word' id='word_1_176' title='bbox 478 1602 599 1673; x_wconf 89' lang='lat' dir='ltr'>amplius</span> <span class='ocrx_word' id='word_1_177' title='bbox 625 1602 660 1657; x_wconf 90' lang='lat' dir='ltr'>de</span> <span class='ocrx_word' id='word_1_178' title='bbox 686 1601 736 1657; x_wconf 85' lang='lat' dir='ltr'>tali</span> <span class='ocrx_word' id='word_1_179' title='bbox 790 1607 875 1673; x_wconf 88' lang='lat' dir='ltr'>atque</span> <span class='ocrx_word' id='word_1_180' title='bbox 904 1602 1070 1670; x_wconf 88' lang='lat' dir='ltr'>conteritur,</span> <span class='ocrx_word' id='word_1_181' title='bbox 1099 1618 1157 1658; x_wconf 94' lang='lat' dir='ltr'>non</span> <span class='ocrx_word' id='word_1_182' title='bbox 1186 1601 1323 1659; x_wconf 88' lang='lat' dir='ltr'>elieretur</span> <span class='ocrx_word' id='word_1_183' title='bbox 1352 1598 1380 1657; x_wconf 93' lang='lat' dir='ltr'>in</span> 
     </span>
     <span class='ocr_line' id='line_1_20' title="bbox 148 1671 1380 1755; baseline -0.001 -26"><span class='ocrx_word' id='word_1_184' title='bbox 148 1686 293 1753; x_wconf 82' lang='lat' dir='ltr'>meremur</span> <span class='ocrx_word' id='word_1_185' title='bbox 304 1674 417 1741; x_wconf 85' lang='lat' dir='ltr'>all&#39;ectu,</span> <span class='ocrx_word' id='word_1_186' title='bbox 429 1690 513 1744; x_wconf 89' lang='lat' dir='ltr'>quarn</span> <span class='ocrx_word' id='word_1_187' title='bbox 523 1679 640 1744; x_wconf 90' lang='lat' dir='ltr'>propter</span> <span class='ocrx_word' id='word_1_188' title='bbox 650 1689 737 1744; x_wconf 90' lang='lat' dir='ltr'>opera</span> <span class='ocrx_word' id='word_1_189' title='bbox 790 1673 921 1755; x_wconf 80' lang='lat' dir='ltr'>gloriani,</span> <span class='ocrx_word' id='word_1_190' title='bbox 936 1690 993 1730; x_wconf 92' lang='lat' dir='ltr'>non</span> <span class='ocrx_word' id='word_1_191' title='bbox 1007 1673 1036 1729; x_wconf 94' lang='lat' dir='ltr'>in</span> <span class='ocrx_word' id='word_1_192' title='bbox 1051 1671 1309 1740; x_wconf 77' lang='lat' dir='ltr'>invidiaelivorem3</span> <span class='ocrx_word' id='word_1_193' title='bbox 1324 1686 1380 1753; x_wconf 83' lang='lat' dir='ltr'>non</span> 
     </span>
     <span class='ocr_line' id='line_1_21' title="bbox 148 1741 1379 1816; baseline 0 -17"><span class='ocrx_word' id='word_1_194' title='bbox 148 1757 212 1815; x_wconf 89' lang='lat' dir='ltr'>ipsa</span> <span class='ocrx_word' id='word_1_195' title='bbox 240 1760 303 1814; x_wconf 85' lang='lat' dir='ltr'>quae</span> <span class='ocrx_word' id='word_1_196' title='bbox 327 1744 455 1800; x_wconf 83' lang='lat' dir='ltr'>iacimus.</span> <span class='ocrx_word' id='word_1_197' title='bbox 483 1748 581 1816; x_wconf 90' lang='lat' dir='ltr'>ltaque</span> <span class='ocrx_word' id='word_1_198' title='bbox 602 1744 736 1801; x_wconf 88' lang='lat' dir='ltr'>virtutum</span> <span class='ocrx_word' id='word_1_199' title='bbox 789 1744 944 1802; x_wconf 77' lang='lat' dir='ltr'>iracundiae</span> <span class='ocrx_word' id='word_1_200' title='bbox 967 1745 1063 1802; x_wconf 87' lang='lat' dir='ltr'>lurore</span> <span class='ocrx_word' id='word_1_201' title='bbox 1081 1745 1315 1812; x_wconf 82' lang='lat' dir='ltr'>vexabitur;non</span> <span class='ocrx_word' id='word_1_202' title='bbox 1329 1741 1379 1800; x_wconf 84' lang='lat' dir='ltr'>ali·</span> 
     </span>
     <span class='ocr_line' id='line_1_22' title="bbox 150 1814 1380 1890; baseline -0.001 -20"><span class='ocrx_word' id='word_1_203' title='bbox 150 1814 277 1871; x_wconf 92' lang='lat' dir='ltr'>omnium</span> <span class='ocrx_word' id='word_1_204' title='bbox 304 1815 406 1890; x_wconf 87' lang='lat' dir='ltr'>merila</span> <span class='ocrx_word' id='word_1_205' title='bbox 433 1816 539 1873; x_wconf 93' lang='lat' dir='ltr'>bonum</span> <span class='ocrx_word' id='word_1_206' title='bbox 568 1815 737 1872; x_wconf 86' lang='lat' dir='ltr'>humilitatis</span> <span class='ocrx_word' id='word_1_207' title='bbox 791 1833 876 1889; x_wconf 88' lang='lat' dir='ltr'>quam</span> <span class='ocrx_word' id='word_1_208' title='bbox 907 1817 1001 1883; x_wconf 58' lang='lat' dir='ltr'>,aliam</span> <span class='ocrx_word' id='word_1_209' title='bbox 1036 1818 1169 1889; x_wconf 76' lang='lat' dir='ltr'>suscipiet</span> <span class='ocrx_word' id='word_1_210' title='bbox 1207 1814 1380 1889; x_wconf 87' lang='lat' dir='ltr'>passionem.</span> 
     </span>
     <span class='ocr_line' id='line_1_23' title="bbox 151 1887 1381 1960; baseline 0 -19"><span class='ocrx_word' id='word_1_211' title='bbox 151 1890 317 1957; x_wconf 77' lang='lat' dir='ltr'>exsuperat3</span> <span class='ocrx_word' id='word_1_212' title='bbox 345 1904 408 1958; x_wconf 75' lang='lat' dir='ltr'>quae</span> <span class='ocrx_word' id='word_1_213' title='bbox 434 1889 457 1942; x_wconf 88' lang='lat' dir='ltr'>si</span> <span class='ocrx_word' id='word_1_214' title='bbox 485 1903 541 1943; x_wconf 92' lang='lat' dir='ltr'>non</span> <span class='ocrx_word' id='word_1_215' title='bbox 569 1889 655 1957; x_wconf 93' lang='lat' dir='ltr'>adsit,</span> <span class='ocrx_word' id='word_1_216' title='bbox 684 1903 737 1944; x_wconf 90' lang='lat' dir='ltr'>nec</span> <span class='ocrx_word' id='word_1_217' title='bbox 790 1892 894 1945; x_wconf 82' lang='lat' dir='ltr'>Discite</span> <span class='ocrx_word' id='word_1_218' title='bbox 906 1887 994 1956; x_wconf 93' lang='lat' dir='ltr'>enini,</span> <span class='ocrx_word' id='word_1_219' title='bbox 1011 1887 1113 1960; x_wconf 87' lang='lat' dir='ltr'>inquit,</span> <span class='ocrx_word' id='word_1_220' title='bbox 1127 1906 1144 1942; x_wconf 89' lang='lat' dir='ltr'>o</span> <span class='ocrx_word' id='word_1_221' title='bbox 1158 1904 1208 1952; x_wconf 87' lang='lat' dir='ltr'>me,</span> <span class='ocrx_word' id='word_1_222' title='bbox 1224 1889 1293 1958; x_wconf 82' lang='lat' dir='ltr'>puio</span> <span class='ocrx_word' id='word_1_223' title='bbox 1307 1888 1381 1942; x_wconf 80' lang='lat' dir='ltr'>mitis</span> 
     </span>
     <span class='ocr_line' id='line_1_24' title="bbox 150 1956 1382 2031; baseline 0.001 -20"><span class='ocrx_word' id='word_1_224' title='bbox 150 1956 206 2012; x_wconf 81' lang='lat' dir='ltr'>illae</span> <span class='ocrx_word' id='word_1_225' title='bbox 221 1964 354 2028; x_wconf 89' lang='lat' dir='ltr'>poterunt</span> <span class='ocrx_word' id='word_1_226' title='bbox 368 1974 430 2014; x_wconf 89' lang='lat' dir='ltr'>esse</span> <span class='ocrx_word' id='word_1_227' title='bbox 445 1959 612 2015; x_wconf 82' lang='lat' dir='ltr'>laudabiles.</span> <span class='ocrx_word' id='word_1_228' title='bbox 629 1963 736 2031; x_wconf 90' lang='lat' dir='ltr'>ltaque,</span> <span class='ocrx_word' id='word_1_229' title='bbox 791 1978 851 2017; x_wconf 85' lang='lat' dir='ltr'>sum</span> <span class='ocrx_word' id='word_1_230' title='bbox 879 1966 905 2016; x_wconf 85' lang='lat' dir='ltr'>et</span> <span class='ocrx_word' id='word_1_231' title='bbox 932 1962 1044 2015; x_wconf 79' lang='lat' dir='ltr'>humitis</span> <span class='ocrx_word' id='word_1_232' title='bbox 1073 1961 1171 2025; x_wconf 71' lang='lat' dir='ltr'>eorde,</span> <span class='ocrx_word' id='word_1_233' title='bbox 1192 1965 1217 2014; x_wconf 83' lang='lat' dir='ltr'>el</span> <span class='ocrx_word' id='word_1_234' title='bbox 1236 1958 1382 2013; x_wconf 60' lang='lat' dir='ltr'>inireniettc</span> 
     </span>
     <span class='ocr_line' id='line_1_25' title="bbox 152 2028 1381 2102; baseline 0.002 -19"><span class='ocrx_word' id='word_1_235' title='bbox 152 2028 175 2083; x_wconf 90' lang='lat' dir='ltr'>si</span> <span class='ocrx_word' id='word_1_236' title='bbox 196 2028 271 2084; x_wconf 90' lang='lat' dir='ltr'>bona</span> <span class='ocrx_word' id='word_1_237' title='bbox 291 2033 340 2085; x_wconf 86' lang='lat' dir='ltr'>tua</span> <span class='ocrx_word' id='word_1_238' title='bbox 364 2045 468 2100; x_wconf 87' lang='lat' dir='ltr'>inagna</span> <span class='ocrx_word' id='word_1_239' title='bbox 492 2029 534 2085; x_wconf 83' lang='lat' dir='ltr'>ris</span> <span class='ocrx_word' id='word_1_240' title='bbox 560 2029 738 2099; x_wconf 87' lang='lat' dir='ltr'>lacere,noli</span> <span class='ocrx_word' id='word_1_241' title='bbox 792 2035 914 2102; x_wconf 85' lang='lat' dir='ltr'>requiem</span> <span class='ocrx_word' id='word_1_242' title='bbox 940 2032 1084 2087; x_wconf 83' lang='lat' dir='ltr'>animabus</span> <span class='ocrx_word' id='word_1_243' title='bbox 1113 2034 1222 2088; x_wconf 84' lang='lat' dir='ltr'>cestris.</span> <span class='ocrx_word' id='word_1_244' title='bbox 1251 2031 1287 2085; x_wconf 83' lang='lat' dir='ltr'>Ut</span> <span class='ocrx_word' id='word_1_245' title='bbox 1314 2043 1381 2098; x_wconf 84' lang='lat' dir='ltr'>ergo</span> 
     </span>
     <span class='ocr_line' id='line_1_26' title="bbox 151 2099 1382 2174; baseline -0.002 -18"><span class='ocrx_word' id='word_1_246' title='bbox 151 2099 201 2157; x_wconf 90' lang='lat' dir='ltr'>illa</span> <span class='ocrx_word' id='word_1_247' title='bbox 219 2109 319 2172; x_wconf 89' lang='lat' dir='ltr'>putare</span> <span class='ocrx_word' id='word_1_248' title='bbox 336 2116 449 2169; x_wconf 75' lang='lat' dir='ltr'>magno,</span> <span class='ocrx_word' id='word_1_249' title='bbox 465 2100 548 2157; x_wconf 90' lang='lat' dir='ltr'>aliter</span> <span class='ocrx_word' id='word_1_250' title='bbox 561 2118 664 2172; x_wconf 81' lang='lat' dir='ltr'>magna</span> <span class='ocrx_word' id='word_1_251' title='bbox 675 2118 738 2159; x_wconf 90' lang='lat' dir='ltr'>esse</span> <span class='ocrx_word' id='word_1_252' title='bbox 794 2103 840 2159; x_wconf 90' lang='lat' dir='ltr'>hie</span> <span class='ocrx_word' id='word_1_253' title='bbox 857 2108 886 2159; x_wconf 92' lang='lat' dir='ltr'>et</span> <span class='ocrx_word' id='word_1_254' title='bbox 904 2101 942 2160; x_wconf 94' lang='lat' dir='ltr'>ibi</span> <span class='ocrx_word' id='word_1_255' title='bbox 960 2107 1074 2174; x_wconf 85' lang='lat' dir='ltr'>requies</span> <span class='ocrx_word' id='word_1_256' title='bbox 1089 2106 1178 2159; x_wconf 89' lang='lat' dir='ltr'>multa</span> <span class='ocrx_word' id='word_1_257' title='bbox 1192 2101 1382 2173; x_wconf 81' lang='lat' dir='ltr'>perfruamur,</span> 
     </span>
     <span class='ocr_line' id='line_1_27' title="bbox 151 2173 1382 2244; baseline -0.002 -15"><span class='ocrx_word' id='word_1_258' title='bbox 151 2189 210 2229; x_wconf 92' lang='lat' dir='ltr'>non</span> <span class='ocrx_word' id='word_1_259' title='bbox 224 2179 353 2244; x_wconf 86' lang='lat' dir='ltr'>possunt.</span> <span class='ocrx_word' id='word_1_260' title='bbox 372 2173 416 2228; x_wconf 89' lang='lat' dir='ltr'>Sic</span> <span class='ocrx_word' id='word_1_261' title='bbox 431 2173 507 2228; x_wconf 90' lang='lat' dir='ltr'>enirn</span> <span class='ocrx_word' id='word_1_262' title='bbox 530 2173 663 2230; x_wconf 84' lang='lat' dir='ltr'>Centurio</span> <span class='ocrx_word' id='word_1_263' title='bbox 678 2176 736 2229; x_wconf 87' lang='lat' dir='ltr'>ait:</span> <span class='ocrx_word' id='word_1_264' title='bbox 793 2174 985 2231; x_wconf 88' lang='lat' dir='ltr'>humilitatem</span> <span class='ocrx_word' id='word_1_265' title='bbox 1008 2180 1127 2231; x_wconf 87' lang='lat' dir='ltr'>matrem</span> <span class='ocrx_word' id='word_1_266' title='bbox 1153 2176 1316 2240; x_wconf 90' lang='lat' dir='ltr'>bonorum,</span> <span class='ocrx_word' id='word_1_267' title='bbox 1332 2185 1382 2226; x_wconf 93' lang='lat' dir='ltr'>no-</span> 
     </span>
     <span class='ocr_line' id='line_1_28' title="bbox 150 2239 1385 2318; baseline -0.005 -15"><span class='ocrx_word' id='word_1_268' title='bbox 150 2247 212 2304; x_wconf 85' lang='lat' dir='ltr'>Non</span> <span class='ocrx_word' id='word_1_269' title='bbox 226 2260 285 2299; x_wconf 82' lang='lat' dir='ltr'>sum</span> <span class='ocrx_word' id='word_1_270' title='bbox 305 2245 406 2312; x_wconf 74' lang='lat' dir='ltr'>clipeus</span> <span class='ocrx_word' id='word_1_271' title='bbox 423 2249 453 2299; x_wconf 81' lang='lat' dir='ltr'>at</span> <span class='ocrx_word' id='word_1_272' title='bbox 472 2248 556 2300; x_wconf 83' lang='lat' dir='ltr'>intres</span> <span class='ocrx_word' id='word_1_273' title='bbox 576 2246 626 2299; x_wconf 84' lang='lat' dir='ltr'>sub</span> <span class='ocrx_word' id='word_1_274' title='bbox 641 2251 739 2300; x_wconf 80' lang='lat' dir='ltr'>tectum</span> <span class='ocrx_word' id='word_1_275' title='bbox 794 2245 861 2302; x_wconf 89' lang='lat' dir='ltr'>stris</span> <span class='ocrx_word' id='word_1_276' title='bbox 874 2245 988 2318; x_wconf 90' lang='lat' dir='ltr'>penitus</span> <span class='ocrx_word' id='word_1_277' title='bbox 998 2245 1156 2302; x_wconf 92' lang='lat' dir='ltr'>inseramus</span> <span class='ocrx_word' id='word_1_278' title='bbox 1168 2243 1328 2301; x_wconf 89' lang='lat' dir='ltr'>animabus.</span> <span class='ocrx_word' id='word_1_279' title='bbox 1341 2239 1385 2299; x_wconf 89' lang='lat' dir='ltr'>Sic</span> 
     </span>
     <span class='ocr_line' id='line_1_29' title="bbox 151 2312 1385 2387; baseline -0.002 -16"><span class='ocrx_word' id='word_1_280' title='bbox 151 2332 256 2383; x_wconf 63' lang='lat' dir='ltr'>meum</span> <span class='ocrx_word' id='word_1_281' title='bbox 277 2320 304 2371; x_wconf 93' lang='lat' dir='ltr'>et</span> <span class='ocrx_word' id='word_1_282' title='bbox 328 2322 479 2387; x_wconf 89' lang='lat' dir='ltr'>propterea</span> <span class='ocrx_word' id='word_1_283' title='bbox 502 2316 604 2387; x_wconf 88' lang='lat' dir='ltr'>dignus</span> <span class='ocrx_word' id='word_1_284' title='bbox 623 2316 741 2373; x_wconf 89' lang='lat' dir='ltr'>ellectus</span> <span class='ocrx_word' id='word_1_285' title='bbox 795 2316 873 2373; x_wconf 89' lang='lat' dir='ltr'>enim</span> <span class='ocrx_word' id='word_1_286' title='bbox 906 2323 935 2373; x_wconf 89' lang='lat' dir='ltr'>et</span> <span class='ocrx_word' id='word_1_287' title='bbox 966 2317 1046 2373; x_wconf 87' lang='lat' dir='ltr'>istius</span> <span class='ocrx_word' id='word_1_288' title='bbox 1071 2317 1137 2373; x_wconf 85' lang='lat' dir='ltr'>viiae</span> <span class='ocrx_word' id='word_1_289' title='bbox 1166 2316 1297 2387; x_wconf 85' lang='lat' dir='ltr'>pelagus,</span> <span class='ocrx_word' id='word_1_290' title='bbox 1326 2312 1385 2369; x_wconf 86' lang='lat' dir='ltr'>siro</span> 
     </span>
     <span class='ocr_line' id='line_1_30' title="bbox 151 2383 1385 2460; baseline -0.003 -17"><span class='ocrx_word' id='word_1_291' title='bbox 151 2392 206 2455; x_wconf 87' lang='lat' dir='ltr'>est,</span> <span class='ocrx_word' id='word_1_292' title='bbox 219 2403 471 2458; x_wconf 80' lang='lat' dir='ltr'>supraqucouines</span> <span class='ocrx_word' id='word_1_293' title='bbox 484 2393 550 2443; x_wconf 91' lang='lat' dir='ltr'>tune</span> <span class='ocrx_word' id='word_1_294' title='bbox 565 2388 678 2443; x_wconf 74' lang='lat' dir='ltr'>ludaeos</span> <span class='ocrx_word' id='word_1_295' title='bbox 691 2389 741 2444; x_wconf 91' lang='lat' dir='ltr'>mi·</span> <span class='ocrx_word' id='word_1_296' title='bbox 796 2390 911 2457; x_wconf 90' lang='lat' dir='ltr'>lluclus,</span> <span class='ocrx_word' id='word_1_297' title='bbox 943 2388 1065 2445; x_wconf 88' lang='lat' dir='ltr'>transire</span> <span class='ocrx_word' id='word_1_298' title='bbox 1095 2387 1260 2460; x_wconf 82' lang='lat' dir='ltr'>poterimus,</span> <span class='ocrx_word' id='word_1_299' title='bbox 1289 2388 1319 2442; x_wconf 95' lang='lat' dir='ltr'>et</span> <span class='ocrx_word' id='word_1_300' title='bbox 1349 2383 1385 2440; x_wconf 86' lang='lat' dir='ltr'>ad</span> 
     </span>
     <span class='ocr_line' id='line_1_31' title="bbox 153 2455 1385 2531; baseline -0.002 -16"><span class='ocrx_word' id='word_1_301' title='bbox 153 2459 262 2515; x_wconf 88' lang='lat' dir='ltr'>rabilis.</span> <span class='ocrx_word' id='word_1_302' title='bbox 275 2458 320 2514; x_wconf 87' lang='lat' dir='ltr'>Sic</span> <span class='ocrx_word' id='word_1_303' title='bbox 331 2458 669 2518; x_wconf 80' lang='lat' dir='ltr'>etiamPaulusaittlllon</span> <span class='ocrx_word' id='word_1_304' title='bbox 680 2476 741 2514; x_wconf 81' lang='lat' dir='ltr'>sum</span> <span class='ocrx_word' id='word_1_305' title='bbox 796 2459 1062 2531; x_wconf 88' lang='lat' dir='ltr'>tranquillissimum</span> <span class='ocrx_word' id='word_1_306' title='bbox 1115 2459 1193 2515; x_wconf 91' lang='lat' dir='ltr'>illum</span> <span class='ocrx_word' id='word_1_307' title='bbox 1232 2455 1385 2529; x_wconf 78' lang='lat' dir='ltr'>enavigare</span> 
     </span>
     <span class='ocr_line' id='line_1_32' title="bbox 153 2530 1270 2603; baseline -0.001 -18"><span class='ocrx_word' id='word_1_308' title='bbox 153 2531 256 2601; x_wconf 79' lang='lat' dir='ltr'>dignus</span> <span class='ocrx_word' id='word_1_309' title='bbox 271 2530 420 2602; x_wconf 81' lang='lat' dir='ltr'>Apostolus</span> <span class='ocrx_word' id='word_1_310' title='bbox 439 2533 540 2600; x_wconf 79' lang='lat' dir='ltr'>soceri,</span> <span class='ocrx_word' id='word_1_311' title='bbox 565 2536 595 2587; x_wconf 90' lang='lat' dir='ltr'>et</span> <span class='ocrx_word' id='word_1_312' title='bbox 613 2530 740 2587; x_wconf 93' lang='lat' dir='ltr'>omnium</span> <span class='ocrx_word' id='word_1_313' title='bbox 796 2536 910 2602; x_wconf 93' lang='lat' dir='ltr'>portum</span> <span class='ocrx_word' id='word_1_314' title='bbox 927 2548 934 2587; x_wconf 77' lang='grc' dir='ltr'>ι</span> <span class='ocrx_word' id='word_1_315' title='bbox 949 2550 963 2585; x_wconf 80' lang='lat' dir='ltr'>i)</span> <span class='ocrx_word' id='word_1_316' title='bbox 980 2532 1040 2588; x_wconf 74' lang='lat' dir='ltr'>haec</span> <span class='ocrx_word' id='word_1_317' title='bbox 1055 2532 1270 2603; x_wconf 75' lang='lat' dir='ltr'>Gbrgsostomus.</span> 
     </span>
    </p>
   </div>
   <div class='ocr_carea' id='block_1_4' title="bbox 705 2728 834 2786">
    <p class='ocr_par' dir='ltr' id='par_1_4' title="bbox 705 2728 834 2786">
     <span class='ocr_line' id='line_1_33' title="bbox 705 2728 834 2786; baseline 0 -1"><span class='ocrx_word' id='word_1_318' title='bbox 705 2728 834 2786; x_wconf 86' lang='lat' dir='ltr'><strong>ORATIO</strong></span> 
     </span>
    </p>
   </div>
   <div class='ocr_carea' id='block_1_5' title="bbox 153 2888 1388 3531">
    <p class='ocr_par' dir='ltr' id='par_1_5' title="bbox 154 2888 1388 3105">
     <span class='ocr_line' id='line_1_34' title="bbox 187 2888 1386 2970; baseline 0.001 -25"><span class='ocrx_word' id='word_1_319' title='bbox 187 2888 310 2970; x_wconf 73' lang='lat' dir='ltr'>Domine</span> <span class='ocrx_word' id='word_1_320' title='bbox 324 2891 392 2945; x_wconf 84' lang='lat' dir='ltr'>lesu</span> <span class='ocrx_word' id='word_1_321' title='bbox 407 2891 528 2962; x_wconf 86' lang='lat' dir='ltr'>Christe,</span> <span class='ocrx_word' id='word_1_322' title='bbox 543 2907 611 2963; x_wconf 90' lang='lat' dir='ltr'>spes</span> <span class='ocrx_word' id='word_1_323' title='bbox 624 2897 653 2947; x_wconf 88' lang='lat' dir='ltr'>et</span> <span class='ocrx_word' id='word_1_324' title='bbox 668 2890 773 2948; x_wconf 80' lang='lat' dir='ltr'>fiducia</span> <span class='ocrx_word' id='word_1_325' title='bbox 791 2896 900 2960; x_wconf 89' lang='lat' dir='ltr'>nostra,</span> <span class='ocrx_word' id='word_1_326' title='bbox 916 2905 1028 2947; x_wconf 88' lang='lat' dir='ltr'>memor</span> <span class='ocrx_word' id='word_1_327' title='bbox 1043 2896 1104 2947; x_wconf 87' lang='lat' dir='ltr'>esto</span> <span class='ocrx_word' id='word_1_328' title='bbox 1123 2905 1185 2960; x_wconf 81' lang='lat' dir='ltr'>quae</span> <span class='ocrx_word' id='word_1_329' title='bbox 1201 2905 1253 2960; x_wconf 92' lang='lat' dir='ltr'>pro</span> <span class='ocrx_word' id='word_1_330' title='bbox 1272 2888 1386 2947; x_wconf 88' lang='lat' dir='ltr'>redom-</span> 
     </span>
     <span class='ocr_line' id='line_1_35' title="bbox 155 2960 1388 3034; baseline 0.003 -20"><span class='ocrx_word' id='word_1_331' title='bbox 155 2966 252 3032; x_wconf 89' lang='lat' dir='ltr'>ptione</span> <span class='ocrx_word' id='word_1_332' title='bbox 276 2966 376 3016; x_wconf 85' lang='lat' dir='ltr'>nostra</span> <span class='ocrx_word' id='word_1_333' title='bbox 399 2961 557 3032; x_wconf 72' lang='lat' dir='ltr'>suscepisti.</span> <span class='ocrx_word' id='word_1_334' title='bbox 579 2965 688 3018; x_wconf 88' lang='lat' dir='ltr'>llemor</span> <span class='ocrx_word' id='word_1_335' title='bbox 715 2968 777 3020; x_wconf 88' lang='lat' dir='ltr'>esto</span> <span class='ocrx_word' id='word_1_336' title='bbox 806 2963 881 3034; x_wconf 84' lang='lat' dir='ltr'>quod</span> <span class='ocrx_word' id='word_1_337' title='bbox 907 2963 1025 3019; x_wconf 86' lang='lat' dir='ltr'>Creator</span> <span class='ocrx_word' id='word_1_338' title='bbox 1049 2960 1186 3026; x_wconf 92' lang='lat' dir='ltr'>omnium,</span> <span class='ocrx_word' id='word_1_339' title='bbox 1206 2960 1388 3032; x_wconf 88' lang='lat' dir='ltr'>susceptione</span> 
     </span>
     <span class='ocr_line' id='line_1_36' title="bbox 154 3031 1386 3105; baseline 0.002 -18"><span class='ocrx_word' id='word_1_340' title='bbox 154 3035 259 3087; x_wconf 78' lang='lat' dir='ltr'>nostra</span> <span class='ocrx_word' id='word_1_341' title='bbox 280 3038 389 3086; x_wconf 71' lang='lat' dir='ltr'>natura:</span> <span class='ocrx_word' id='word_1_342' title='bbox 414 3033 543 3089; x_wconf 88' lang='lat' dir='ltr'>conscius</span> <span class='ocrx_word' id='word_1_343' title='bbox 563 3033 626 3090; x_wconf 85' lang='lat' dir='ltr'>fieri</span> <span class='ocrx_word' id='word_1_344' title='bbox 653 3034 786 3105; x_wconf 86' lang='lat' dir='ltr'>dignatus</span> <span class='ocrx_word' id='word_1_345' title='bbox 804 3050 836 3090; x_wconf 90' lang='lat' dir='ltr'>es</span> <span class='ocrx_word' id='word_1_346' title='bbox 853 3033 982 3105; x_wconf 82' lang='lat' dir='ltr'>figmenti</span> <span class='ocrx_word' id='word_1_347' title='bbox 1003 3031 1102 3090; x_wconf 90' lang='lat' dir='ltr'>nostri.</span> <span class='ocrx_word' id='word_1_348' title='bbox 1120 3031 1239 3101; x_wconf 89' lang='lat' dir='ltr'>Venisti,</span> <span class='ocrx_word' id='word_1_349' title='bbox 1256 3031 1386 3100; x_wconf 84' lang='lat' dir='ltr'>Domine,</span> 
     </span>
    </p>

    <p class='ocr_par' dir='ltr' id='par_1_6' title="bbox 153 3102 1388 3531">
     <span class='ocr_line' id='line_1_37' title="bbox 174 3102 1386 3185; baseline 0.003 -29"><span class='ocrx_word' id='word_1_350' title='bbox 174 3106 272 3171; x_wconf 92' lang='lat' dir='ltr'>ropter</span> <span class='ocrx_word' id='word_1_351' title='bbox 283 3109 459 3173; x_wconf 83' lang='lat' dir='ltr'>peccatores,</span> <span class='ocrx_word' id='word_1_352' title='bbox 474 3110 504 3159; x_wconf 90' lang='lat' dir='ltr'>ut</span> <span class='ocrx_word' id='word_1_353' title='bbox 519 3105 647 3161; x_wconf 92' lang='lat' dir='ltr'>omnium</span> <span class='ocrx_word' id='word_1_354' title='bbox 665 3112 783 3176; x_wconf 90' lang='lat' dir='ltr'>peccata</span> <span class='ocrx_word' id='word_1_355' title='bbox 800 3105 921 3162; x_wconf 87' lang='lat' dir='ltr'>deleres.</span> <span class='ocrx_word' id='word_1_356' title='bbox 939 3104 1012 3172; x_wconf 79' lang='lat' dir='ltr'>Quid</span> <span class='ocrx_word' id='word_1_357' title='bbox 1031 3104 1081 3161; x_wconf 92' lang='lat' dir='ltr'>tibi</span> <span class='ocrx_word' id='word_1_358' title='bbox 1102 3102 1232 3171; x_wconf 88' lang='lat' dir='ltr'>retribui,</span> <span class='ocrx_word' id='word_1_359' title='bbox 1250 3102 1321 3185; x_wconf 81' lang='lat' dir='ltr'>quid</span> <span class='ocrx_word' id='word_1_360' title='bbox 1336 3119 1386 3175; x_wconf 94' lang='lat' dir='ltr'>pro</span> 
     </span>
     <span class='ocr_line' id='line_1_38' title="bbox 153 3117 1386 3257; baseline 0.003 -30"><span class='ocrx_word' id='word_1_361' title='bbox 153 3117 208 3255; x_wconf 59' lang='lat' dir='ltr'>Boc</span> <span class='ocrx_word' id='word_1_362' title='bbox 223 3171 309 3243; x_wconf 90' lang='lat' dir='ltr'>digno</span> <span class='ocrx_word' id='word_1_363' title='bbox 324 3174 500 3256; x_wconf 21' lang='lat' dir='ltr'>potest-ogi?</span> <span class='ocrx_word' id='word_1_364' title='bbox 513 3178 551 3232; x_wconf 86' lang='lat' dir='ltr'>Te</span> <span class='ocrx_word' id='word_1_365' title='bbox 567 3177 663 3245; x_wconf 91' lang='lat' dir='ltr'>laudo,</span> <span class='ocrx_word' id='word_1_366' title='bbox 681 3176 731 3233; x_wconf 91' lang='lat' dir='ltr'>tibi</span> <span class='ocrx_word' id='word_1_367' title='bbox 746 3177 814 3233; x_wconf 91' lang='lat' dir='ltr'>totis</span> <span class='ocrx_word' id='word_1_368' title='bbox 827 3175 988 3233; x_wconf 80' lang='lat' dir='ltr'>sessoribus</span> <span class='ocrx_word' id='word_1_369' title='bbox 1002 3175 1109 3247; x_wconf 82' lang='lat' dir='ltr'>gratias</span> <span class='ocrx_word' id='word_1_370' title='bbox 1121 3190 1186 3257; x_wconf 86' lang='lat' dir='ltr'>ago,</span> <span class='ocrx_word' id='word_1_371' title='bbox 1198 3190 1250 3245; x_wconf 94' lang='lat' dir='ltr'>pro</span> <span class='ocrx_word' id='word_1_372' title='bbox 1264 3190 1386 3231; x_wconf 91' lang='lat' dir='ltr'>immen-</span> 
     </span>
     <span class='ocr_line' id='line_1_39' title="bbox 155 3243 1386 3325; baseline 0.001 -24"><span class='ocrx_word' id='word_1_373' title='bbox 155 3260 195 3325; x_wconf 82' lang='lat' dir='ltr'>sis</span> <span class='ocrx_word' id='word_1_374' title='bbox 214 3243 361 3325; x_wconf 82' lang='lat' dir='ltr'>beneflciis</span> <span class='ocrx_word' id='word_1_375' title='bbox 386 3252 452 3313; x_wconf 92' lang='lat' dir='ltr'>tuis,</span> <span class='ocrx_word' id='word_1_376' title='bbox 474 3247 576 3318; x_wconf 91' lang='lat' dir='ltr'>quibus</span> <span class='ocrx_word' id='word_1_377' title='bbox 598 3249 722 3304; x_wconf 90' lang='lat' dir='ltr'>humano</span> <span class='ocrx_word' id='word_1_378' title='bbox 747 3247 845 3319; x_wconf 84' lang='lat' dir='ltr'>generi</span> <span class='ocrx_word' id='word_1_379' title='bbox 865 3247 976 3319; x_wconf 88' lang='lat' dir='ltr'>perdito</span> <span class='ocrx_word' id='word_1_380' title='bbox 997 3248 1162 3305; x_wconf 86' lang='lat' dir='ltr'>subvenisti.</span> <span class='ocrx_word' id='word_1_381' title='bbox 1179 3248 1213 3302; x_wconf 83' lang='lat' dir='ltr'>Et</span> <span class='ocrx_word' id='word_1_382' title='bbox 1234 3250 1386 3314; x_wconf 82' lang='lat' dir='ltr'>preceris,</span> 
     </span>
     <span class='ocr_line' id='line_1_40' title="bbox 154 3315 1385 3391; baseline 0.001 -20"><span class='ocrx_word' id='word_1_383' title='bbox 154 3316 281 3388; x_wconf 87' lang='lat' dir='ltr'>piissime</span> <span class='ocrx_word' id='word_1_384' title='bbox 297 3315 427 3386; x_wconf 88' lang='lat' dir='ltr'>Domino,</span> <span class='ocrx_word' id='word_1_385' title='bbox 445 3323 475 3374; x_wconf 91' lang='lat' dir='ltr'>ut</span> <span class='ocrx_word' id='word_1_386' title='bbox 498 3317 545 3391; x_wconf 90' lang='lat' dir='ltr'>qui</span> <span class='ocrx_word' id='word_1_387' title='bbox 571 3318 612 3375; x_wconf 92' lang='lat' dir='ltr'>sic</span> <span class='ocrx_word' id='word_1_388' title='bbox 635 3335 686 3390; x_wconf 93' lang='lat' dir='ltr'>pro</span> <span class='ocrx_word' id='word_1_389' title='bbox 710 3319 794 3376; x_wconf 91' lang='lat' dir='ltr'>nobis</span> <span class='ocrx_word' id='word_1_390' title='bbox 813 3320 903 3375; x_wconf 84' lang='lat' dir='ltr'>lleiius</span> <span class='ocrx_word' id='word_1_391' title='bbox 927 3335 967 3388; x_wconf 91' lang='lat' dir='ltr'>es,</span> <span class='ocrx_word' id='word_1_392' title='bbox 984 3325 1014 3376; x_wconf 94' lang='lat' dir='ltr'>ut</span> <span class='ocrx_word' id='word_1_393' title='bbox 1036 3320 1120 3375; x_wconf 90' lang='lat' dir='ltr'>bomo</span> <span class='ocrx_word' id='word_1_394' title='bbox 1134 3316 1196 3373; x_wconf 81' lang='lat' dir='ltr'>fieri</span> <span class='ocrx_word' id='word_1_395' title='bbox 1211 3316 1385 3390; x_wconf 81' lang='lat' dir='ltr'>dignareris,</span> 
     </span>
     <span class='ocr_line' id='line_1_41' title="bbox 155 3388 1388 3463; baseline 0.002 -20"><span class='ocrx_word' id='word_1_396' title='bbox 155 3403 214 3443; x_wconf 93' lang='lat' dir='ltr'>non</span> <span class='ocrx_word' id='word_1_397' title='bbox 229 3388 257 3443; x_wconf 94' lang='lat' dir='ltr'>in</span> <span class='ocrx_word' id='word_1_398' title='bbox 270 3390 353 3445; x_wconf 90' lang='lat' dir='ltr'>nobis</span> <span class='ocrx_word' id='word_1_399' title='bbox 374 3389 491 3460; x_wconf 90' lang='lat' dir='ltr'>patiaris</span> <span class='ocrx_word' id='word_1_400' title='bbox 508 3392 612 3463; x_wconf 89' lang='lat' dir='ltr'>perire,</span> <span class='ocrx_word' id='word_1_401' title='bbox 628 3390 704 3460; x_wconf 79' lang='lat' dir='ltr'>quod</span> <span class='ocrx_word' id='word_1_402' title='bbox 719 3389 869 3448; x_wconf 87' lang='lat' dir='ltr'>decrevisti</span> <span class='ocrx_word' id='word_1_403' title='bbox 885 3389 1037 3448; x_wconf 88' lang='lat' dir='ltr'>miseratus</span> <span class='ocrx_word' id='word_1_404' title='bbox 1052 3404 1199 3448; x_wconf 87' lang='lat' dir='ltr'>assumere</span> <span class='ocrx_word' id='word_1_405' title='bbox 1216 3405 1223 3445; x_wconf 78' lang='lat' dir='ltr'><strong><em>z</em></strong></span> <span class='ocrx_word' id='word_1_406' title='bbox 1239 3389 1326 3446; x_wconf 85' lang='lat' dir='ltr'>etiae</span> <span class='ocrx_word' id='word_1_407' title='bbox 1341 3403 1388 3446; x_wconf 87' lang='lat' dir='ltr'>me</span> 
     </span>
     <span class='ocr_line' id='line_1_42' title="bbox 154 3458 965 3531; baseline 0.002 -16"><span class='ocrx_word' id='word_1_408' title='bbox 154 3458 205 3515; x_wconf 91' lang='lat' dir='ltr'>tibi</span> <span class='ocrx_word' id='word_1_409' title='bbox 218 3465 330 3531; x_wconf 84' lang='lat' dir='ltr'>gratam</span> <span class='ocrx_word' id='word_1_410' title='bbox 342 3466 371 3518; x_wconf 87' lang='lat' dir='ltr'>et</span> <span class='ocrx_word' id='word_1_411' title='bbox 385 3461 512 3519; x_wconf 88' lang='lat' dir='ltr'>debitam</span> <span class='ocrx_word' id='word_1_412' title='bbox 525 3461 691 3520; x_wconf 89' lang='lat' dir='ltr'>servitutem</span> <span class='ocrx_word' id='word_1_413' title='bbox 704 3461 848 3519; x_wconf 80' lang='lat' dir='ltr'>exhibere.</span> <span class='ocrx_word' id='word_1_414' title='bbox 864 3463 965 3519; x_wconf 81' lang='lat' dir='ltr'>Amen.</span> 
     </span>
    </p>
   </div>
   <div class='ocr_carea' id='block_1_6' title="bbox 0 0 1413 4912">
    <p class='ocr_par' dir='ltr' id='par_1_7' title="bbox 0 0 1413 4912">
     <span class='ocr_line' id='line_1_43' title="bbox 0 0 1413 4912; baseline 0 0"><span class='ocrx_word' id='word_1_415' title='bbox 0 0 1413 4912; x_wconf 95' lang='lat' dir='ltr'> </span> 
     </span>
    </p>
   </div>
  </div>
 </body>
</html>
