<?xml version="1.0" encoding="UTF-8"?>
<!DOCTYPE html PUBLIC "-//W3C//DTD XHTML 1.0 Transitional//EN"
    "http://www.w3.org/TR/xhtml1/DTD/xhtml1-transitional.dtd">
<html xmlns="http://www.w3.org/1999/xhtml" xml:lang="en" lang="en">
 <head>
  <title>
</title>
<meta http-equiv="Content-Type" content="text/html;charset=utf-8" />
  <meta name='ocr-system' content='tesseract 3.04.00' />
  <meta name='ocr-capabilities' content='ocr_page ocr_carea ocr_par ocr_line ocrx_word'/>
</head>
<body>
  <div class='ocr_page' id='page_1' title='image "./vitajesuchristi02ludogoog_0339.png"; bbox 0 0 2790 4912; ppageno 0'>
   <div class='ocr_carea' id='block_1_1' title="bbox 338 262 972 320">
    <p class='ocr_par' dir='ltr' id='par_1_1' title="bbox 338 262 972 320">
     <span class='ocr_line' id='line_1_1' title="bbox 338 262 972 320; baseline 0.006 -4"><span class='ocrx_word' id='word_1_1' title='bbox 338 263 507 318; x_wconf 73' lang='lat' dir='ltr'><strong>sandalis</strong></span> <span class='ocrx_word' id='word_1_2' title='bbox 535 266 569 318; x_wconf 78' lang='lat' dir='ltr'><strong>la</strong></span> <span class='ocrx_word' id='word_1_3' title='bbox 595 262 705 319; x_wconf 70' lang='lat' dir='ltr'><strong>dedra</strong></span> <span class='ocrx_word' id='word_1_4' title='bbox 732 264 972 320; x_wconf 76' lang='lat' dir='ltr'><strong>dotttddtttd.</strong></span> 
     </span>
    </p>
   </div>
   <div class='ocr_carea' id='block_1_2' title="bbox 63 366 633 4297">
    <p class='ocr_par' dir='ltr' id='par_1_2' title="bbox 63 366 633 4297">
     <span class='ocr_line' id='line_1_2' title="bbox 63 366 632 440; baseline 0.012 -22"><span class='ocrx_word' id='word_1_5' title='bbox 63 374 107 418; x_wconf 80' lang='lat' dir='ltr'><strong>cer</strong></span> <span class='ocrx_word' id='word_1_6' title='bbox 124 371 196 425; x_wconf 91' lang='lat' dir='ltr'><strong>tuum</strong></span> <span class='ocrx_word' id='word_1_7' title='bbox 217 366 290 423; x_wconf 80' lang='lat' dir='ltr'><strong>uirili</strong></span> <span class='ocrx_word' id='word_1_8' title='bbox 318 367 420 440; x_wconf 85' lang='lat' dir='ltr'><strong>spiritu</strong></span> <span class='ocrx_word' id='word_1_9' title='bbox 441 374 469 425; x_wconf 86' lang='lat' dir='ltr'><strong>el</strong></span> <span class='ocrx_word' id='word_1_10' title='bbox 491 368 632 426; x_wconf 78' lang='lat' dir='ltr'>constanti</span> 
     </span>
     <span class='ocr_line' id='line_1_3' title="bbox 63 438 631 521; baseline 0.004 -29"><span class='ocrx_word' id='word_1_11' title='bbox 63 439 190 510; x_wconf 79' lang='lat' dir='ltr'><strong>proposito</strong></span> <span class='ocrx_word' id='word_1_12' title='bbox 200 438 230 493; x_wconf 92' lang='lat' dir='ltr'><strong>in</strong></span> <span class='ocrx_word' id='word_1_13' title='bbox 241 441 291 495; x_wconf 84' lang='lat' dir='ltr'><strong>Dei</strong></span> <span class='ocrx_word' id='word_1_14' title='bbox 304 440 481 521; x_wconf 85' lang='lat' dir='ltr'><strong>beneplacito</strong></span> <span class='ocrx_word' id='word_1_15' title='bbox 492 441 631 508; x_wconf 79' lang='lat' dir='ltr'><strong>stabilire,</strong></span> 
     </span>
     <span class='ocr_line' id='line_1_4' title="bbox 63 510 631 582; baseline 0.005 -18"><span class='ocrx_word' id='word_1_16' title='bbox 63 518 116 564; x_wconf 82' lang='lat' dir='ltr'><strong>ora.</strong></span> <span class='ocrx_word' id='word_1_17' title='bbox 128 511 153 568; x_wconf 86' lang='lat' dir='ltr'><strong>Si</strong></span> <span class='ocrx_word' id='word_1_18' title='bbox 166 510 207 566; x_wconf 85' lang='lat' dir='ltr'><strong>vis</strong></span> <span class='ocrx_word' id='word_1_19' title='bbox 224 510 294 567; x_wconf 79' lang='lat' dir='ltr'><strong>vitia</strong></span> <span class='ocrx_word' id='word_1_20' title='bbox 308 510 462 582; x_wconf 76' lang='lat' dir='ltr'><strong>exstirpare</strong></span> <span class='ocrx_word' id='word_1_21' title='bbox 477 518 503 567; x_wconf 90' lang='lat' dir='ltr'><strong>cl</strong></span> <span class='ocrx_word' id='word_1_22' title='bbox 521 512 631 568; x_wconf 80' lang='lat' dir='ltr'><strong>virtuti·</strong></span> 
     </span>
     <span class='ocr_line' id='line_1_5' title="bbox 63 572 630 657; baseline 0.005 -21"><span class='ocrx_word' id='word_1_23' title='bbox 63 572 112 657; x_wconf 67' lang='lat' dir='ltr'><strong>ltus</strong></span> <span class='ocrx_word' id='word_1_24' title='bbox 122 580 213 648; x_wconf 91' lang='lat' dir='ltr'><strong>imbui,</strong></span> <span class='ocrx_word' id='word_1_25' title='bbox 229 598 290 638; x_wconf 91' lang='lat' dir='ltr'><strong>ora.</strong></span> <span class='ocrx_word' id='word_1_26' title='bbox 305 581 332 639; x_wconf 86' lang='lat' dir='ltr'><strong>Si</strong></span> <span class='ocrx_word' id='word_1_27' title='bbox 349 582 391 638; x_wconf 78' lang='lat' dir='ltr'><strong>ns</strong></span> <span class='ocrx_word' id='word_1_28' title='bbox 406 582 443 638; x_wconf 90' lang='lat' dir='ltr'><strong>ad</strong></span> <span class='ocrx_word' id='word_1_29' title='bbox 455 584 630 654; x_wconf 87' lang='lat' dir='ltr'><strong>cuutcrnpla-</strong></span> 
     </span>
     <span class='ocr_line' id='line_1_6' title="bbox 63 648 630 726; baseline 0.009 -21"><span class='ocrx_word' id='word_1_30' title='bbox 63 648 152 709; x_wconf 74' lang='lat' dir='ltr'><strong>lienem</strong></span> <span class='ocrx_word' id='word_1_31' title='bbox 166 654 320 710; x_wconf 89' lang='lat' dir='ltr'><strong>ascendere</strong></span> <span class='ocrx_word' id='word_1_32' title='bbox 336 659 365 710; x_wconf 87' lang='lat' dir='ltr'><strong>et</strong></span> <span class='ocrx_word' id='word_1_33' title='bbox 379 654 478 726; x_wconf 83' lang='lat' dir='ltr'>sponsi</span> <span class='ocrx_word' id='word_1_34' title='bbox 495 654 630 726; x_wconf 78' lang='lat' dir='ltr'><strong>amplexi-</strong></span> 
     </span>
     <span class='ocr_line' id='line_1_7' title="bbox 63 714 632 801; baseline 0.009 -24"><span class='ocrx_word' id='word_1_35' title='bbox 63 714 176 801; x_wconf 72' lang='lat' dir='ltr'><strong>buslmi,</strong></span> <span class='ocrx_word' id='word_1_36' title='bbox 191 741 252 780; x_wconf 90' lang='lat' dir='ltr'><strong>ura.</strong></span> <span class='ocrx_word' id='word_1_37' title='bbox 268 725 297 781; x_wconf 92' lang='lat' dir='ltr'><strong>Si</strong></span> <span class='ocrx_word' id='word_1_38' title='bbox 312 724 352 781; x_wconf 90' lang='lat' dir='ltr'><strong>vis</strong></span> <span class='ocrx_word' id='word_1_39' title='bbox 367 725 524 782; x_wconf 71' lang='lat' dir='ltr'><strong>caelestium</strong></span> <span class='ocrx_word' id='word_1_40' title='bbox 537 726 632 782; x_wconf 90' lang='lat' dir='ltr'><strong>dulce-</strong></span> 
     </span>
     <span class='ocr_line' id='line_1_8' title="bbox 63 785 630 868; baseline 0.014 -23"><span class='ocrx_word' id='word_1_41' title='bbox 63 785 142 851; x_wconf 79' lang='lat' dir='ltr'><strong>dinem</strong></span> <span class='ocrx_word' id='word_1_42' title='bbox 151 801 178 852; x_wconf 89' lang='lat' dir='ltr'><strong>el</strong></span> <span class='ocrx_word' id='word_1_43' title='bbox 186 795 244 852; x_wconf 88' lang='lat' dir='ltr'><strong>alia</strong></span> <span class='ocrx_word' id='word_1_44' title='bbox 256 796 304 853; x_wconf 84' lang='lat' dir='ltr'><strong>Dei</strong></span> <span class='ocrx_word' id='word_1_45' title='bbox 316 797 458 866; x_wconf 80' lang='lat' dir='ltr'><strong>magnalia</strong></span> <span class='ocrx_word' id='word_1_46' title='bbox 467 798 630 868; x_wconf 82' lang='lat' dir='ltr'><strong>degustare,</strong></span> 
     </span>
     <span class='ocr_line' id='line_1_9' title="bbox 63 866 633 940; baseline 0.012 -22"><span class='ocrx_word' id='word_1_47' title='bbox 63 872 114 940; x_wconf 69' lang='lat' dir='ltr'><strong>ora.</strong></span> <span class='ocrx_word' id='word_1_48' title='bbox 122 868 151 923; x_wconf 83' lang='lat' dir='ltr'><strong>n</strong></span> <span class='ocrx_word' id='word_1_49' title='bbox 159 866 294 933; x_wconf 77' lang='lat' dir='ltr'><strong>breviter,</strong></span> <span class='ocrx_word' id='word_1_50' title='bbox 304 867 334 924; x_wconf 91' lang='lat' dir='ltr'><strong>iu</strong></span> <span class='ocrx_word' id='word_1_51' title='bbox 345 884 524 940; x_wconf 82' lang='lat' dir='ltr'><strong>quacumque</strong></span> <span class='ocrx_word' id='word_1_52' title='bbox 536 886 633 925; x_wconf 86' lang='lat' dir='ltr'><strong>neces·</strong></span> 
     </span>
     <span class='ocr_line' id='line_1_10' title="bbox 63 938 630 1066; baseline 0.009 -76"><span class='ocrx_word' id='word_1_53' title='bbox 63 940 131 994; x_wconf 76' lang='lat' dir='ltr'><strong>state</strong></span> <span class='ocrx_word' id='word_1_54' title='bbox 140 938 229 995; x_wconf 85' lang='lat' dir='ltr'><strong>oratio</strong></span> <span class='ocrx_word' id='word_1_55' title='bbox 241 939 327 1007; x_wconf 84' lang='lat' dir='ltr'><strong>valet,</strong></span> <span class='ocrx_word' id='word_1_56' title='bbox 336 956 400 1010; x_wconf 78' lang='lat' dir='ltr'><strong>qirae</strong></span> <span class='ocrx_word' id='word_1_57' title='bbox 411 939 528 1066; x_wconf 57' lang='lat' dir='ltr'><strong>spiritus</strong></span> <span class='ocrx_word' id='word_1_58' title='bbox 541 941 630 996; x_wconf 86' lang='lat' dir='ltr'><strong>malos</strong></span> 
     </span>
     <span class='ocr_line' id='line_1_11' title="bbox 63 1009 629 1083; baseline 0.007 -23"><span class='ocrx_word' id='word_1_59' title='bbox 63 1009 155 1083; x_wconf 52' lang='lat' dir='ltr'><strong>{nobis</strong></span> <span class='ocrx_word' id='word_1_60' title='bbox 163 1010 251 1081; x_wconf 83' lang='lat' dir='ltr'><strong>lugat,</strong></span> <span class='ocrx_word' id='word_1_61' title='bbox 261 1016 289 1067; x_wconf 88' lang='lat' dir='ltr'><strong>et</strong></span> <span class='ocrx_word' id='word_1_62' title='bbox 299 1011 389 1067; x_wconf 91' lang='lat' dir='ltr'><strong>bonos</strong></span> <span class='ocrx_word' id='word_1_63' title='bbox 399 1028 425 1066; x_wconf 84' lang='lat' dir='ltr'><strong>ac</strong></span> <span class='ocrx_word' id='word_1_64' title='bbox 446 1028 498 1067; x_wconf 88' lang='lat' dir='ltr'><strong>nos</strong></span> <span class='ocrx_word' id='word_1_65' title='bbox 509 1021 598 1067; x_wconf 80' lang='lat' dir='ltr'><strong>vocat.</strong></span> <span class='ocrx_word' id='word_1_66' title='bbox 615 1032 629 1064; x_wconf 81' lang='lat' dir='ltr'><strong>u</strong></span> 
     </span>
     <span class='ocr_line' id='line_1_12' title="bbox 63 1069 629 1151; baseline 0.011 -18"><span class='ocrx_word' id='word_1_67' title='bbox 63 1069 218 1138; x_wconf 75' lang='lat' dir='ltr'><strong>Undeetiam</strong></span> <span class='ocrx_word' id='word_1_68' title='bbox 226 1084 320 1138; x_wconf 79' lang='lat' dir='ltr'><strong>Beda:</strong></span> <span class='ocrx_word' id='word_1_69' title='bbox 339 1105 353 1133; x_wconf 75' lang='lat' dir='ltr'><strong>a</strong></span> <span class='ocrx_word' id='word_1_70' title='bbox 369 1083 445 1139; x_wconf 85' lang='lat' dir='ltr'><strong>Sicut</strong></span> <span class='ocrx_word' id='word_1_71' title='bbox 466 1084 519 1151; x_wconf 86' lang='lat' dir='ltr'><strong>lor,</strong></span> <span class='ocrx_word' id='word_1_72' title='bbox 531 1082 629 1139; x_wconf 91' lang='lat' dir='ltr'><strong>andito</strong></span> 
     </span>
     <span class='ocr_line' id='line_1_13' title="bbox 63 1141 628 1231; baseline 0.005 -25"><span class='ocrx_word' id='word_1_73' title='bbox 63 1141 178 1231; x_wconf 53' lang='lat' dir='ltr'><strong>fflamore,</strong></span> <span class='ocrx_word' id='word_1_74' title='bbox 194 1153 318 1225; x_wconf 82' lang='lat' dir='ltr'><strong>lugit,et</strong></span> <span class='ocrx_word' id='word_1_75' title='bbox 330 1154 413 1209; x_wconf 86' lang='lat' dir='ltr'><strong>vicini</strong></span> <span class='ocrx_word' id='word_1_76' title='bbox 431 1154 589 1210; x_wconf 77' lang='lat' dir='ltr'><strong>excitantur</strong></span> <span class='ocrx_word' id='word_1_77' title='bbox 602 1160 628 1210; x_wconf 88' lang='lat' dir='ltr'><strong>et</strong></span> 
     </span>
     <span class='ocr_line' id='line_1_14' title="bbox 63 1225 630 1293; baseline 0.012 -19"><span class='ocrx_word' id='word_1_78' title='bbox 63 1225 207 1280; x_wconf 68' lang='lat' dir='ltr'><strong>rancinaci</strong></span> <span class='ocrx_word' id='word_1_79' title='bbox 223 1226 456 1293; x_wconf 83' lang='lat' dir='ltr'><strong>succurrendum,</strong></span> <span class='ocrx_word' id='word_1_80' title='bbox 470 1226 509 1282; x_wconf 92' lang='lat' dir='ltr'><strong>ita</strong></span> <span class='ocrx_word' id='word_1_81' title='bbox 521 1227 630 1281; x_wconf 88' lang='lat' dir='ltr'><strong>clamor</strong></span> 
     </span>
     <span class='ocr_line' id='line_1_15' title="bbox 63 1292 629 1367; baseline 0.012 -22"><span class='ocrx_word' id='word_1_82' title='bbox 63 1292 180 1351; x_wconf 73' lang='lat' dir='ltr'><strong>ttationis</strong></span> <span class='ocrx_word' id='word_1_83' title='bbox 198 1296 344 1353; x_wconf 90' lang='lat' dir='ltr'><strong>diabolum</strong></span> <span class='ocrx_word' id='word_1_84' title='bbox 360 1298 448 1367; x_wconf 81' lang='lat' dir='ltr'><strong>lugat,</strong></span> <span class='ocrx_word' id='word_1_85' title='bbox 464 1302 491 1352; x_wconf 87' lang='lat' dir='ltr'><strong>el</strong></span> <span class='ocrx_word' id='word_1_86' title='bbox 506 1298 629 1366; x_wconf 76' lang='lat' dir='ltr'><strong>Angelus</strong></span> 
     </span>
     <span class='ocr_line' id='line_1_16' title="bbox 66 1366 628 1425; baseline 0.007 -4"><span class='ocrx_word' id='word_1_87' title='bbox 66 1369 79 1408; x_wconf 70' lang='grc' dir='ltr'>θ</span> <span class='ocrx_word' id='word_1_88' title='bbox 101 1366 216 1423; x_wconf 84' lang='lat' dir='ltr'><strong>Sanetus</strong></span> <span class='ocrx_word' id='word_1_89' title='bbox 235 1385 334 1424; x_wconf 88' lang='lat' dir='ltr'><strong>omnes</strong></span> <span class='ocrx_word' id='word_1_90' title='bbox 353 1368 388 1424; x_wconf 89' lang='lat' dir='ltr'><strong>ad</strong></span> <span class='ocrx_word' id='word_1_91' title='bbox 407 1369 628 1425; x_wconf 82' lang='lat' dir='ltr'><strong>succurrendum</strong></span> 
     </span>
     <span class='ocr_line' id='line_1_17' title="bbox 63 1433 626 1496; baseline 0.007 -5"><span class='ocrx_word' id='word_1_92' title='bbox 63 1433 154 1493; x_wconf 70' lang='lat' dir='ltr'><strong>tettae.</strong></span> <span class='ocrx_word' id='word_1_93' title='bbox 171 1459 186 1489; x_wconf 76' lang='lat' dir='ltr'><strong>o</strong></span> <span class='ocrx_word' id='word_1_94' title='bbox 210 1436 289 1496; x_wconf 85' lang='lat' dir='ltr'><strong>Unde</strong></span> <span class='ocrx_word' id='word_1_95' title='bbox 310 1439 413 1495; x_wconf 86' lang='lat' dir='ltr'><strong>iterum</strong></span> <span class='ocrx_word' id='word_1_96' title='bbox 437 1441 594 1495; x_wconf 71' lang='lat' dir='ltr'><strong>deaurantes</strong></span> <span class='ocrx_word' id='word_1_97' title='bbox 619 1458 626 1495; x_wconf 92' lang='lat'>:</span> 
     </span>
     <span class='ocr_line' id='line_1_18' title="bbox 70 1499 629 1582; baseline 0.005 -19"><span class='ocrx_word' id='word_1_98' title='bbox 70 1499 150 1565; x_wconf 76' lang='lat' dir='ltr'><strong>Inter</strong></span> <span class='ocrx_word' id='word_1_99' title='bbox 163 1511 336 1582; x_wconf 75' lang='lat' dir='ltr'>Babylonem</span> <span class='ocrx_word' id='word_1_100' title='bbox 358 1518 384 1567; x_wconf 89' lang='lat' dir='ltr'><strong>et</strong></span> <span class='ocrx_word' id='word_1_101' title='bbox 408 1512 565 1567; x_wconf 76' lang='lat' dir='ltr'><strong>Jerusalem</strong></span> <span class='ocrx_word' id='word_1_102' title='bbox 586 1516 629 1569; x_wconf 83' lang='lat' dir='ltr'><strong>est</strong></span> 
     </span>
     <span class='ocr_line' id='line_1_19' title="bbox 63 1579 628 1652; baseline 0.005 -18"><span class='ocrx_word' id='word_1_103' title='bbox 63 1579 158 1636; x_wconf 79' lang='lat' dir='ltr'><strong>lulius</strong></span> <span class='ocrx_word' id='word_1_104' title='bbox 172 1581 365 1649; x_wconf 81' lang='lat' dir='ltr'><strong>fidelissimus,</strong></span> <span class='ocrx_word' id='word_1_105' title='bbox 379 1582 447 1652; x_wconf 73' lang='lat' dir='ltr'><strong>llegi</strong></span> <span class='ocrx_word' id='word_1_106' title='bbox 460 1583 530 1639; x_wconf 88' lang='lat' dir='ltr'><strong>bene</strong></span> <span class='ocrx_word' id='word_1_107' title='bbox 544 1588 628 1638; x_wconf 87' lang='lat' dir='ltr'><strong>nutus</strong></span> 
     </span>
     <span class='ocr_line' id='line_1_20' title="bbox 88 1651 627 1724; baseline 0.002 -16"><span class='ocrx_word' id='word_1_108' title='bbox 88 1651 186 1720; x_wconf 66' lang='lat' dir='ltr'><strong>curiae,</strong></span> <span class='ocrx_word' id='word_1_109' title='bbox 201 1654 293 1709; x_wconf 85' lang='lat' dir='ltr'><strong>oratio</strong></span> <span class='ocrx_word' id='word_1_110' title='bbox 316 1654 433 1721; x_wconf 88' lang='lat' dir='ltr'><strong>scilicet,</strong></span> <span class='ocrx_word' id='word_1_111' title='bbox 450 1670 513 1724; x_wconf 70' lang='lat' dir='ltr'><strong>quae</strong></span> <span class='ocrx_word' id='word_1_112' title='bbox 533 1652 561 1709; x_wconf 92' lang='lat' dir='ltr'><strong>in</strong></span> <span class='ocrx_word' id='word_1_113' title='bbox 581 1671 627 1709; x_wconf 89' lang='lat' dir='ltr'><strong>se-</strong></span> 
     </span>
     <span class='ocr_line' id='line_1_21' title="bbox 63 1724 626 1796; baseline 0.005 -18"><span class='ocrx_word' id='word_1_114' title='bbox 63 1728 117 1793; x_wconf 55' lang='lat' dir='ltr'><strong>§to</strong></span> <span class='ocrx_word' id='word_1_115' title='bbox 136 1724 228 1780; x_wconf 89' lang='lat' dir='ltr'><strong>noetis</strong></span> <span class='ocrx_word' id='word_1_116' title='bbox 245 1725 368 1789; x_wconf 87' lang='lat' dir='ltr'><strong>silentiu,</strong></span> <span class='ocrx_word' id='word_1_117' title='bbox 383 1742 433 1796; x_wconf 91' lang='lat' dir='ltr'><strong>per</strong></span> <span class='ocrx_word' id='word_1_118' title='bbox 454 1726 565 1795; x_wconf 84' lang='lat' dir='ltr'><strong>ignotas</strong></span> <span class='ocrx_word' id='word_1_119' title='bbox 583 1741 626 1781; x_wconf 85' lang='lat' dir='ltr'><strong>se·</strong></span> 
     </span>
     <span class='ocr_line' id='line_1_22' title="bbox 63 1796 624 1869; baseline 0.009 -21"><span class='ocrx_word' id='word_1_120' title='bbox 63 1798 136 1865; x_wconf 82' lang='lat' dir='ltr'><strong>llas,</strong></span> <span class='ocrx_word' id='word_1_121' title='bbox 153 1811 258 1852; x_wconf 90' lang='lat' dir='ltr'><strong>arcana</strong></span> <span class='ocrx_word' id='word_1_122' title='bbox 278 1796 341 1852; x_wconf 81' lang='lat' dir='ltr'><strong>coeli</strong></span> <span class='ocrx_word' id='word_1_123' title='bbox 359 1802 518 1869; x_wconf 89' lang='lat' dir='ltr'><strong>penetrare,</strong></span> <span class='ocrx_word' id='word_1_124' title='bbox 534 1803 562 1852; x_wconf 86' lang='lat' dir='ltr'><strong>et</strong></span> <span class='ocrx_word' id='word_1_125' title='bbox 577 1813 624 1853; x_wconf 89' lang='lat' dir='ltr'><strong>cu·</strong></span> 
     </span>
     <span class='ocr_line' id='line_1_23' title="bbox 63 1866 626 1938; baseline 0.005 -17"><span class='ocrx_word' id='word_1_126' title='bbox 63 1867 164 1922; x_wconf 81' lang='lat' dir='ltr'><strong>eutnm</strong></span> <span class='ocrx_word' id='word_1_127' title='bbox 189 1866 275 1938; x_wconf 75' lang='lat' dir='ltr'><strong>Regis</strong></span> <span class='ocrx_word' id='word_1_128' title='bbox 299 1868 389 1933; x_wconf 90' lang='lat' dir='ltr'><strong>adire,</strong></span> <span class='ocrx_word' id='word_1_129' title='bbox 415 1875 442 1924; x_wconf 91' lang='lat' dir='ltr'><strong>et</strong></span> <span class='ocrx_word' id='word_1_130' title='bbox 467 1874 626 1938; x_wconf 87' lang='lat' dir='ltr'><strong>opportuna</strong></span> 
     </span>
     <span class='ocr_line' id='line_1_24' title="bbox 63 1936 626 2009; baseline 0.011 -19"><span class='ocrx_word' id='word_1_131' title='bbox 63 1936 254 2009; x_wconf 84' lang='lat' dir='ltr'><strong>tporlunitate</strong></span> <span class='ocrx_word' id='word_1_132' title='bbox 267 1939 346 2009; x_wconf 86' lang='lat' dir='ltr'><strong>impii</strong></span> <span class='ocrx_word' id='word_1_133' title='bbox 358 1938 441 2007; x_wconf 78' lang='lat' dir='ltr'><strong>Regis</strong></span> <span class='ocrx_word' id='word_1_134' title='bbox 453 1939 579 1995; x_wconf 90' lang='lat' dir='ltr'><strong>animum</strong></span> <span class='ocrx_word' id='word_1_135' title='bbox 590 1941 626 1995; x_wconf 90' lang='lat' dir='ltr'><strong>ad</strong></span> 
     </span>
     <span class='ocr_line' id='line_1_25' title="bbox 63 2008 625 2067; baseline 0.005 -3"><span class='ocrx_word' id='word_1_136' title='bbox 63 2008 176 2065; x_wconf 72' lang='lat' dir='ltr'><strong>uilium</strong></span> <span class='ocrx_word' id='word_1_137' title='bbox 203 2009 374 2067; x_wconf 86' lang='lat' dir='ltr'><strong>mittendum</strong></span> <span class='ocrx_word' id='word_1_138' title='bbox 402 2011 548 2067; x_wconf 75' lang='lat' dir='ltr'><strong>inflectere</strong></span> <span class='ocrx_word' id='word_1_139' title='bbox 574 2028 625 2067; x_wconf 93' lang='lat' dir='ltr'><strong>uo-</strong></span> 
     </span>
     <span class='ocr_line' id='line_1_26' title="bbox 63 2081 384 2137; baseline 0 0"><span class='ocrx_word' id='word_1_140' title='bbox 63 2084 88 2137; x_wconf 66' lang='lat' dir='ltr'><strong>t:</strong></span> <span class='ocrx_word' id='word_1_141' title='bbox 109 2100 127 2130; x_wconf 71' lang='grc' dir='ltr'><strong>ι)</strong></span> <span class='ocrx_word' id='word_1_142' title='bbox 144 2081 206 2137; x_wconf 78' lang='lat' dir='ltr'><strong>haee</strong></span> <span class='ocrx_word' id='word_1_143' title='bbox 217 2084 384 2137; x_wconf 72' lang='lat' dir='ltr'><strong>Bernartius.</strong></span> 
     </span>
     <span class='ocr_line' id='line_1_27' title="bbox 66 2152 625 2210; baseline -0.002 0"><span class='ocrx_word' id='word_1_144' title='bbox 66 2175 100 2210; x_wconf 85' lang='grc' dir='ltr'><strong>ιι</strong></span> <span class='ocrx_word' id='word_1_145' title='bbox 119 2152 259 2209; x_wconf 72' lang='lat' dir='ltr'><strong>Peranna</strong></span> <span class='ocrx_word' id='word_1_146' title='bbox 272 2172 303 2208; x_wconf 79' lang='lat' dir='ltr'><strong>aa</strong></span> <span class='ocrx_word' id='word_1_147' title='bbox 319 2172 413 2210; x_wconf 76' lang='lat' dir='ltr'><strong>vinens</strong></span> <span class='ocrx_word' id='word_1_148' title='bbox 423 2171 576 2209; x_wconf 77' lang='lat' dir='ltr'><strong>onnnoxts.</strong></span> <span class='ocrx_word' id='word_1_149' title='bbox 590 2186 625 2196; x_wconf 91' lang='lat'><em>-</em></span> 
     </span>
     <span class='ocr_line' id='line_1_28' title="bbox 63 2224 624 2297; baseline -0.002 -16"><span class='ocrx_word' id='word_1_150' title='bbox 63 2224 124 2281; x_wconf 88' lang='lat' dir='ltr'><strong>des</strong></span> <span class='ocrx_word' id='word_1_151' title='bbox 141 2240 227 2295; x_wconf 82' lang='lat' dir='ltr'><strong>quam</strong></span> <span class='ocrx_word' id='word_1_152' title='bbox 246 2241 357 2295; x_wconf 70' lang='lat' dir='ltr'><strong>magnae</strong></span> <span class='ocrx_word' id='word_1_153' title='bbox 377 2225 510 2297; x_wconf 71' lang='lat' dir='ltr'><strong>potentian</strong></span> <span class='ocrx_word' id='word_1_154' title='bbox 526 2232 554 2281; x_wconf 92' lang='lat' dir='ltr'><strong>et</strong></span> <span class='ocrx_word' id='word_1_155' title='bbox 568 2225 624 2280; x_wconf 77' lang='lat' dir='ltr'><strong>uir-</strong></span> 
     </span>
     <span class='ocr_line' id='line_1_29' title="bbox 63 2295 624 2367; baseline 0 -15"><span class='ocrx_word' id='word_1_156' title='bbox 63 2296 101 2352; x_wconf 59' lang='lat' dir='ltr'><strong>bis</strong></span> <span class='ocrx_word' id='word_1_157' title='bbox 118 2295 156 2351; x_wconf 88' lang='lat' dir='ltr'><strong>sil</strong></span> <span class='ocrx_word' id='word_1_158' title='bbox 174 2298 274 2352; x_wconf 89' lang='lat' dir='ltr'><strong>oratio.</strong></span> <span class='ocrx_word' id='word_1_159' title='bbox 300 2298 342 2352; x_wconf 77' lang='lat' dir='ltr'><strong>Ad</strong></span> <span class='ocrx_word' id='word_1_160' title='bbox 362 2313 482 2367; x_wconf 73' lang='lat' dir='ltr'><strong>(pirorum</strong></span> <span class='ocrx_word' id='word_1_161' title='bbox 497 2296 624 2353; x_wconf 91' lang='lat' dir='ltr'><strong>omnium</strong></span> 
     </span>
     <span class='ocr_line' id='line_1_30' title="bbox 63 2368 624 2440; baseline -0.002 -17"><span class='ocrx_word' id='word_1_162' title='bbox 63 2369 249 2435; x_wconf 80' lang='lat' dir='ltr'><strong>ebatiouem,</strong></span> <span class='ocrx_word' id='word_1_163' title='bbox 273 2368 387 2424; x_wconf 88' lang='lat' dir='ltr'><strong>omissis</strong></span> <span class='ocrx_word' id='word_1_164' title='bbox 413 2368 624 2440; x_wconf 74' lang='lat' dir='ltr'><strong>scripturarum</strong></span> 
     </span>
     <span class='ocr_line' id='line_1_31' title="bbox 63 2438 623 2512; baseline -0.002 -17"><span class='ocrx_word' id='word_1_165' title='bbox 63 2438 266 2507; x_wconf 75' lang='lat' dir='ltr'><strong>abatiouibns,</strong></span> <span class='ocrx_word' id='word_1_166' title='bbox 285 2441 339 2495; x_wconf 88' lang='lat' dir='ltr'><strong>boe</strong></span> <span class='ocrx_word' id='word_1_167' title='bbox 356 2440 406 2495; x_wconf 90' lang='lat' dir='ltr'><strong>tibi</strong></span> <span class='ocrx_word' id='word_1_168' title='bbox 431 2439 466 2495; x_wconf 91' lang='lat' dir='ltr'><strong>sit</strong></span> <span class='ocrx_word' id='word_1_169' title='bbox 492 2457 542 2512; x_wconf 87' lang='lat' dir='ltr'><strong>pro</strong></span> <span class='ocrx_word' id='word_1_170' title='bbox 562 2442 623 2496; x_wconf 90' lang='lat' dir='ltr'><strong>etti-</strong></span> 
     </span>
     <span class='ocr_line' id='line_1_32' title="bbox 63 2510 626 2582; baseline 0 -15"><span class='ocrx_word' id='word_1_171' title='bbox 63 2510 88 2567; x_wconf 84' lang='lat' dir='ltr'><strong>:i</strong></span> <span class='ocrx_word' id='word_1_172' title='bbox 117 2511 299 2581; x_wconf 72' lang='lat' dir='ltr'><strong>probatione,</strong></span> <span class='ocrx_word' id='word_1_173' title='bbox 317 2511 393 2582; x_wconf 78' lang='lat' dir='ltr'><strong>qiiod</strong></span> <span class='ocrx_word' id='word_1_174' title='bbox 414 2512 572 2568; x_wconf 76' lang='lat' dir='ltr'><strong>audirimus</strong></span> <span class='ocrx_word' id='word_1_175' title='bbox 597 2518 626 2567; x_wconf 90' lang='lat' dir='ltr'><strong>et</strong></span> 
     </span>
     <span class='ocr_line' id='line_1_33' title="bbox 63 2583 623 2655; baseline 0 -17"><span class='ocrx_word' id='word_1_176' title='bbox 63 2583 167 2638; x_wconf 84' lang='lat' dir='ltr'><strong>temus</strong></span> <span class='ocrx_word' id='word_1_177' title='bbox 192 2583 318 2653; x_wconf 88' lang='lat' dir='ltr'><strong>quotidie</strong></span> <span class='ocrx_word' id='word_1_178' title='bbox 343 2599 395 2655; x_wconf 91' lang='lat' dir='ltr'><strong>per</strong></span> <span class='ocrx_word' id='word_1_179' title='bbox 422 2583 623 2655; x_wconf 81' lang='lat' dir='ltr'><strong>experientiam</strong></span> 
     </span>
     <span class='ocr_line' id='line_1_34' title="bbox 66 2654 623 2780; baseline 0.005 -72"><span class='ocrx_word' id='word_1_180' title='bbox 66 2657 196 2709; x_wconf 79' lang='lat' dir='ltr'><strong>iteratas</strong></span> <span class='ocrx_word' id='word_1_181' title='bbox 229 2660 257 2709; x_wconf 90' lang='lat' dir='ltr'><strong>et</strong></span> <span class='ocrx_word' id='word_1_182' title='bbox 288 2654 430 2780; x_wconf 53' lang='lat' dir='ltr'><strong>simplices</strong></span> <span class='ocrx_word' id='word_1_183' title='bbox 462 2671 623 2726; x_wconf 85' lang='lat' dir='ltr'><strong>personas,</strong></span> 
     </span>
     <span class='ocr_line' id='line_1_35' title="bbox 63 2724 622 2796; baseline 0.002 -15"><span class='ocrx_word' id='word_1_184' title='bbox 63 2724 173 2781; x_wconf 66' lang='lat' dir='ltr'><strong>,edicta</strong></span> <span class='ocrx_word' id='word_1_185' title='bbox 185 2730 214 2781; x_wconf 89' lang='lat' dir='ltr'><strong>et</strong></span> <span class='ocrx_word' id='word_1_186' title='bbox 227 2726 308 2796; x_wconf 89' lang='lat' dir='ltr'><strong>plura</strong></span> <span class='ocrx_word' id='word_1_187' title='bbox 323 2742 339 2781; x_wconf 91' lang='lat' dir='ltr'><strong>a</strong></span> <span class='ocrx_word' id='word_1_188' title='bbox 353 2726 389 2794; x_wconf 91' lang='lat' dir='ltr'><strong>ia,</strong></span> <span class='ocrx_word' id='word_1_189' title='bbox 403 2726 488 2782; x_wconf 90' lang='lat' dir='ltr'><strong>eliam</strong></span> <span class='ocrx_word' id='word_1_190' title='bbox 504 2727 622 2796; x_wconf 75' lang='lat' dir='ltr'><strong>majora,</strong></span> 
     </span>
     <span class='ocr_line' id='line_1_36' title="bbox 63 2795 622 2868; baseline 0 -16"><span class='ocrx_word' id='word_1_191' title='bbox 63 2814 80 2852; x_wconf 89' lang='lat' dir='ltr'><strong>r</strong></span> <span class='ocrx_word' id='word_1_192' title='bbox 113 2795 276 2852; x_wconf 87' lang='lat' dir='ltr'><strong>orationem</strong></span> <span class='ocrx_word' id='word_1_193' title='bbox 303 2796 464 2868; x_wconf 85' lang='lat' dir='ltr'><strong>impetrare.</strong></span> <span class='ocrx_word' id='word_1_194' title='bbox 492 2800 622 2868; x_wconf 79' lang='lat' dir='ltr'><strong>llaguum</strong></span> 
     </span>
     <span class='ocr_line' id='line_1_37' title="bbox 64 2867 622 2939; baseline 0.005 -16"><span class='ocrx_word' id='word_1_195' title='bbox 64 2868 143 2939; x_wconf 86' lang='lat' dir='ltr'><strong>ippe</strong></span> <span class='ocrx_word' id='word_1_196' title='bbox 158 2867 270 2937; x_wconf 77' lang='lat' dir='ltr'><strong>siguum</strong></span> <span class='ocrx_word' id='word_1_197' title='bbox 288 2873 330 2923; x_wconf 86' lang='lat' dir='ltr'><strong>est</strong></span> <span class='ocrx_word' id='word_1_198' title='bbox 345 2868 443 2939; x_wconf 76' lang='lat' dir='ltr'><strong>gratiae</strong></span> <span class='ocrx_word' id='word_1_199' title='bbox 459 2868 506 2924; x_wconf 77' lang='lat' dir='ltr'><strong>liei</strong></span> <span class='ocrx_word' id='word_1_200' title='bbox 522 2885 622 2926; x_wconf 68' lang='lat' dir='ltr'><strong>vacare</strong></span> 
     </span>
     <span class='ocr_line' id='line_1_38' title="bbox 63 2938 621 3009; baseline 0.005 -16"><span class='ocrx_word' id='word_1_201' title='bbox 63 2938 340 3009; x_wconf 67' lang='lat' dir='ltr'><strong>equenteruratioui.</strong></span> <span class='ocrx_word' id='word_1_202' title='bbox 352 2941 621 3008; x_wconf 67' lang='lat' dir='ltr'><strong>llndeatupnstiaas:</strong></span> 
     </span>
     <span class='ocr_line' id='line_1_39' title="bbox 63 3009 621 3068; baseline 0.002 -1"><span class='ocrx_word' id='word_1_203' title='bbox 63 3011 137 3067; x_wconf 73' lang='lat' dir='ltr'><strong>Dum</strong></span> <span class='ocrx_word' id='word_1_204' title='bbox 154 3009 258 3065; x_wconf 86' lang='lat' dir='ltr'><strong>videris</strong></span> <span class='ocrx_word' id='word_1_205' title='bbox 272 3028 330 3065; x_wconf 88' lang='lat' dir='ltr'><strong>non</strong></span> <span class='ocrx_word' id='word_1_206' title='bbox 353 3028 371 3066; x_wconf 92' lang='lat' dir='ltr'><strong>a</strong></span> <span class='ocrx_word' id='word_1_207' title='bbox 390 3018 417 3067; x_wconf 89' lang='lat' dir='ltr'><strong>te</strong></span> <span class='ocrx_word' id='word_1_208' title='bbox 433 3017 556 3067; x_wconf 87' lang='lat' dir='ltr'><strong>amotam</strong></span> <span class='ocrx_word' id='word_1_209' title='bbox 573 3012 621 3068; x_wconf 88' lang='lat' dir='ltr'><strong>de-</strong></span> 
     </span>
     <span class='ocr_line' id='line_1_40' title="bbox 63 3078 622 3154; baseline 0.005 -17"><span class='ocrx_word' id='word_1_210' title='bbox 63 3078 227 3137; x_wconf 86' lang='lat' dir='ltr'><strong>ecationem</strong></span> <span class='ocrx_word' id='word_1_211' title='bbox 241 3084 331 3151; x_wconf 91' lang='lat' dir='ltr'><strong>tuam,</strong></span> <span class='ocrx_word' id='word_1_212' title='bbox 345 3098 462 3138; x_wconf 88' lang='lat' dir='ltr'><strong>securus</strong></span> <span class='ocrx_word' id='word_1_213' title='bbox 471 3091 543 3151; x_wconf 90' lang='lat' dir='ltr'><strong>este,</strong></span> <span class='ocrx_word' id='word_1_214' title='bbox 555 3083 622 3154; x_wconf 89' lang='lat' dir='ltr'><strong>qnia</strong></span> 
     </span>
     <span class='ocr_line' id='line_1_41' title="bbox 63 3153 622 3212; baseline 0.007 -5"><span class='ocrx_word' id='word_1_215' title='bbox 63 3168 93 3207; x_wconf 60' lang='grc' dir='ltr'><strong>ιιι</strong></span> <span class='ocrx_word' id='word_1_216' title='bbox 123 3157 168 3208; x_wconf 87' lang='lat' dir='ltr'><strong>est</strong></span> <span class='ocrx_word' id='word_1_217' title='bbox 196 3159 291 3209; x_wconf 89' lang='lat' dir='ltr'><strong>amota</strong></span> <span class='ocrx_word' id='word_1_218' title='bbox 318 3169 335 3209; x_wconf 88' lang='lat' dir='ltr'><strong>a</strong></span> <span class='ocrx_word' id='word_1_219' title='bbox 360 3158 388 3210; x_wconf 89' lang='lat' dir='ltr'><strong>te</strong></span> <span class='ocrx_word' id='word_1_220' title='bbox 427 3153 622 3212; x_wconf 89' lang='lat' dir='ltr'><strong>misericordia</strong></span> 
     </span>
     <span class='ocr_line' id='line_1_42' title="bbox 63 3221 622 3291; baseline 0.004 -12"><span class='ocrx_word' id='word_1_221' title='bbox 63 3221 135 3279; x_wconf 84' lang='lat' dir='ltr'><strong>sius.</strong></span> <span class='ocrx_word' id='word_1_222' title='bbox 156 3245 170 3273; x_wconf 77' lang='lat' dir='ltr'><strong>o</strong></span> <span class='ocrx_word' id='word_1_223' title='bbox 200 3227 244 3291; x_wconf 86' lang='lat' dir='ltr'><strong>Et,</strong></span> <span class='ocrx_word' id='word_1_224' title='bbox 275 3224 448 3281; x_wconf 80' lang='lat' dir='ltr'><strong>utbreviter</strong></span> <span class='ocrx_word' id='word_1_225' title='bbox 472 3225 622 3282; x_wconf 83' lang='lat' dir='ltr'><strong>utilitatem</strong></span> 
     </span>
     <span class='ocr_line' id='line_1_43' title="bbox 63 3293 621 3365; baseline 0.005 -15"><span class='ocrx_word' id='word_1_226' title='bbox 63 3293 173 3351; x_wconf 83' lang='lat' dir='ltr'><strong>ationis</strong></span> <span class='ocrx_word' id='word_1_227' title='bbox 188 3294 291 3365; x_wconf 88' lang='lat' dir='ltr'><strong>dicam,</strong></span> <span class='ocrx_word' id='word_1_228' title='bbox 308 3296 426 3352; x_wconf 90' lang='lat' dir='ltr'><strong>multum</strong></span> <span class='ocrx_word' id='word_1_229' title='bbox 436 3301 478 3353; x_wconf 89' lang='lat' dir='ltr'><strong>est</strong></span> <span class='ocrx_word' id='word_1_230' title='bbox 491 3314 621 3354; x_wconf 89' lang='lat' dir='ltr'><strong>necessa-</strong></span> 
     </span>
     <span class='ocr_line' id='line_1_44' title="bbox 63 3365 622 3440; baseline 0.004 -18"><span class='ocrx_word' id='word_1_231' title='bbox 63 3382 76 3423; x_wconf 85' lang='grc' dir='ltr'>ι</span> <span class='ocrx_word' id='word_1_232' title='bbox 95 3365 133 3423; x_wconf 91' lang='lat' dir='ltr'><strong>ad</strong></span> <span class='ocrx_word' id='word_1_233' title='bbox 155 3367 274 3423; x_wconf 87' lang='lat' dir='ltr'><strong>salutem</strong></span> <span class='ocrx_word' id='word_1_234' title='bbox 300 3369 528 3440; x_wconf 81' lang='lat' dir='ltr'><strong>promerendam.</strong></span> <span class='ocrx_word' id='word_1_235' title='bbox 543 3369 622 3424; x_wconf 85' lang='lat' dir='ltr'><strong>Unde</strong></span> 
     </span>
     <span class='ocr_line' id='line_1_45' title="bbox 63 3438 619 3506; baseline 0.004 -13"><span class='ocrx_word' id='word_1_236' title='bbox 63 3438 303 3506; x_wconf 65' lang='lat' dir='ltr'><strong>omniaomnia</strong></span> <span class='ocrx_word' id='word_1_237' title='bbox 331 3464 336 3495; x_wconf 89' lang='lat'>:</span> <span class='ocrx_word' id='word_1_238' title='bbox 365 3462 379 3489; x_wconf 76' lang='lat' dir='ltr'><strong>a</strong></span> <span class='ocrx_word' id='word_1_239' title='bbox 394 3440 509 3496; x_wconf 87' lang='lat' dir='ltr'><strong>Nullum</strong></span> <span class='ocrx_word' id='word_1_240' title='bbox 527 3439 619 3496; x_wconf 92' lang='lat' dir='ltr'><strong>eredi-</strong></span> 
     </span>
     <span class='ocr_line' id='line_1_46' title="bbox 63 3509 620 3580; baseline 0 -15"><span class='ocrx_word' id='word_1_241' title='bbox 63 3525 97 3565; x_wconf 87' lang='lat' dir='ltr'><strong>us</strong></span> <span class='ocrx_word' id='word_1_242' title='bbox 116 3509 299 3580; x_wconf 90' lang='lat' dir='ltr'><strong>adsalutem,</strong></span> <span class='ocrx_word' id='word_1_243' title='bbox 324 3510 375 3566; x_wconf 91' lang='lat' dir='ltr'><strong>nisi</strong></span> <span class='ocrx_word' id='word_1_244' title='bbox 397 3513 454 3569; x_wconf 83' lang='lat' dir='ltr'><strong>Deo</strong></span> <span class='ocrx_word' id='word_1_245' title='bbox 471 3511 620 3579; x_wconf 75' lang='lat' dir='ltr'><strong>invitante,</strong></span> 
     </span>
     <span class='ocr_line' id='line_1_47' title="bbox 63 3580 620 3652; baseline 0.005 -16"><span class='ocrx_word' id='word_1_246' title='bbox 63 3580 144 3649; x_wconf 81' lang='lat' dir='ltr'><strong>.nire;</strong></span> <span class='ocrx_word' id='word_1_247' title='bbox 173 3581 281 3637; x_wconf 91' lang='lat' dir='ltr'><strong>uultum</strong></span> <span class='ocrx_word' id='word_1_248' title='bbox 301 3582 460 3652; x_wconf 84' lang='lat' dir='ltr'><strong>invitatum,</strong></span> <span class='ocrx_word' id='word_1_249' title='bbox 480 3582 535 3638; x_wconf 91' lang='lat' dir='ltr'><strong>nisi</strong></span> <span class='ocrx_word' id='word_1_250' title='bbox 563 3585 620 3639; x_wconf 83' lang='lat' dir='ltr'><strong>Deo</strong></span> 
     </span>
     <span class='ocr_line' id='line_1_48' title="bbox 63 3651 619 3724; baseline 0.002 -16"><span class='ocrx_word' id='word_1_251' title='bbox 63 3651 197 3724; x_wconf 75' lang='lat' dir='ltr'><strong>b&#39;uvaute,</strong></span> <span class='ocrx_word' id='word_1_252' title='bbox 209 3654 284 3709; x_wconf 90' lang='lat' dir='ltr'><strong>bona</strong></span> <span class='ocrx_word' id='word_1_253' title='bbox 297 3653 424 3724; x_wconf 74' lang='lat' dir='ltr'><strong>operari,</strong></span> <span class='ocrx_word' id='word_1_254' title='bbox 435 3655 553 3720; x_wconf 92' lang='lat' dir='ltr'><strong>nullum,</strong></span> <span class='ocrx_word' id='word_1_255' title='bbox 565 3654 619 3709; x_wconf 89' lang='lat' dir='ltr'><strong>nisi</strong></span> 
     </span>
     <span class='ocr_line' id='line_1_49' title="bbox 63 3723 616 3797; baseline 0.002 -18"><span class='ocrx_word' id='word_1_256' title='bbox 63 3730 173 3792; x_wconf 86' lang='lat' dir='ltr'><strong>antem,</strong></span> <span class='ocrx_word' id='word_1_257' title='bbox 200 3723 249 3780; x_wconf 84' lang='lat' dir='ltr'><strong>Dei</strong></span> <span class='ocrx_word' id='word_1_258' title='bbox 284 3725 420 3781; x_wconf 87' lang='lat' dir='ltr'><strong>auxilium</strong></span> <span class='ocrx_word' id='word_1_259' title='bbox 449 3726 616 3797; x_wconf 88' lang='lat' dir='ltr'><strong>promereri.</strong></span> 
     </span>
     <span class='ocr_line' id='line_1_50' title="bbox 63 3794 619 3868; baseline 0 -17"><span class='ocrx_word' id='word_1_260' title='bbox 63 3810 108 3851; x_wconf 82' lang='lat' dir='ltr'><strong>tea</strong></span> <span class='ocrx_word' id='word_1_261' title='bbox 127 3794 216 3866; x_wconf 75' lang='lat' dir='ltr'><strong>igitur</strong></span> <span class='ocrx_word' id='word_1_262' title='bbox 237 3795 370 3864; x_wconf 86' lang='lat' dir='ltr'><strong>orationi,</strong></span> <span class='ocrx_word' id='word_1_263' title='bbox 389 3795 516 3868; x_wconf 81' lang='lat' dir='ltr'><strong>nihilque</strong></span> <span class='ocrx_word' id='word_1_264' title='bbox 531 3796 619 3865; x_wconf 83' lang='lat' dir='ltr'><strong>allud,</strong></span> 
     </span>
     <span class='ocr_line' id='line_1_51' title="bbox 63 3866 619 3939; baseline 0.002 -17"><span class='ocrx_word' id='word_1_265' title='bbox 63 3866 201 3923; x_wconf 73' lang='lat' dir='ltr'><strong>:cessariis</strong></span> <span class='ocrx_word' id='word_1_266' title='bbox 222 3868 298 3923; x_wconf 90' lang='lat' dir='ltr'><strong>euris</strong></span> <span class='ocrx_word' id='word_1_267' title='bbox 313 3872 425 3924; x_wconf 88' lang='lat' dir='ltr'><strong>tantum</strong></span> <span class='ocrx_word' id='word_1_268' title='bbox 441 3868 574 3939; x_wconf 84' lang='lat' dir='ltr'><strong>exceptis,</strong></span> <span class='ocrx_word' id='word_1_269' title='bbox 591 3875 619 3923; x_wconf 88' lang='lat' dir='ltr'><strong>te</strong></span> 
     </span>
     <span class='ocr_line' id='line_1_52' title="bbox 66 3938 620 4012; baseline -0.002 -17"><span class='ocrx_word' id='word_1_270' title='bbox 66 3938 162 4007; x_wconf 86' lang='lat' dir='ltr'><strong>leetet,</strong></span> <span class='ocrx_word' id='word_1_271' title='bbox 180 3938 234 3995; x_wconf 87' lang='lat' dir='ltr'><strong>uisi</strong></span> <span class='ocrx_word' id='word_1_272' title='bbox 257 3939 359 4009; x_wconf 84' lang='lat' dir='ltr'><strong>uratia,</strong></span> <span class='ocrx_word' id='word_1_273' title='bbox 375 3940 443 4012; x_wconf 92' lang='lat' dir='ltr'><strong>qnia</strong></span> <span class='ocrx_word' id='word_1_274' title='bbox 466 3939 537 3995; x_wconf 86' lang='lat' dir='ltr'><strong>nihil</strong></span> <span class='ocrx_word' id='word_1_275' title='bbox 552 3944 620 3995; x_wconf 83' lang='lat' dir='ltr'><strong>tan-</strong></span> 
     </span>
     <span class='ocr_line' id='line_1_53' title="bbox 63 4011 616 4082; baseline 0 -17"><span class='ocrx_word' id='word_1_276' title='bbox 63 4024 89 4065; x_wconf 87' lang='grc' dir='ltr'><strong>ιιι</strong></span> <span class='ocrx_word' id='word_1_277' title='bbox 121 4016 150 4066; x_wconf 92' lang='lat' dir='ltr'><strong>te</strong></span> <span class='ocrx_word' id='word_1_278' title='bbox 179 4011 321 4068; x_wconf 87' lang='lat' dir='ltr'><strong>delectare</strong></span> <span class='ocrx_word' id='word_1_279' title='bbox 352 4011 452 4080; x_wconf 87' lang='lat' dir='ltr'><strong>debet,</strong></span> <span class='ocrx_word' id='word_1_280' title='bbox 479 4018 616 4082; x_wconf 84' lang='lat' dir='ltr'><strong>quantum</strong></span> 
     </span>
     <span class='ocr_line' id='line_1_54' title="bbox 63 4080 619 4155; baseline 0.004 -19"><span class='ocrx_word' id='word_1_281' title='bbox 63 4080 138 4138; x_wconf 86' lang='lat' dir='ltr'><strong>orari</strong></span> <span class='ocrx_word' id='word_1_282' title='bbox 152 4097 216 4137; x_wconf 91' lang='lat' dir='ltr'><strong>eum</strong></span> <span class='ocrx_word' id='word_1_283' title='bbox 232 4084 301 4151; x_wconf 87' lang='lat' dir='ltr'><strong>Deo,</strong></span> <span class='ocrx_word' id='word_1_284' title='bbox 318 4083 393 4153; x_wconf 88' lang='lat' dir='ltr'><strong>quod</strong></span> <span class='ocrx_word' id='word_1_285' title='bbox 410 4082 441 4138; x_wconf 88' lang='lat' dir='ltr'><strong>tit</strong></span> <span class='ocrx_word' id='word_1_286' title='bbox 449 4098 500 4155; x_wconf 88' lang='lat' dir='ltr'><strong>per</strong></span> <span class='ocrx_word' id='word_1_287' title='bbox 514 4083 619 4138; x_wconf 88' lang='lat' dir='ltr'><strong>oratio·</strong></span> 
     </span>
     <span class='ocr_line' id='line_1_55' title="bbox 66 4154 615 4223; baseline 0.002 -15"><span class='ocrx_word' id='word_1_288' title='bbox 66 4167 106 4210; x_wconf 92' lang='lat' dir='ltr'><strong>m.</strong></span> <span class='ocrx_word' id='word_1_289' title='bbox 132 4172 147 4203; x_wconf 73' lang='lat' dir='ltr'><strong>a</strong></span> <span class='ocrx_word' id='word_1_290' title='bbox 187 4154 268 4211; x_wconf 85' lang='lat' dir='ltr'><strong>Unde</strong></span> <span class='ocrx_word' id='word_1_291' title='bbox 300 4161 331 4211; x_wconf 86' lang='lat' dir='ltr'><strong>et</strong></span> <span class='ocrx_word' id='word_1_292' title='bbox 363 4155 570 4223; x_wconf 74' lang='lat' dir='ltr'><strong>chrysostomus</strong></span> <span class='ocrx_word' id='word_1_293' title='bbox 609 4170 615 4208; x_wconf 92' lang='lat'><strong>:</strong></span> 
     </span>
     <span class='ocr_line' id='line_1_56' title="bbox 63 4222 617 4297; baseline 0 -15"><span class='ocrx_word' id='word_1_294' title='bbox 63 4222 220 4282; x_wconf 76' lang='lat' dir='ltr'><strong>Considera</strong></span> <span class='ocrx_word' id='word_1_295' title='bbox 232 4228 341 4297; x_wconf 72' lang='lat' dir='ltr'><strong>quanta</strong></span> <span class='ocrx_word' id='word_1_296' title='bbox 358 4224 466 4283; x_wconf 81' lang='lat' dir='ltr'><strong>esttibi</strong></span> <span class='ocrx_word' id='word_1_297' title='bbox 481 4240 617 4283; x_wconf 88' lang='lat' dir='ltr'><strong>concessa</strong></span> 
     </span>
    </p>
   </div>
   <div class='ocr_carea' id='block_1_3' title="bbox 1227 268 1275 323">
    <p class='ocr_par' dir='ltr' id='par_1_3' title="bbox 1227 268 1275 323">
     <span class='ocr_line' id='line_1_57' title="bbox 1227 268 1275 323; baseline -0.063 0"><span class='ocrx_word' id='word_1_298' title='bbox 1227 268 1275 323; x_wconf 74' lang='lat' dir='ltr'><strong>dli</strong></span> 
     </span>
    </p>
   </div>
   <div class='ocr_carea' id='block_1_4' title="bbox 670 369 1303 4152">
    <p class='ocr_par' dir='ltr' id='par_1_4' title="bbox 683 369 1269 658">
     <span class='ocr_line' id='line_1_58' title="bbox 683 369 1269 443; baseline 0.007 -17"><span class='ocrx_word' id='word_1_299' title='bbox 683 369 813 438; x_wconf 84' lang='lat' dir='ltr'><strong>solicitas,</strong></span> <span class='ocrx_word' id='word_1_300' title='bbox 832 375 939 441; x_wconf 85' lang='lat' dir='ltr'><strong>quanta</strong></span> <span class='ocrx_word' id='word_1_301' title='bbox 954 370 1046 443; x_wconf 82' lang='lat' dir='ltr'><strong>gloria</strong></span> <span class='ocrx_word' id='word_1_302' title='bbox 1058 371 1195 429; x_wconf 88' lang='lat' dir='ltr'><strong>attributa</strong></span> <span class='ocrx_word' id='word_1_303' title='bbox 1206 389 1269 430; x_wconf 89' lang='lat' dir='ltr'><strong>ora-</strong></span> 
     </span>
     <span class='ocr_line' id='line_1_59' title="bbox 683 440 1267 512; baseline 0.007 -16"><span class='ocrx_word' id='word_1_304' title='bbox 683 440 809 499; x_wconf 86' lang='lat' dir='ltr'><strong>tionibus</strong></span> <span class='ocrx_word' id='word_1_305' title='bbox 824 441 944 497; x_wconf 85' lang='lat' dir='ltr'><strong>tabulari</strong></span> <span class='ocrx_word' id='word_1_306' title='bbox 955 459 1018 498; x_wconf 85' lang='lat' dir='ltr'><strong>cunr</strong></span> <span class='ocrx_word' id='word_1_307' title='bbox 1031 445 1099 512; x_wconf 83' lang='lat' dir='ltr'><strong>beo,</strong></span> <span class='ocrx_word' id='word_1_308' title='bbox 1111 460 1175 500; x_wconf 90' lang='lat' dir='ltr'><strong>cum</strong></span> <span class='ocrx_word' id='word_1_309' title='bbox 1187 444 1267 501; x_wconf 79' lang='lat' dir='ltr'><strong>Ultri-</strong></span> 
     </span>
     <span class='ocr_line' id='line_1_60' title="bbox 683 512 1269 586; baseline 0.007 -17"><span class='ocrx_word' id='word_1_310' title='bbox 683 518 727 569; x_wconf 89' lang='lat' dir='ltr'><strong>stu</strong></span> <span class='ocrx_word' id='word_1_311' title='bbox 755 512 874 569; x_wconf 87' lang='lat' dir='ltr'><strong>miscere</strong></span> <span class='ocrx_word' id='word_1_312' title='bbox 901 513 1051 585; x_wconf 83' lang='lat' dir='ltr'><strong>colloquia,</strong></span> <span class='ocrx_word' id='word_1_313' title='bbox 1072 520 1170 585; x_wconf 88' lang='lat' dir='ltr'><strong>optare</strong></span> <span class='ocrx_word' id='word_1_314' title='bbox 1194 519 1269 586; x_wconf 90' lang='lat' dir='ltr'><strong>quod</strong></span> 
     </span>
     <span class='ocr_line' id='line_1_61' title="bbox 684 584 1212 658; baseline -0.002 -20"><span class='ocrx_word' id='word_1_315' title='bbox 684 584 763 652; x_wconf 77' lang='lat' dir='ltr'><strong>velia,</strong></span> <span class='ocrx_word' id='word_1_316' title='bbox 779 585 854 656; x_wconf 87' lang='lat' dir='ltr'><strong>quod</strong></span> <span class='ocrx_word' id='word_1_317' title='bbox 870 584 1014 641; x_wconf 84' lang='lat' dir='ltr'><strong>desideras</strong></span> <span class='ocrx_word' id='word_1_318' title='bbox 1030 587 1182 658; x_wconf 87' lang='lat' dir='ltr'><strong>postulare.</strong></span> <span class='ocrx_word' id='word_1_319' title='bbox 1198 608 1212 637; x_wconf 75' lang='lat' dir='ltr'><strong>s</strong></span> 
     </span>
    </p>

    <p class='ocr_par' dir='ltr' id='par_1_5' title="bbox 670 657 1303 4152">
     <span class='ocr_line' id='line_1_62' title="bbox 722 657 1256 715; baseline 0.006 -4"><span class='ocrx_word' id='word_1_320' title='bbox 722 677 751 711; x_wconf 80' lang='lat' dir='ltr'><strong>in</strong></span> <span class='ocrx_word' id='word_1_321' title='bbox 765 657 920 712; x_wconf 84' lang='lat' dir='ltr'><strong>Smrmrunn</strong></span> <span class='ocrx_word' id='word_1_322' title='bbox 932 674 1003 713; x_wconf 79' lang='lat' dir='ltr'><strong>anim</strong></span> <span class='ocrx_word' id='word_1_323' title='bbox 1017 675 1112 713; x_wconf 69' lang='lat' dir='ltr'><strong>utaris</strong></span> <span class='ocrx_word' id='word_1_324' title='bbox 1125 676 1157 713; x_wconf 82' lang='lat' dir='ltr'><strong>nx</strong></span> <span class='ocrx_word' id='word_1_325' title='bbox 1170 676 1256 715; x_wconf 77' lang='lat' dir='ltr'><strong>numo</strong></span> 
     </span>
     <span class='ocr_line' id='line_1_63' title="bbox 682 726 1268 799; baseline 0.007 -17"><span class='ocrx_word' id='word_1_326' title='bbox 682 759 716 767; x_wconf 97' lang='lat'>-</span> <span class='ocrx_word' id='word_1_327' title='bbox 733 726 840 783; x_wconf 85' lang='lat' dir='ltr'><strong>Deinde</strong></span> <span class='ocrx_word' id='word_1_328' title='bbox 855 735 939 799; x_wconf 81' lang='lat' dir='ltr'><strong>auget</strong></span> <span class='ocrx_word' id='word_1_329' title='bbox 954 729 1103 786; x_wconf 89' lang='lat' dir='ltr'><strong>orantibus</strong></span> <span class='ocrx_word' id='word_1_330' title='bbox 1120 729 1268 786; x_wconf 91' lang='lat' dir='ltr'><strong>obtinendi</strong></span> 
     </span>
     <span class='ocr_line' id='line_1_64' title="bbox 683 796 1269 871; baseline 0.014 -18"><span class='ocrx_word' id='word_1_331' title='bbox 683 796 827 868; x_wconf 83' lang='lat' dir='ltr'><strong>fiduciam,</strong></span> <span class='ocrx_word' id='word_1_332' title='bbox 843 814 860 855; x_wconf 91' lang='lat' dir='ltr'><strong>a</strong></span> <span class='ocrx_word' id='word_1_333' title='bbox 872 799 1032 857; x_wconf 90' lang='lat' dir='ltr'><strong>minoribus</strong></span> <span class='ocrx_word' id='word_1_334' title='bbox 1047 817 1220 871; x_wconf 80' lang='lat' dir='ltr'><strong>consurgens</strong></span> <span class='ocrx_word' id='word_1_335' title='bbox 1232 802 1269 861; x_wconf 91' lang='lat' dir='ltr'><strong>ad</strong></span> 
     </span>
     <span class='ocr_line' id='line_1_65' title="bbox 683 871 1269 944; baseline 0.009 -20"><span class='ocrx_word' id='word_1_336' title='bbox 683 885 811 939; x_wconf 69' lang='lat' dir='ltr'><strong>majora,</strong></span> <span class='ocrx_word' id='word_1_337' title='bbox 840 871 1013 927; x_wconf 90' lang='lat' dir='ltr'><strong>coutirmans</strong></span> <span class='ocrx_word' id='word_1_338' title='bbox 1042 872 1171 943; x_wconf 84' lang='lat' dir='ltr'><strong>superius</strong></span> <span class='ocrx_word' id='word_1_339' title='bbox 1202 888 1269 944; x_wconf 92' lang='lat' dir='ltr'><strong>pro-</strong></span> 
     </span>
     <span class='ocr_line' id='line_1_66' title="bbox 682 940 1267 1022; baseline 0.01 -28"><span class='ocrx_word' id='word_1_340' title='bbox 682 940 799 997; x_wconf 84' lang='lat' dir='ltr'><strong>missum</strong></span> <span class='ocrx_word' id='word_1_341' title='bbox 815 957 866 1022; x_wconf 84' lang='lat' dir='ltr'><strong>per</strong></span> <span class='ocrx_word' id='word_1_342' title='bbox 880 943 1017 1013; x_wconf 83' lang='lat' dir='ltr'><strong>exempla.</strong></span> <span class='ocrx_word' id='word_1_343' title='bbox 1037 945 1069 999; x_wconf 73' lang='lat' dir='ltr'><strong>tlt</strong></span> <span class='ocrx_word' id='word_1_344' title='bbox 1084 942 1163 1015; x_wconf 91' lang='lat' dir='ltr'><strong>ponit</strong></span> <span class='ocrx_word' id='word_1_345' title='bbox 1175 944 1267 1016; x_wconf 90' lang='lat' dir='ltr'><strong>primu</strong></span> 
     </span>
     <span class='ocr_line' id='line_1_67' title="bbox 681 1011 1268 1088; baseline 0.014 -23"><span class='ocrx_word' id='word_1_346' title='bbox 681 1011 895 1068; x_wconf 85' lang='lat' dir='ltr'><strong>similitudmem</strong></span> <span class='ocrx_word' id='word_1_347' title='bbox 911 1013 946 1068; x_wconf 94' lang='lat' dir='ltr'><strong>de</strong></span> <span class='ocrx_word' id='word_1_348' title='bbox 965 1014 1067 1081; x_wconf 80' lang='lat' dir='ltr'><strong>arnico,</strong></span> <span class='ocrx_word' id='word_1_349' title='bbox 1088 1014 1136 1085; x_wconf 70' lang='lat' dir='ltr'><strong>crui</strong></span> <span class='ocrx_word' id='word_1_350' title='bbox 1151 1022 1268 1088; x_wconf 87' lang='lat' dir='ltr'><strong>propter</strong></span> 
     </span>
     <span class='ocr_line' id='line_1_68' title="bbox 682 1083 1266 1156; baseline 0.01 -19"><span class='ocrx_word' id='word_1_351' title='bbox 682 1083 1266 1156; x_wconf 70' lang='lat' dir='ltr'><strong>impin-tundalumetconstantiamamici,</strong></span> 
     </span>
     <span class='ocr_line' id='line_1_69' title="bbox 682 1154 1266 1229; baseline 0.01 -20"><span class='ocrx_word' id='word_1_352' title='bbox 682 1155 775 1211; x_wconf 85' lang='lat' dir='ltr'><strong>media</strong></span> <span class='ocrx_word' id='word_1_353' title='bbox 801 1160 894 1224; x_wconf 90' lang='lat' dir='ltr'><strong>nocte,</strong></span> <span class='ocrx_word' id='word_1_354' title='bbox 919 1154 1069 1223; x_wconf 73' lang='lat' dir='ltr'><strong>venientis,</strong></span> <span class='ocrx_word' id='word_1_355' title='bbox 1090 1162 1117 1212; x_wconf 89' lang='lat' dir='ltr'><strong>et</strong></span> <span class='ocrx_word' id='word_1_356' title='bbox 1132 1158 1266 1229; x_wconf 89' lang='lat' dir='ltr'><strong>petentis,</strong></span> 
     </span>
     <span class='ocr_line' id='line_1_70' title="bbox 680 1225 1303 1307; baseline 0.01 -27"><span class='ocrx_word' id='word_1_357' title='bbox 680 1225 781 1299; x_wconf 80' lang='lat' dir='ltr'><strong>surgit,</strong></span> <span class='ocrx_word' id='word_1_358' title='bbox 796 1230 825 1281; x_wconf 90' lang='lat' dir='ltr'><strong>et</strong></span> <span class='ocrx_word' id='word_1_359' title='bbox 839 1242 928 1307; x_wconf 88' lang='lat' dir='ltr'><strong>panes</strong></span> <span class='ocrx_word' id='word_1_360' title='bbox 946 1226 1122 1283; x_wconf 87' lang='lat' dir='ltr'><strong>necessarios</strong></span> <span class='ocrx_word' id='word_1_361' title='bbox 1136 1245 1264 1286; x_wconf 87' lang='lat' dir='ltr'><strong>commo·</strong></span> <span class='ocrx_word' id='word_1_362' title='bbox 1301 1254 1303 1259; x_wconf 93' lang='lat'>·</span> 
     </span>
     <span class='ocr_line' id='line_1_71' title="bbox 681 1296 1265 1371; baseline 0.01 -21"><span class='ocrx_word' id='word_1_363' title='bbox 681 1300 737 1352; x_wconf 89' lang='lat' dir='ltr'><strong>dat.</strong></span> <span class='ocrx_word' id='word_1_364' title='bbox 756 1296 784 1353; x_wconf 89' lang='lat' dir='ltr'><strong>Si</strong></span> <span class='ocrx_word' id='word_1_365' title='bbox 800 1313 876 1352; x_wconf 83' lang='lat' dir='ltr'><strong>emm</strong></span> <span class='ocrx_word' id='word_1_366' title='bbox 892 1298 977 1353; x_wconf 85' lang='lat' dir='ltr'><strong>bcnno</strong></span> <span class='ocrx_word' id='word_1_367' title='bbox 990 1308 1207 1369; x_wconf 75' lang='lat' dir='ltr'><strong>perseveranter</strong></span> <span class='ocrx_word' id='word_1_368' title='bbox 1216 1315 1265 1371; x_wconf 89' lang='lat' dir='ltr'><strong>pe-</strong></span> 
     </span>
     <span class='ocr_line' id='line_1_72' title="bbox 680 1367 1265 1442; baseline 0.007 -19"><span class='ocrx_word' id='word_1_369' title='bbox 680 1367 751 1425; x_wconf 91' lang='lat' dir='ltr'><strong>tenti</strong></span> <span class='ocrx_word' id='word_1_370' title='bbox 765 1369 813 1424; x_wconf 87' lang='lat' dir='ltr'><strong>dat</strong></span> <span class='ocrx_word' id='word_1_371' title='bbox 828 1385 859 1424; x_wconf 80' lang='lat' dir='ltr'><strong>ea</strong></span> <span class='ocrx_word' id='word_1_372' title='bbox 873 1368 968 1436; x_wconf 81' lang='lat' dir='ltr'><strong>ladio,</strong></span> <span class='ocrx_word' id='word_1_373' title='bbox 981 1369 1069 1425; x_wconf 90' lang='lat' dir='ltr'><strong>multo</strong></span> <span class='ocrx_word' id='word_1_374' title='bbox 1086 1370 1175 1442; x_wconf 82' lang='lat' dir='ltr'><strong>magis</strong></span> <span class='ocrx_word' id='word_1_375' title='bbox 1190 1373 1265 1427; x_wconf 77' lang='lat' dir='ltr'><strong>lteris</strong></span> 
     </span>
     <span class='ocr_line' id='line_1_73' title="bbox 680 1440 1264 1511; baseline 0.012 -20"><span class='ocrx_word' id='word_1_376' title='bbox 680 1445 895 1511; x_wconf 84' lang='lat' dir='ltr'><strong>perseveranter</strong></span> <span class='ocrx_word' id='word_1_377' title='bbox 916 1440 1033 1511; x_wconf 87' lang='lat' dir='ltr'><strong>petenti,</strong></span> <span class='ocrx_word' id='word_1_378' title='bbox 1051 1441 1099 1496; x_wconf 90' lang='lat' dir='ltr'><strong>dal</strong></span> <span class='ocrx_word' id='word_1_379' title='bbox 1116 1458 1149 1497; x_wconf 81' lang='lat' dir='ltr'><strong>ea</strong></span> <span class='ocrx_word' id='word_1_380' title='bbox 1163 1442 1264 1498; x_wconf 86' lang='lat' dir='ltr'><strong>amici-</strong></span> 
     </span>
     <span class='ocr_line' id='line_1_74' title="bbox 680 1509 1265 1584; baseline 0.005 -18"><span class='ocrx_word' id='word_1_381' title='bbox 680 1509 728 1566; x_wconf 89' lang='lat' dir='ltr'><strong>tia.</strong></span> <span class='ocrx_word' id='word_1_382' title='bbox 747 1512 824 1567; x_wconf 89' lang='lat' dir='ltr'><strong>Unde</strong></span> <span class='ocrx_word' id='word_1_383' title='bbox 839 1512 914 1568; x_wconf 86' lang='lat' dir='ltr'><strong>Beda</strong></span> <span class='ocrx_word' id='word_1_384' title='bbox 934 1529 940 1567; x_wconf 95' lang='lat'><strong>:</strong></span> <span class='ocrx_word' id='word_1_385' title='bbox 961 1512 1171 1584; x_wconf 86' lang='lat' dir='ltr'><strong>«Comparatio</strong></span> <span class='ocrx_word' id='word_1_386' title='bbox 1190 1518 1265 1570; x_wconf 89' lang='lat' dir='ltr'><strong>esta</strong></span> 
     </span>
     <span class='ocr_line' id='line_1_75' title="bbox 681 1582 1263 1655; baseline 0.005 -19"><span class='ocrx_word' id='word_1_387' title='bbox 681 1582 801 1639; x_wconf 89' lang='lat' dir='ltr'><strong>minore.</strong></span> <span class='ocrx_word' id='word_1_388' title='bbox 819 1582 846 1639; x_wconf 90' lang='lat' dir='ltr'><strong>Si</strong></span> <span class='ocrx_word' id='word_1_389' title='bbox 860 1582 937 1639; x_wconf 92' lang='lat' dir='ltr'><strong>enim</strong></span> <span class='ocrx_word' id='word_1_390' title='bbox 950 1584 1060 1639; x_wconf 88' lang='lat' dir='ltr'><strong>amicus</strong></span> <span class='ocrx_word' id='word_1_391' title='bbox 1074 1584 1263 1655; x_wconf 62' lang='lat' dir='ltr'><strong>lanuto&#39;suraait</strong></span> 
     </span>
     <span class='ocr_line' id='line_1_76' title="bbox 679 1653 1265 1722; baseline 0.007 -14"><span class='ocrx_word' id='word_1_392' title='bbox 679 1654 713 1709; x_wconf 91' lang='lat' dir='ltr'><strong>de</strong></span> <span class='ocrx_word' id='word_1_393' title='bbox 740 1656 823 1722; x_wconf 87' lang='lat' dir='ltr'><strong>lecto,</strong></span> <span class='ocrx_word' id='word_1_394' title='bbox 843 1658 871 1709; x_wconf 90' lang='lat' dir='ltr'><strong>et</strong></span> <span class='ocrx_word' id='word_1_395' title='bbox 898 1653 956 1721; x_wconf 89' lang='lat' dir='ltr'><strong>dat,</strong></span> <span class='ocrx_word' id='word_1_396' title='bbox 975 1671 1031 1710; x_wconf 80' lang='lat' dir='ltr'><strong>iton</strong></span> <span class='ocrx_word' id='word_1_397' title='bbox 1050 1654 1184 1721; x_wconf 91' lang='lat' dir='ltr'><strong>amicitia,</strong></span> <span class='ocrx_word' id='word_1_398' title='bbox 1214 1656 1265 1712; x_wconf 88' lang='lat' dir='ltr'><strong>sed</strong></span> 
     </span>
     <span class='ocr_line' id='line_1_77' title="bbox 679 1725 1265 1807; baseline 0.007 -29"><span class='ocrx_word' id='word_1_399' title='bbox 679 1725 763 1781; x_wconf 80' lang='lat' dir='ltr'><strong>ladio</strong></span> <span class='ocrx_word' id='word_1_400' title='bbox 786 1725 961 1807; x_wconf 90' lang='lat' dir='ltr'><strong>compulsus,</strong></span> <span class='ocrx_word' id='word_1_401' title='bbox 985 1731 1090 1797; x_wconf 86' lang='lat' dir='ltr'><strong>quanto</strong></span> <span class='ocrx_word' id='word_1_402' title='bbox 1110 1726 1201 1796; x_wconf 81' lang='lat' dir='ltr'><strong>magis</strong></span> <span class='ocrx_word' id='word_1_403' title='bbox 1216 1728 1265 1784; x_wconf 91' lang='lat' dir='ltr'><strong>dat</strong></span> 
     </span>
     <span class='ocr_line' id='line_1_78' title="bbox 678 1796 1264 1868; baseline 0.002 -15"><span class='ocrx_word' id='word_1_404' title='bbox 678 1799 762 1865; x_wconf 75' lang='lat' dir='ltr'><strong>Deua,</strong></span> <span class='ocrx_word' id='word_1_405' title='bbox 773 1796 822 1868; x_wconf 89' lang='lat' dir='ltr'><strong>qui</strong></span> <span class='ocrx_word' id='word_1_406' title='bbox 835 1812 897 1852; x_wconf 85' lang='lat' dir='ltr'><strong>stne</strong></span> <span class='ocrx_word' id='word_1_407' title='bbox 907 1796 990 1853; x_wconf 78' lang='lat' dir='ltr'><strong>{auctio</strong></span> <span class='ocrx_word' id='word_1_408' title='bbox 1004 1797 1162 1868; x_wconf 76' lang='lat' dir='ltr'><strong>largissime</strong></span> <span class='ocrx_word' id='word_1_409' title='bbox 1175 1798 1264 1854; x_wconf 85' lang='lat' dir='ltr'><strong>donat</strong></span> 
     </span>
     <span class='ocr_line' id='line_1_79' title="bbox 678 1867 1262 1941; baseline 0 -16"><span class='ocrx_word' id='word_1_410' title='bbox 678 1869 755 1938; x_wconf 80' lang='lat' dir='ltr'><strong>qtrod</strong></span> <span class='ocrx_word' id='word_1_411' title='bbox 777 1867 898 1940; x_wconf 72' lang='lat' dir='ltr'><strong>petitur,</strong></span> <span class='ocrx_word' id='word_1_412' title='bbox 924 1869 973 1924; x_wconf 90' lang='lat' dir='ltr'><strong>sed</strong></span> <span class='ocrx_word' id='word_1_413' title='bbox 1000 1870 1036 1925; x_wconf 94' lang='lat' dir='ltr'><strong>ad</strong></span> <span class='ocrx_word' id='word_1_414' title='bbox 1063 1870 1118 1925; x_wconf 90' lang='lat' dir='ltr'><strong>hoc</strong></span> <span class='ocrx_word' id='word_1_415' title='bbox 1148 1886 1178 1925; x_wconf 85' lang='lat' dir='ltr'><strong>se</strong></span> <span class='ocrx_word' id='word_1_416' title='bbox 1205 1870 1262 1941; x_wconf 89' lang='lat' dir='ltr'><strong>peti</strong></span> 
     </span>
     <span class='ocr_line' id='line_1_80' title="bbox 679 1940 1262 2021; baseline 0.007 -29"><span class='ocrx_word' id='word_1_417' title='bbox 679 1940 745 2021; x_wconf 67' lang='lat' dir='ltr'><strong>iniit,</strong></span> <span class='ocrx_word' id='word_1_418' title='bbox 762 1946 794 1996; x_wconf 89' lang='lat' dir='ltr'><strong>ut</strong></span> <span class='ocrx_word' id='word_1_419' title='bbox 812 1955 929 2011; x_wconf 87' lang='lat' dir='ltr'><strong>capaces</strong></span> <span class='ocrx_word' id='word_1_420' title='bbox 947 1941 1086 1996; x_wconf 91' lang='lat' dir='ltr'><strong>donorum</strong></span> <span class='ocrx_word' id='word_1_421' title='bbox 1108 1942 1170 2011; x_wconf 86' lang='lat' dir='ltr'><strong>ejus</strong></span> <span class='ocrx_word' id='word_1_422' title='bbox 1191 1941 1262 1996; x_wconf 86' lang='lat' dir='ltr'><strong>itant</strong></span> 
     </span>
     <span class='ocr_line' id='line_1_81' title="bbox 677 2012 1260 2084; baseline 0.005 -19"><span class='ocrx_word' id='word_1_423' title='bbox 677 2027 725 2082; x_wconf 84' lang='lat' dir='ltr'><strong>qm</strong></span> <span class='ocrx_word' id='word_1_424' title='bbox 749 2017 859 2084; x_wconf 90' lang='lat' dir='ltr'><strong>petunt.</strong></span> <span class='ocrx_word' id='word_1_425' title='bbox 879 2034 892 2060; x_wconf 73' lang='lat' dir='ltr'><strong>u</strong></span> <span class='ocrx_word' id='word_1_426' title='bbox 913 2012 993 2068; x_wconf 91' lang='lat' dir='ltr'><strong>Unde</strong></span> <span class='ocrx_word' id='word_1_427' title='bbox 1017 2018 1046 2068; x_wconf 87' lang='lat' dir='ltr'><strong>el</strong></span> <span class='ocrx_word' id='word_1_428' title='bbox 1064 2014 1260 2080; x_wconf 68' lang='lat' dir='ltr'><strong>deocletiano:</strong></span> 
     </span>
     <span class='ocr_line' id='line_1_82' title="bbox 677 2082 1261 2155; baseline 0.012 -21"><span class='ocrx_word' id='word_1_429' title='bbox 677 2102 691 2135; x_wconf 77' lang='lat' dir='ltr'><strong>a</strong></span> <span class='ocrx_word' id='word_1_430' title='bbox 710 2085 770 2139; x_wconf 81' lang='lat' dir='ltr'><strong>Non</strong></span> <span class='ocrx_word' id='word_1_431' title='bbox 795 2086 911 2154; x_wconf 88' lang='lat' dir='ltr'><strong>propter</strong></span> <span class='ocrx_word' id='word_1_432' title='bbox 936 2082 1101 2151; x_wconf 86' lang='lat' dir='ltr'><strong>amicitiam,</strong></span> <span class='ocrx_word' id='word_1_433' title='bbox 1132 2082 1261 2155; x_wconf 85' lang='lat' dir='ltr'><strong>quamvis</strong></span> 
     </span>
     <span class='ocr_line' id='line_1_83' title="bbox 675 2154 1260 2227; baseline 0.005 -18"><span class='ocrx_word' id='word_1_434' title='bbox 675 2154 782 2210; x_wconf 84' lang='lat' dir='ltr'><strong>amiens</strong></span> <span class='ocrx_word' id='word_1_435' title='bbox 797 2154 843 2223; x_wconf 89' lang='lat' dir='ltr'><strong>sit,</strong></span> <span class='ocrx_word' id='word_1_436' title='bbox 859 2155 910 2211; x_wconf 87' lang='lat' dir='ltr'><strong>sed</strong></span> <span class='ocrx_word' id='word_1_437' title='bbox 926 2159 1042 2227; x_wconf 89' lang='lat' dir='ltr'><strong>propter</strong></span> <span class='ocrx_word' id='word_1_438' title='bbox 1061 2155 1260 2226; x_wconf 85' lang='lat' dir='ltr'><strong>importunita-</strong></span> 
     </span>
     <span class='ocr_line' id='line_1_84' title="bbox 676 2225 1261 2298; baseline 0.005 -18"><span class='ocrx_word' id='word_1_439' title='bbox 676 2231 743 2293; x_wconf 88' lang='lat' dir='ltr'><strong>tem,</strong></span> <span class='ocrx_word' id='word_1_440' title='bbox 760 2225 827 2297; x_wconf 86' lang='lat' dir='ltr'><strong>qnia</strong></span> <span class='ocrx_word' id='word_1_441' title='bbox 851 2227 964 2298; x_wconf 87' lang='lat' dir='ltr'><strong>pulsare</strong></span> <span class='ocrx_word' id='word_1_442' title='bbox 983 2242 1040 2284; x_wconf 90' lang='lat' dir='ltr'><strong>non</strong></span> <span class='ocrx_word' id='word_1_443' title='bbox 1057 2225 1178 2294; x_wconf 89' lang='lat' dir='ltr'><strong>desistit,</strong></span> <span class='ocrx_word' id='word_1_444' title='bbox 1194 2227 1261 2298; x_wconf 84' lang='lat' dir='ltr'><strong>qnia</strong></span> 
     </span>
     <span class='ocr_line' id='line_1_85' title="bbox 675 2303 1259 2367; baseline 0.005 -16"><span class='ocrx_word' id='word_1_445' title='bbox 675 2303 703 2351; x_wconf 90' lang='lat' dir='ltr'><strong>et</strong></span> <span class='ocrx_word' id='word_1_446' title='bbox 716 2313 779 2353; x_wconf 91' lang='lat' dir='ltr'><strong>cum</strong></span> <span class='ocrx_word' id='word_1_447' title='bbox 796 2304 871 2353; x_wconf 84' lang='lat' dir='ltr'><strong>esset</strong></span> <span class='ocrx_word' id='word_1_448' title='bbox 892 2303 1039 2367; x_wconf 77' lang='lat' dir='ltr'><strong>negatum,</strong></span> <span class='ocrx_word' id='word_1_449' title='bbox 1055 2314 1110 2353; x_wconf 91' lang='lat' dir='ltr'><strong>nou</strong></span> <span class='ocrx_word' id='word_1_450' title='bbox 1132 2315 1163 2353; x_wconf 87' lang='lat' dir='ltr'><strong>se</strong></span> <span class='ocrx_word' id='word_1_451' title='bbox 1176 2314 1259 2355; x_wconf 80' lang='lat' dir='ltr'><strong>arer-</strong></span> 
     </span>
     <span class='ocr_line' id='line_1_86' title="bbox 676 2367 1258 2449; baseline 0.007 -28"><span class='ocrx_word' id='word_1_452' title='bbox 676 2368 726 2433; x_wconf 88' lang='lat' dir='ltr'><strong>tit;</strong></span> <span class='ocrx_word' id='word_1_453' title='bbox 747 2367 794 2423; x_wconf 94' lang='lat' dir='ltr'><strong>ille</strong></span> <span class='ocrx_word' id='word_1_454' title='bbox 809 2369 856 2449; x_wconf 81' lang='lat' dir='ltr'><strong>qui</strong></span> <span class='ocrx_word' id='word_1_455' title='bbox 875 2368 989 2424; x_wconf 83' lang='lat' dir='ltr'><strong>nolebat</strong></span> <span class='ocrx_word' id='word_1_456' title='bbox 1003 2369 1072 2427; x_wconf 87' lang='lat' dir='ltr'><strong>dare</strong></span> <span class='ocrx_word' id='word_1_457' title='bbox 1108 2369 1169 2443; x_wconf 18' lang='lat' dir='ltr'><strong>uod*</strong></span> <span class='ocrx_word' id='word_1_458' title='bbox 1179 2375 1258 2441; x_wconf 88' lang='lat' dir='ltr'><strong>pete·</strong></span> 
     </span>
     <span class='ocr_line' id='line_1_87' title="bbox 675 2385 1257 2511; baseline 0.003 -17"><span class='ocrx_word' id='word_1_459' title='bbox 675 2441 758 2495; x_wconf 87' lang='lat' dir='ltr'><strong>batur</strong></span> <span class='ocrx_word' id='word_1_460' title='bbox 773 2439 848 2503; x_wconf 79' lang='lat' dir='ltr'><strong>lec-rt,</strong></span> <span class='ocrx_word' id='word_1_461' title='bbox 866 2438 933 2510; x_wconf 87' lang='lat' dir='ltr'><strong>quia</strong></span> <span class='ocrx_word' id='word_1_462' title='bbox 951 2441 978 2494; x_wconf 91' lang='lat' dir='ltr'><strong>iu</strong></span> <span class='ocrx_word' id='word_1_463' title='bbox 998 2385 1119 2511; x_wconf 57' lang='lat' dir='ltr'><strong>peteitffo</strong></span> <span class='ocrx_word' id='word_1_464' title='bbox 1137 2457 1193 2496; x_wconf 93' lang='lat' dir='ltr'><strong>non</strong></span> <span class='ocrx_word' id='word_1_465' title='bbox 1208 2440 1257 2496; x_wconf 89' lang='lat' dir='ltr'><strong>de·</strong></span> 
     </span>
     <span class='ocr_line' id='line_1_88' title="bbox 676 2508 1259 2582; baseline 0.007 -18"><span class='ocrx_word' id='word_1_466' title='bbox 676 2509 750 2565; x_wconf 78' lang='lat' dir='ltr'><strong>lecit.</strong></span> <span class='ocrx_word' id='word_1_467' title='bbox 767 2511 877 2576; x_wconf 86' lang='lat' dir='ltr'><strong>Quanto</strong></span> <span class='ocrx_word' id='word_1_468' title='bbox 892 2508 982 2581; x_wconf 82' lang='lat' dir='ltr'><strong>igitur</strong></span> <span class='ocrx_word' id='word_1_469' title='bbox 997 2511 1087 2582; x_wconf 79' lang='lat' dir='ltr'><strong>magis</strong></span> <span class='ocrx_word' id='word_1_470' title='bbox 1104 2511 1183 2568; x_wconf 86' lang='lat' dir='ltr'><strong>dabit</strong></span> <span class='ocrx_word' id='word_1_471' title='bbox 1207 2512 1259 2569; x_wconf 90' lang='lat' dir='ltr'><strong>bo-</strong></span> 
     </span>
     <span class='ocr_line' id='line_1_89' title="bbox 677 2581 1257 2655; baseline 0.007 -20"><span class='ocrx_word' id='word_1_472' title='bbox 677 2598 728 2636; x_wconf 88' lang='lat' dir='ltr'><strong>nus</strong></span> <span class='ocrx_word' id='word_1_473' title='bbox 744 2582 837 2639; x_wconf 78' lang='lat' dir='ltr'><strong>Pater.</strong></span> <span class='ocrx_word' id='word_1_474' title='bbox 854 2581 902 2652; x_wconf 83' lang='lat' dir='ltr'><strong>qui</strong></span> <span class='ocrx_word' id='word_1_475' title='bbox 920 2598 971 2637; x_wconf 90' lang='lat' dir='ltr'><strong>nus</strong></span> <span class='ocrx_word' id='word_1_476' title='bbox 986 2582 1117 2639; x_wconf 82' lang='lat' dir='ltr'><strong>hortatur</strong></span> <span class='ocrx_word' id='word_1_477' title='bbox 1132 2589 1162 2640; x_wconf 94' lang='lat' dir='ltr'><strong>ut</strong></span> <span class='ocrx_word' id='word_1_478' title='bbox 1178 2588 1257 2655; x_wconf 90' lang='lat' dir='ltr'><strong>peta·</strong></span> 
     </span>
     <span class='ocr_line' id='line_1_90' title="bbox 676 2651 1258 2724; baseline -0.007 -15"><span class='ocrx_word' id='word_1_479' title='bbox 676 2669 748 2719; x_wconf 90' lang='lat' dir='ltr'><strong>mus,</strong></span> <span class='ocrx_word' id='word_1_480' title='bbox 764 2651 809 2708; x_wconf 86' lang='lat' dir='ltr'><strong>eui</strong></span> <span class='ocrx_word' id='word_1_481' title='bbox 820 2652 950 2724; x_wconf 81' lang='lat' dir='ltr'><strong>displicet</strong></span> <span class='ocrx_word' id='word_1_482' title='bbox 965 2652 989 2708; x_wconf 87' lang='lat' dir='ltr'><strong>si</strong></span> <span class='ocrx_word' id='word_1_483' title='bbox 1006 2670 1061 2709; x_wconf 91' lang='lat' dir='ltr'><strong>non</strong></span> <span class='ocrx_word' id='word_1_484' title='bbox 1077 2656 1229 2724; x_wconf 78' lang='lat' dir='ltr'><strong>petamus?</strong></span> <span class='ocrx_word' id='word_1_485' title='bbox 1243 2674 1258 2706; x_wconf 83' lang='lat' dir='ltr'><strong>n</strong></span> 
     </span>
     <span class='ocr_line' id='line_1_91' title="bbox 676 2722 1258 2785; baseline 0.003 -5"><span class='ocrx_word' id='word_1_486' title='bbox 676 2725 727 2781; x_wconf 87' lang='lat' dir='ltr'><strong>Ubi</strong></span> <span class='ocrx_word' id='word_1_487' title='bbox 738 2722 823 2780; x_wconf 88' lang='lat' dir='ltr'><strong>etiam</strong></span> <span class='ocrx_word' id='word_1_488' title='bbox 838 2726 1018 2779; x_wconf 77' lang='lat' dir='ltr'><strong>Alabanaius:</strong></span> <span class='ocrx_word' id='word_1_489' title='bbox 1040 2750 1053 2773; x_wconf 78' lang='grc' dir='ltr'><strong>«ι</strong></span> <span class='ocrx_word' id='word_1_490' title='bbox 1069 2726 1160 2782; x_wconf 84' lang='lat' dir='ltr'><strong>bledla</strong></span> <span class='ocrx_word' id='word_1_491' title='bbox 1175 2732 1258 2785; x_wconf 72' lang='lat' dir='ltr'><strong>noete</strong></span> 
     </span>
     <span class='ocr_line' id='line_1_92' title="bbox 675 2794 1259 2868; baseline 0.003 -18"><span class='ocrx_word' id='word_1_492' title='bbox 675 2794 807 2868; x_wconf 82' lang='lat' dir='ltr'><strong>perrexit,</strong></span> <span class='ocrx_word' id='word_1_493' title='bbox 825 2800 855 2852; x_wconf 82' lang='lat' dir='ltr'><strong>ul</strong></span> <span class='ocrx_word' id='word_1_494' title='bbox 873 2795 1004 2851; x_wconf 90' lang='lat' dir='ltr'><strong>omuibus</strong></span> <span class='ocrx_word' id='word_1_495' title='bbox 1022 2796 1183 2865; x_wconf 90' lang='lat' dir='ltr'><strong>momentis,</strong></span> <span class='ocrx_word' id='word_1_496' title='bbox 1200 2813 1259 2853; x_wconf 92' lang='lat' dir='ltr'><strong>non</strong></span> 
     </span>
     <span class='ocr_line' id='line_1_93' title="bbox 673 2866 1257 2938; baseline 0.003 -15"><span class='ocrx_word' id='word_1_497' title='bbox 673 2868 766 2923; x_wconf 89' lang='lat' dir='ltr'><strong>solum</strong></span> <span class='ocrx_word' id='word_1_498' title='bbox 788 2866 898 2935; x_wconf 87' lang='lat' dir='ltr'><strong>diebus,</strong></span> <span class='ocrx_word' id='word_1_499' title='bbox 924 2867 973 2923; x_wconf 87' lang='lat' dir='ltr'><strong>sed</strong></span> <span class='ocrx_word' id='word_1_500' title='bbox 1003 2866 1090 2923; x_wconf 89' lang='lat' dir='ltr'><strong>etiam</strong></span> <span class='ocrx_word' id='word_1_501' title='bbox 1117 2868 1257 2938; x_wconf 76' lang='lat' dir='ltr'><strong>noctibuS,</strong></span> 
     </span>
     <span class='ocr_line' id='line_1_94' title="bbox 672 2938 1260 3011; baseline 0.003 -17"><span class='ocrx_word' id='word_1_502' title='bbox 672 2939 764 2995; x_wconf 88' lang='lat' dir='ltr'><strong>oratio</strong></span> <span class='ocrx_word' id='word_1_503' title='bbox 779 2940 933 2997; x_wconf 85' lang='lat' dir='ltr'><strong>deleratur.</strong></span> <span class='ocrx_word' id='word_1_504' title='bbox 949 2940 983 2994; x_wconf 69' lang='lat' dir='ltr'><strong>tlt</strong></span> <span class='ocrx_word' id='word_1_505' title='bbox 1004 2938 1068 2995; x_wconf 86' lang='lat' dir='ltr'><strong>ideo</strong></span> <span class='ocrx_word' id='word_1_506' title='bbox 1089 2938 1260 3011; x_wconf 87' lang='lat' dir='ltr'><strong>scriptorum</strong></span> 
     </span>
     <span class='ocr_line' id='line_1_95' title="bbox 673 3010 1258 3081; baseline 0.005 -16"><span class='ocrx_word' id='word_1_507' title='bbox 673 3027 825 3081; x_wconf 86' lang='lat' dir='ltr'><strong>memores,</strong></span> <span class='ocrx_word' id='word_1_508' title='bbox 838 3010 968 3068; x_wconf 81' lang='lat' dir='ltr'><strong>noctibus</strong></span> <span class='ocrx_word' id='word_1_509' title='bbox 978 3026 1011 3067; x_wconf 90' lang='lat' dir='ltr'><strong>ae</strong></span> <span class='ocrx_word' id='word_1_510' title='bbox 1021 3011 1122 3068; x_wconf 90' lang='lat' dir='ltr'><strong>diebus</strong></span> <span class='ocrx_word' id='word_1_511' title='bbox 1134 3010 1258 3075; x_wconf 83' lang='lat' dir='ltr'><strong>orationi</strong></span> 
     </span>
     <span class='ocr_line' id='line_1_96' title="bbox 673 3083 1258 3156; baseline 0.003 -19"><span class='ocrx_word' id='word_1_512' title='bbox 673 3084 822 3152; x_wconf 88' lang='lat' dir='ltr'><strong>instantes,</strong></span> <span class='ocrx_word' id='word_1_513' title='bbox 855 3083 978 3156; x_wconf 81' lang='lat' dir='ltr'><strong>peccatis</strong></span> <span class='ocrx_word' id='word_1_514' title='bbox 1011 3085 1118 3139; x_wconf 87' lang='lat' dir='ltr'><strong>nostris</strong></span> <span class='ocrx_word' id='word_1_515' title='bbox 1146 3084 1258 3140; x_wconf 80' lang='lat' dir='ltr'><strong>reniam</strong></span> 
     </span>
     <span class='ocr_line' id='line_1_97' title="bbox 671 3153 1258 3235; baseline 0.002 -25"><span class='ocrx_word' id='word_1_516' title='bbox 671 3155 856 3235; x_wconf 81' lang='lat' dir='ltr'><strong>postulemus.</strong></span> <span class='ocrx_word' id='word_1_517' title='bbox 872 3156 981 3210; x_wconf 80' lang='lat' dir='ltr'><strong>tiamsi</strong></span> <span class='ocrx_word' id='word_1_518' title='bbox 1007 3153 1055 3210; x_wconf 91' lang='lat' dir='ltr'><strong>ille</strong></span> <span class='ocrx_word' id='word_1_519' title='bbox 1071 3161 1130 3210; x_wconf 88' lang='lat' dir='ltr'><strong>tam</strong></span> <span class='ocrx_word' id='word_1_520' title='bbox 1144 3160 1258 3211; x_wconf 87' lang='lat' dir='ltr'><strong>sanctus</strong></span> 
     </span>
     <span class='ocr_line' id='line_1_98' title="bbox 672 3223 1259 3296; baseline -0.002 -16"><span class='ocrx_word' id='word_1_521' title='bbox 672 3231 699 3280; x_wconf 88' lang='lat' dir='ltr'><strong>et</strong></span> <span class='ocrx_word' id='word_1_522' title='bbox 713 3229 760 3296; x_wconf 89' lang='lat' dir='ltr'><strong>qui</strong></span> <span class='ocrx_word' id='word_1_523' title='bbox 776 3224 858 3295; x_wconf 80' lang='lat' dir='ltr'><strong>regni</strong></span> <span class='ocrx_word' id='word_1_524' title='bbox 874 3230 936 3283; x_wconf 89' lang='lat' dir='ltr'><strong>erat</strong></span> <span class='ocrx_word' id='word_1_525' title='bbox 950 3223 1168 3280; x_wconf 81' lang='lat' dir='ltr'><strong>necessitatibus</strong></span> <span class='ocrx_word' id='word_1_526' title='bbox 1179 3240 1259 3281; x_wconf 90' lang='lat' dir='ltr'><strong>oeru-</strong></span> 
     </span>
     <span class='ocr_line' id='line_1_99' title="bbox 672 3293 1258 3367; baseline 0.002 -17"><span class='ocrx_word' id='word_1_527' title='bbox 672 3301 764 3367; x_wconf 85' lang='lat' dir='ltr'><strong>palus,</strong></span> <span class='ocrx_word' id='word_1_528' title='bbox 781 3295 885 3367; x_wconf 88' lang='lat' dir='ltr'><strong>septies</strong></span> <span class='ocrx_word' id='word_1_529' title='bbox 900 3297 929 3351; x_wconf 93' lang='lat' dir='ltr'><strong>in</strong></span> <span class='ocrx_word' id='word_1_530' title='bbox 949 3293 996 3357; x_wconf 81' lang='lat' dir='ltr'><strong>die</strong></span> <span class='ocrx_word' id='word_1_531' title='bbox 1010 3294 1123 3350; x_wconf 91' lang='lat' dir='ltr'><strong>laudem</strong></span> <span class='ocrx_word' id='word_1_532' title='bbox 1137 3293 1258 3351; x_wconf 85' lang='lat' dir='ltr'><strong>Domino</strong></span> 
     </span>
     <span class='ocr_line' id='line_1_100' title="bbox 672 3364 1257 3435; baseline 0.003 -14"><span class='ocrx_word' id='word_1_533' title='bbox 672 3367 794 3433; x_wconf 88' lang='lat' dir='ltr'><strong>dicebat,</strong></span> <span class='ocrx_word' id='word_1_534' title='bbox 812 3364 958 3433; x_wconf 84' lang='lat' dir='ltr'><strong>matutinis</strong></span> <span class='ocrx_word' id='word_1_535' title='bbox 979 3380 1013 3421; x_wconf 85' lang='lat' dir='ltr'><strong>ae</strong></span> <span class='ocrx_word' id='word_1_536' title='bbox 1027 3364 1194 3435; x_wconf 73' lang='lat' dir='ltr'><strong>vespiertinis</strong></span> <span class='ocrx_word' id='word_1_537' title='bbox 1212 3381 1257 3423; x_wconf 91' lang='lat' dir='ltr'><strong>sa·</strong></span> 
     </span>
     <span class='ocr_line' id='line_1_101' title="bbox 673 3434 1258 3507; baseline 0.002 -15"><span class='ocrx_word' id='word_1_538' title='bbox 673 3436 788 3494; x_wconf 88' lang='lat' dir='ltr'><strong>criticiis</strong></span> <span class='ocrx_word' id='word_1_539' title='bbox 816 3435 958 3505; x_wconf 83' lang='lat' dir='ltr'><strong>intentus,</strong></span> <span class='ocrx_word' id='word_1_540' title='bbox 987 3434 1055 3507; x_wconf 93' lang='lat' dir='ltr'><strong>quid</strong></span> <span class='ocrx_word' id='word_1_541' title='bbox 1084 3450 1136 3491; x_wconf 86' lang='lat' dir='ltr'><strong>nos</strong></span> <span class='ocrx_word' id='word_1_542' title='bbox 1164 3436 1258 3493; x_wconf 86' lang='lat' dir='ltr'><strong>lacere</strong></span> 
     </span>
     <span class='ocr_line' id='line_1_102' title="bbox 672 3505 1257 3589; baseline 0.002 -25"><span class='ocrx_word' id='word_1_543' title='bbox 672 3513 794 3581; x_wconf 88' lang='lat' dir='ltr'><strong>oportet,</strong></span> <span class='ocrx_word' id='word_1_544' title='bbox 821 3505 869 3579; x_wconf 76' lang='lat' dir='ltr'><strong>qui</strong></span> <span class='ocrx_word' id='word_1_545' title='bbox 888 3522 922 3565; x_wconf 90' lang='lat' dir='ltr'><strong>eo</strong></span> <span class='ocrx_word' id='word_1_546' title='bbox 939 3506 1061 3587; x_wconf 83' lang='lat' dir='ltr'><strong>amplius</strong></span> <span class='ocrx_word' id='word_1_547' title='bbox 1087 3522 1189 3589; x_wconf 72' lang='lat' dir='ltr'><strong>rogare</strong></span> <span class='ocrx_word' id='word_1_548' title='bbox 1207 3508 1257 3565; x_wconf 87' lang='lat' dir='ltr'><strong>de·</strong></span> 
     </span>
     <span class='ocr_line' id='line_1_103' title="bbox 672 3580 1258 3652; baseline -0.002 -15"><span class='ocrx_word' id='word_1_549' title='bbox 672 3583 783 3647; x_wconf 83' lang='lat' dir='ltr'><strong>bemus,</strong></span> <span class='ocrx_word' id='word_1_550' title='bbox 808 3595 865 3652; x_wconf 82' lang='lat' dir='ltr'><strong>quo</strong></span> <span class='ocrx_word' id='word_1_551' title='bbox 892 3580 1070 3650; x_wconf 78' lang='lat' dir='ltr'><strong>frequentius</strong></span> <span class='ocrx_word' id='word_1_552' title='bbox 1099 3594 1194 3638; x_wconf 77' lang='lat' dir='ltr'><strong>carme</strong></span> <span class='ocrx_word' id='word_1_553' title='bbox 1224 3595 1258 3637; x_wconf 90' lang='lat' dir='ltr'><strong>ae</strong></span> 
     </span>
     <span class='ocr_line' id='line_1_104' title="bbox 672 3647 1259 3724; baseline 0.003 -17"><span class='ocrx_word' id='word_1_554' title='bbox 672 3651 776 3709; x_wconf 86' lang='lat' dir='ltr'><strong>mentis</strong></span> <span class='ocrx_word' id='word_1_555' title='bbox 786 3650 938 3724; x_wconf 76' lang='lat' dir='ltr'><strong>fragilitate</strong></span> <span class='ocrx_word' id='word_1_556' title='bbox 956 3647 1164 3721; x_wconf 82' lang='lat' dir='ltr'><strong>delinquimus,¹</strong></span> <span class='ocrx_word' id='word_1_557' title='bbox 1178 3655 1210 3708; x_wconf 86' lang='lat' dir='ltr'><strong>ut</strong></span> <span class='ocrx_word' id='word_1_558' title='bbox 1222 3651 1259 3709; x_wconf 86' lang='lat' dir='ltr'><strong>de</strong></span> 
     </span>
     <span class='ocr_line' id='line_1_105' title="bbox 671 3720 1259 3793; baseline 0.009 -17"><span class='ocrx_word' id='word_1_559' title='bbox 671 3724 716 3780; x_wconf 84' lang='lat' dir='ltr'><strong>via</strong></span> <span class='ocrx_word' id='word_1_560' title='bbox 742 3723 836 3792; x_wconf 86' lang='lat' dir='ltr'><strong>lassis,</strong></span> <span class='ocrx_word' id='word_1_561' title='bbox 854 3727 883 3789; x_wconf 87' lang='lat' dir='ltr'><strong>et</strong></span> <span class='ocrx_word' id='word_1_562' title='bbox 905 3720 986 3778; x_wconf 88' lang='lat' dir='ltr'><strong>istius</strong></span> <span class='ocrx_word' id='word_1_563' title='bbox 1001 3721 1093 3780; x_wconf 67' lang='lat' dir='ltr'><strong>’seculi</strong></span> <span class='ocrx_word' id='word_1_564' title='bbox 1110 3739 1204 3793; x_wconf 88' lang='lat' dir='ltr'><strong>eursu,</strong></span> <span class='ocrx_word' id='word_1_565' title='bbox 1226 3739 1259 3781; x_wconf 89' lang='lat' dir='ltr'><strong>ae</strong></span> 
     </span>
     <span class='ocr_line' id='line_1_106' title="bbox 672 3792 1258 3877; baseline 0.005 -28"><span class='ocrx_word' id='word_1_566' title='bbox 672 3796 735 3851; x_wconf 87' lang='lat' dir='ltr'><strong>vitae</strong></span> <span class='ocrx_word' id='word_1_567' title='bbox 755 3797 838 3877; x_wconf 85' lang='lat' dir='ltr'><strong>hujus</strong></span> <span class='ocrx_word' id='word_1_568' title='bbox 861 3792 990 3850; x_wconf 85' lang='lat' dir='ltr'><strong>antra&#39;elu</strong></span> <span class='ocrx_word' id='word_1_569' title='bbox 1013 3794 1137 3865; x_wconf 82' lang='lat' dir='ltr'><strong>graviter</strong></span> <span class='ocrx_word' id='word_1_570' title='bbox 1156 3795 1258 3867; x_wconf 83' lang='lat' dir='ltr'><strong>latiga-</strong></span> 
     </span>
     <span class='ocr_line' id='line_1_107' title="bbox 670 3864 1259 3938; baseline 0.002 -16"><span class='ocrx_word' id='word_1_571' title='bbox 670 3867 716 3937; x_wconf 86' lang='lat' dir='ltr'><strong>tis,</strong></span> <span class='ocrx_word' id='word_1_572' title='bbox 733 3883 813 3938; x_wconf 83' lang='lat' dir='ltr'><strong>panis</strong></span> <span class='ocrx_word' id='word_1_573' title='bbox 831 3864 992 3925; x_wconf 81' lang='lat' dir='ltr'><strong>relectionis</strong></span> <span class='ocrx_word' id='word_1_574' title='bbox 1006 3868 1106 3923; x_wconf 86' lang='lat' dir='ltr'><strong>deesse</strong></span> <span class='ocrx_word' id='word_1_575' title='bbox 1124 3883 1182 3922; x_wconf 93' lang='lat' dir='ltr'><strong>non</strong></span> <span class='ocrx_word' id='word_1_576' title='bbox 1195 3882 1259 3938; x_wconf 89' lang='lat' dir='ltr'><strong>pos·</strong></span> 
     </span>
     <span class='ocr_line' id='line_1_108' title="bbox 670 3936 1260 4009; baseline 0 -15"><span class='ocrx_word' id='word_1_577' title='bbox 670 3939 717 4006; x_wconf 88' lang='lat' dir='ltr'><strong>sit,</strong></span> <span class='ocrx_word' id='word_1_578' title='bbox 738 3937 786 4009; x_wconf 90' lang='lat' dir='ltr'><strong>qui</strong></span> <span class='ocrx_word' id='word_1_579' title='bbox 806 3936 930 3993; x_wconf 90' lang='lat' dir='ltr'><strong>bominis</strong></span> <span class='ocrx_word' id='word_1_580' title='bbox 944 3953 993 3993; x_wconf 90' lang='lat' dir='ltr'><strong>cor</strong></span> <span class='ocrx_word' id='word_1_581' title='bbox 1015 3938 1260 3995; x_wconf 81' lang='lat' dir='ltr'><strong>confirmetlb&#39;ee</strong></span> 
     </span>
     <span class='ocr_line' id='line_1_109' title="bbox 670 4007 1257 4078; baseline -0.005 -12"><span class='ocrx_word' id='word_1_582' title='bbox 670 4009 763 4066; x_wconf 88' lang='lat' dir='ltr'><strong>solum</strong></span> <span class='ocrx_word' id='word_1_583' title='bbox 791 4007 886 4065; x_wconf 90' lang='lat' dir='ltr'><strong>media</strong></span> <span class='ocrx_word' id='word_1_584' title='bbox 914 4014 998 4065; x_wconf 86' lang='lat' dir='ltr'><strong>nocte</strong></span> <span class='ocrx_word' id='word_1_585' title='bbox 1024 4009 1176 4078; x_wconf 72' lang='lat' dir='ltr'><strong>DominuS,</strong></span> <span class='ocrx_word' id='word_1_586' title='bbox 1207 4008 1257 4064; x_wconf 90' lang='lat' dir='ltr'><strong>sed</strong></span> 
     </span>
     <span class='ocr_line' id='line_1_110' title="bbox 670 4080 1256 4152; baseline 0 -15"><span class='ocrx_word' id='word_1_587' title='bbox 670 4080 901 4152; x_wconf 89' lang='lat' dir='ltr'><strong>omuibusprope</strong></span> <span class='ocrx_word' id='word_1_588' title='bbox 915 4080 1180 4151; x_wconf 79' lang='lat' dir='ltr'><strong>doeetaigitandum</strong></span> <span class='ocrx_word' id='word_1_589' title='bbox 1193 4093 1256 4137; x_wconf 86' lang='lat' dir='ltr'><strong>esse</strong></span> 
     </span>
    </p>
   </div>
   <div class='ocr_carea' id='block_1_5' title="bbox 671 4151 1342 4224">
    <p class='ocr_par' dir='ltr' id='par_1_6' title="bbox 671 4151 1342 4224">
     <span class='ocr_line' id='line_1_111' title="bbox 671 4151 1342 4224; baseline -0.007 -16"><span class='ocrx_word' id='word_1_590' title='bbox 671 4151 833 4209; x_wconf 86' lang='lat' dir='ltr'><strong>momentis.</strong></span> <span class='ocrx_word' id='word_1_591' title='bbox 866 4151 1047 4224; x_wconf 81' lang='lat' dir='ltr'><strong>Vigilandum</strong></span> <span class='ocrx_word' id='word_1_592' title='bbox 1066 4155 1110 4207; x_wconf 84' lang='lat' dir='ltr'><strong>est</strong></span> <span class='ocrx_word' id='word_1_593' title='bbox 1132 4160 1247 4221; x_wconf 83' lang='lat' dir='ltr'><strong>semper</strong></span> <span class='ocrx_word' id='word_1_594' title='bbox 1339 4216 1342 4221; x_wconf 25' lang='grc' dir='ltr'>Ι</span> 
     </span>
    </p>
   </div>
   <div class='ocr_carea' id='block_1_6' title="bbox 671 4219 1245 4290">
    <p class='ocr_par' dir='ltr' id='par_1_7' title="bbox 671 4219 1245 4290">
     <span class='ocr_line' id='line_1_112' title="bbox 671 4219 1245 4290; baseline -0.003 -7"><span class='ocrx_word' id='word_1_595' title='bbox 671 4224 769 4283; x_wconf 78' lang='lat' dir='ltr'><strong>multae</strong></span> <span class='ocrx_word' id='word_1_596' title='bbox 790 4221 868 4281; x_wconf 89' lang='lat' dir='ltr'><strong>enim</strong></span> <span class='ocrx_word' id='word_1_597' title='bbox 890 4222 1003 4283; x_wconf 86' lang='lat' dir='ltr'><strong>insidiae</strong></span> <span class='ocrx_word' id='word_1_598' title='bbox 1029 4226 1096 4279; x_wconf 85' lang='lat' dir='ltr'><strong>sunt</strong></span> <span class='ocrx_word' id='word_1_599' title='bbox 1119 4219 1245 4290; x_wconf 66' lang='lat' dir='ltr'><strong>nobiae</strong></span> 
     </span>
    </p>
   </div>
   <div class='ocr_carea' id='block_1_7' title="bbox 0 0 1400 4912">
    <p class='ocr_par' dir='ltr' id='par_1_8' title="bbox 0 0 1400 4912">
     <span class='ocr_line' id='line_1_113' title="bbox 0 0 1400 4912; baseline 0 2"><span class='ocrx_word' id='word_1_600' title='bbox 0 0 1400 4912; x_wconf 95' lang='lat' dir='ltr'><strong> </strong></span> 
     </span>
    </p>
   </div>
  </div>
 </body>
</html>
