2790 4912
394 178 434 234 D!
460 180 663 234 titill'tttlt
691 179 897 234 SALVATORIS
924 179 1057 232 hostili.
1313 182 1344 233 ‘15

104 279 186 335 Patri
200 280 349 348 exhibitis,
369 288 509 339 venerunt
528 299 628 341 omues
647 299 700 356 per
755 284 839 340 istam
851 299 911 340 rem
926 282 1041 354 dignam
1056 286 1196 343 verbovel
1211 288 1343 344 recorda·

102 349 228 407 ordines
252 367 320 409 snos
340 352 437 410 ridere
462 353 564 411 faciem
585 354 699 412 Domini
754 353 843 424 tione,
859 355 933 426 qnod
944 358 1111 422 factumest,
1123 358 1198 428 quod
1211 361 1342 414 Dominus

105 419 156 478 Dei
175 422 234 490 sui,
259 429 289 479 ct
310 423 465 481 adorantes
491 441 568 494 eum,
587 433 616 483 et
640 442 699 482 ma·
753 425 830 494 iecit,
846 425 913 497 quia
927 425 998 482 alius
1016 427 1109 484 lacere
1124 445 1181 485 non
1196 428 1298 500 potuit,
1314 436 1342 485 et

105 496 180 550 trem
210 493 313 565 ipsius,
341 511 404 551 curn
432 496 510 552 omni
535 497 698 554 reverentia
753 498 882 560 ostendit,
894 496 922 553 id
938 503 980 552 est
998 499 1144 567 revelavit,
1155 501 1244 557 nohis.
1256 501 1340 568 Quasi

104 563 199 621 laudis
213 564 309 622 eidem
343 568 695 636 ersonabantetoantica;
752 567 881 625 dicerent
902 568 1079 626 :Videamus
1099 586 1218 642 puerum
1241 577 1339 628 natum

106 634 170 717 quis
197 635 278 692 enim
305 581 430 719 iliorum,
451 638 564 720 ⁸talibus
591 639 697 696 auditis
751 654 803 710 per
825 641 942 721 verbum
957 639 1058 710 Angeli
1078 641 1161 698 nobis
1178 642 1337 714 signatum;

105 720 208 774 ndns,
236 716 424 766 remansisset
450 726 480 766 1n
507 710 596 779 coelo,
625 713 696 782 quin
751 712 868 767 verbum
897 726 973 767 emm
1006 711 1051 767 vel
1077 728 1171 769 sermo
1198 715 1228 769 in
1257 730 1339 770 sacra

105 775 249 835 dsnmot
275 779 425 837 Dominum
444 797 526 838 suum
542 780 583 838 sic
601 783 695 839 humi·
751 781 906 852 Scriptura,
923 797 999 853 saepe
1018 798 1069 853 pro
1093 799 1124 840 re
1146 783 1232 855 digna
1250 786 1338 843 verbo

106 845 170 904 liter
193 849 382 907 constitutum
402 851 433 908 iu
457 853 554 909 terrai
567 854 598 909 iu
617 852 695 910 nullo
750 852 896 925 accipitur,
911 858 941 909 ut
957 853 985 908 in
1004 852 1077 909 isaia
1100 858 1185 913 :Non
1198 858 1256 922 suit
1274 872 1336 911 ver-

105 932 205 975 surum
234 921 337 978 cadere
367 921 506 994 potuisset
530 925 592 980 haec
615 928 695 980 lanta
751 924 822 991 hum,
842 927 874 978 in
892 925 971 980 domo
990 940 1051 990 suu,
1068 924 1096 979 id
1116 930 1160 980 est
1185 942 1231 982 res
1249 943 1336 997 gran·

104 990 249 1062 superbia.
281 992 360 1048 Unde
377 994 555 1064 Apostolus:
578 998 694 1052 Etcum
749 993 803 1063 dis,
822 996 896 1065 quod
913 1012 967 1051 non
985 996 1137 1051 ostenderet
1156 1000 1206 1053 cis.
1224 997 1273 1054 Vel
1293 998 1334 1054 ri·

103 1061 259 1118 introducit
292 1067 509 1133 Primopenitum
546 1070 577 1122 in
602 1067 694 1121 orbem
749 1065 867 1122 doamus
888 1067 942 1122 hoc
961 1067 1097 1135 Verbum,
1118 1067 1194 1138 quod
1219 1073 1280 1125 erat
1304 1068 1335 1125 in

102 1135 250 1198 term,
265 1135 407 1192 dicitciit
425 1136 540 1192 adorent
557 1152 617 1193 eam
636 1153 693 1194 ont·
748 1137 887 1208 principio
920 1137 995 1209 apud
1029 1138 1162 1207 Patrem,
1192 1140 1335 1209 quomodo

102 1218 150 1259 nea
166 1205 275 1274 Anpeli
298 1208 357 1262 Dei.
380 1207 460 1263 Unde
485 1210 692 1277 Augustinus:
749 1222 815 1263 caro
852 1208 957 1263 iactum
986 1212 1049 1274 est;
1077 1208 1143 1279 quia
1175 1225 1239 1265 curn
1268 1226 1334 1267 caro

103 1292 117 1326 c
141 1275 173 1330 ln
203 1276 316 1333 stabulo
338 1277 474 1346 nascitur,
499 1283 528 1336 et
555 1295 572 1336 a
601 1285 693 1337 matre
749 1277 860 1333 Domini
890 1277 980 1334 nostri
1008 1277 1267 1346 ridetur‚Verhum
1289 1280 1333 1336 ri-

102 1344 193 1401 hiaria
211 1346 261 1403 rili
276 1347 364 1404 lascia
383 1349 516 1420 cingitur,
533 1355 561 1407 et
575 1349 605 1406 in
617 1367 691 1423 prae-
747 1348 830 1405 detur
849 1349 924 1420 quod
945 1347 1030 1405 Filius
1053 1354 1111 1415 est;
1127 1349 1202 1420 quod
1227 1351 1332 1406 iactum

100 1415 180 1497 sepio
211 1419 376 1476 reclinatur.
407 1422 467 1476 Non
493 1427 554 1477 crat
588 1421 614 1478 ei
645 1437 691 1478 ce·
747 1424 809 1488 est,
836 1420 912 1490 quod
946 1425 1008 1500 tola
1032 1419 1156 1477 Trinitas
1189 1421 1332 1478 incarnari

100 1486 186 1543 dnna
205 1488 320 1560 domus,
334 1506 385 1547 nec
400 1490 489 1547 lectus
504 1493 648 1549 eburneus
663 1494 691 1549 in
746 1490 902 1558 constituit,
931 1496 960 1546 et
986 1507 1026 1547 sic
1054 1491 1159 1547 lactum
1187 1490 1331 1549 hominem

100 1573 155 1629 gno
179 1566 299 1632 pareret
318 1563 501 1631 Creatorem,
517 1568 546 1618 et
562 1562 691 1619 omnium
746 1561 853 1617 scilicet
880 1562 1050 1628 mortalem,
1077 1561 1203 1618 ostendit
1231 1562 1331 1633 nobis,

99 1636 223 1700 poneret
240 1632 471 1715 Redemptorem.
493 1632 600 1689 idcirco
614 1633 692 1689 velut
746 1631 813 1703 quia
834 1631 863 1687 in
886 1633 992 1690 deitate
1021 1633 1109 1689 videri
1130 1650 1189 1689 non
1207 1639 1330 1705 poterat.

98 1700 160 1756 exul
190 1706 221 1758 et
248 1718 410 1774 peregmna,
426 1704 456 1759 in
475 1703 570 1760 aliena
593 1703 689 1773 domo,
744 1705 781 1757 Et
801 1710 933 1760 renuunt
949 1708 1124 1772 festinantes.
1158 1704 1332 1776 rincipaliter

98 1771 200 1828 mundi
225 1773 378 1830 Dominum
404 1774 532 1846 peperit,
560 1779 589 1831 et
615 1780 689 1831 tam·
745 1789 777 1829 ex
797 1775 959 1831 vehementi
975 1776 1078 1848 gaudio
1092 1781 1121 1832 et
1135 1720 1277 1833 gesiderio
1292 1777 1332 1832 vi-

96 1857 184 1913 quam
200 1843 308 1901 semina
318 1860 437 1917 pauper,
450 1862 507 1902 non
520 1844 629 1913 sericis,
638 1846 689 1902 sed
743 1845 827 1900 dendi
842 1845 980 1902 infantem
993 1851 1102 1915 natum,
1116 1853 1144 1903 et
1162 1847 1329 1906 secundario

94 1913 205 1984 panius
224 1915 327 1972 vilibus
345 1916 473 1984 involvit,
490 1916 563 1973 etin
581 1932 687 1988 praese-
744 1921 774 1972 ut
795 1916 879 1973 citius
905 1918 1031 1974 redirent
1053 1918 1089 1974 ad
1109 1934 1225 1989 gregem
1245 1935 1328 1976 suum

92 1984 580 2116 piocollocarit;quemutpegerit,
591 1987 687 2045 statim
742 1986 805 2044 sine
822 1988 951 2045 custodia
967 1989 1136 2056 dimissum
1153 1989 1183 2045 in
1198 2005 1255 2071 quo
1279 2006 1329 2047 no-

94 2060 127 2111 nt
140 2056 236 2113 Deum
255 2058 433 2115 adoravit.0
453 2065 498 2116 sta
519 2059 596 2116 ulum
611 2059 686 2129 lclix,
742 2062 818 2115 tatur
844 2075 944 2116 eorum
972 2060 1085 2117 devotio
1110 2065 1139 2116 et
1167 2061 1327 2126 sollicitudo

91 2140 225 2200 praesepe
250 2130 376 2199 beatum,
404 2128 434 2185 in
466 2146 533 2201 quo,
560 2130 687 2186 nascitur
741 2131 908 2200 quaerendi:
935 2147 1017 2188 nemo
1040 2131 1195 2187 enimcum
1217 2130 1328 2188 desidia

96 2197 238 2268 Christus,
249 2205 278 2256 et
291 2201 447 2257 reclinatur
456 2200 583 2257 omniurn
597 2202 684 2258 Deusl
742 2216 883 2271 quaerens,
894 2202 1035 2258 Christum
1045 2201 1172 2258 invenire
1185 2208 1309 2259 meretur
1317 2221 1326 2272 ;

91 2268 131 2325 lhi
146 2269 263 2327 inerunt
273 2273 440 2328 obstetrices
451 2271 588 2343 angelica
605 2274 685 2329 Pote·
740 2271 776 2327 ad
804 2288 899 2342 quem,
916 2273 1071 2328 secundum
1103 2272 1215 2337 Dedam,
1246 2274 1325 2329 iesti-

91 2344 193 2409 slates,
220 2348 249 2399 et
278 2342 412 2399 solatium
431 2344 622 2414 Angelorum
643 2343 683 2401 lbi
741 2348 842 2398 nanter
861 2343 914 2411 ire,
935 2348 989 2411 est,
1007 2359 1064 2399 non
1101 2342 1186 2398 edum
1210 2359 1326 2414 gressus

90 2416 176 2467 erant
202 2413 292 2470 millia
317 2414 439 2471 millium
466 2413 681 2482 exsultantium
739 2413 909 2480 accelcrare,
939 2413 988 2468 sed
1017 2413 1045 2468 in
1073 2359 1131 2468 Xde
1154 2429 1267 2484 semper
1291 2429 1325 2470 ac

89 2480 128 2538 ihi
142 2482 415 2553 vagiebatChristns
429 2484 457 2541 in
468 2485 683 2552 stabulo,elile-
738 2483 840 2539 virtute
863 2484 1012 2554 proficere.
1033 2487 1070 2539 Et
1088 2488 1249 2539 invenerunt
1268 2487 1326 2540 Ma·

89 2552 139 2610 hat
153 2553 256 2611 laetitia
266 2571 369 2626 magna
380 2556 407 2612 in
416 2556 499 2612 coelo.
512 2556 681 2613 Plorabatin

88 2624 681 2699 presepiocnristuspttamenseipsam-

87 2695 177 2752 sultat
187 2697 339 2754 multitudo
350 2697 631 2767 coelestisexercitus,
639 2714 681 2754 re-

87 2781 197 2824 sonans
211 2770 270 2825 Deo
289 2768 410 2839 gloriam
431 2769 461 2825 iu
481 2768 636 2837 altissimis,
652 2777 681 2825 et

87 2834 117 2893 in
126 2842 207 2896 tem
216 2855 316 2911 pacem
330 2840 504 2897 annuntians
517 2840 679 2897 hominibus

88 2907 173 2966 honae
196 2909 365 2973 voluntatis,
387 2912 455 2983 quia
480 2911 593 2968 bonitas
614 2911 677 2968 coeli

86 2984 155 3036 nata
174 2987 239 3038 erat
255 2980 286 3038 in
307 2983 403 3039 terris.
419 2983 610 3040 Descenderat
623 2998 678 3054 pax

88 3065 157 3108 vera
175 3053 212 3109 de
233 3053 316 3122 coelo,
331 3059 360 3109 ct
379 3055 444 3111 inde
461 3052 561 3125 Angeli
581 3058 678 3126 gratu·

84 3119 181 3179 lantes
200 3123 393 3181 decantabant
409 3124 530 3197 gloriam
549 3124 578 3180 in
596 3123 676 3180 altis-

83 3193 168 3249 simis
195 3195 265 3252 Deo.
296 3197 445 3253 Exsultant
471 3194 583 3267 Angeli,
612 3210 678 3251 con-

83 3264 228 3321 tremiscit
248 3267 348 3334 Maria,
371 3269 461 3323 Mater
486 3265 536 3323 Dei
562 3265 673 3322 allecta.

84 3334 483 3408 Gaudenthngclidechristo
491 3336 674 3409 tripudiando

83 3419 198 3475 secure,
217 3413 283 3464 ante
306 3424 391 3480 quem
410 3414 467 3465 stat
485 3410 590 3476 Mater3
610 3424 674 3464 cum

83 3491 193 3549 magno
207 3484 332 3536 tremore
346 3485 375 3536 et
388 3479 491 3536 timore
512 3479 633 3536 exsultat
646 3483 675 3535 et

83 3549 453 3607 cnmexsultationetlmida
462 3555 642 3623 perseverat:
657 3570 671 3599 »

85 3618 151 3676 haec
170 3622 354 3690 Anpustinas.

125 3696 157 3747 16
175 3693 315 3749 Pssrouas
330 3709 511 3749 rasmnnurnn
525 3710 559 3748 nn
574 3709 676 3750 ransa-

85 3778 140 3818 rsu
157 3779 285 3820 moruus.
301 3794 336 3804 -
350 3767 387 3820 Et
400 3769 464 3836 post
481 3764 552 3834 haec,
567 3769 598 3819 ut
614 3763 673 3819 dis·

83 3840 225 3890 erasmi
250 3836 286 3890 ch
312 3837 352 3890 eia
374 3835 477 3904 Anpeli
502 3837 533 3891 in
558 3835 672 3895 celum.

82 3910 212 3978 pastores
231 3905 472 3977 monebanturcd
493 3907 611 3961 inuicem
628 3904 671 3960 di·

82 3980 199 4034 dentes:
212 3979 396 4033 Transeamus
404 3992 493 4047 usque
501 3977 669 4040 Bethlehem,

82 4046 121 4105 de
133 4063 192 4120 qua
205 4048 290 4106 nohis
302 4048 410 4106 dictum
420 4053 472 4116 est,
487 4053 513 4104 ct
526 4049 671 4104 uideamur

80 4117 123 4176 ihi
137 4119 230 4177 oculis
245 4119 352 4178 nostris
370 4120 423 4203 toa¹
436 4119 558 4184 verdum
573 4118 668 4188 idest,

736 2557 810 2609 riam
833 2560 859 2609 ct
879 2556 987 2625 Joscpn,
1005 2560 1032 2609 et
1050 2556 1189 2620 infantem
1201 2557 1323 2625 positum

737 2628 767 2679 in
787 2628 931 2696 presepio.
958 2628 996 2681 Ex
1020 2624 1195 2682 abundantia
1219 2625 1323 2697 quippe

736 2697 823 2767 pacis,
842 2712 898 2767 qua
915 2702 982 2752 tunc
1001 2697 1131 2754 homines
1150 2697 1322 2769 gaudebant,

734 2773 762 2822 et
776 2774 891 2839 propter
905 2768 1047 2839 hospitum
1062 2768 1322 2839 supervenientium

734 2838 1021 2911 frequentiamportae
1035 2857 1092 2896 non
1106 2840 1311 2898 claudebantur

733 2908 798 2965 ideo
827 2915 955 2981 pastores
985 2916 1066 2968 noclc
1093 2910 1203 2968 intrare
1232 2917 1259 2968 el
1285 2884 1322 2968 acl

734 2981 856 3037 Puerum
884 2982 981 3038 venire
1009 2989 1151 3054 poterant.
1176 2981 1322 3038 invenitur

735 3052 863 3109 Christus
886 3069 950 3108 cum
972 3053 1060 3109 illaria
1080 3053 1207 3122 Virgine,
1226 3059 1253 3109 et
1276 3055 1323 3110 lo·

732 3124 802 3194 seph
819 3123 880 3179 viro
896 3124 985 3194 justo,
996 3129 1025 3180 et
1044 3124 1073 3179 iu
1092 3125 1231 3194 praesepio
1248 3138 1320 3193 :per

731 3194 807 3263 quod
818 3194 964 3262 docemur,
975 3195 1051 3265 quod
1064 3194 1111 3264 qui
1122 3194 1181 3248 vult
1191 3193 1319 3249 invenire

730 3265 884 3333 Christum,
904 3264 989 3320 debet
1011 3264 1117 3320 habere
1148 3262 1317 3319 munditiam

730 3335 824 3391 cordis
847 3339 978 3405 respectu
1007 3334 1060 3401 sui,
1082 3334 1159 3404 quod
1187 3348 1239 3405 per
1261 3335 1318 3389 hla-

729 3405 802 3461 riam
831 3405 994 3477 Virginem;
1020 3404 1160 3476 justitiam
1186 3411 1317 3476 respectu

729 3475 860 3548 proximi,
877 3476 952 3546 quod
979 3492 1031 3547 per
1058 3478 1163 3547 loseph
1188 3476 1315 3558 Justum;

729 3552 758 3604 el
785 3546 973 3603 humilitatem
996 3561 1030 3603 ac
1057 3553 1247 3605 reverentiam
1269 3566 1317 3605 re·

729 3625 829 3691 spectu
852 3618 913 3687 Dei,
939 3619 1015 3701 quod
1042 3635 1094 3691 per
1114 3619 1220 3676 humile
1240 3636 1315 3692 praa·

729 3690 839 3762 sepium
875 3689 1014 3747 innuitur.
1047 3691 1191 3747 invenitur
1218 3700 1314 3749 autem

730 3761 858 3819 Christus
881 3762 1024 3818 mediante
1050 3761 1139 3818 illaria
1151 3768 1179 3817 et
1195 3764 1313 3835 loseph,

728 3830 757 3888 id
774 3838 827 3900 est,
842 3832 1083 3904 contemplatione
1101 3839 1130 3890 et
1145 3833 1266 3901 actione,
1282 3833 1313 3890 in

728 3903 809 3973 quus
824 3903 945 3974 liguram
959 3906 1056 3973 lacob,
1066 3905 1113 3976 qui
1129 3909 1158 3960 et
1171 3904 1268 3971 lsrael,
1283 3902 1313 3959 id

727 3980 781 4043 est,
792 3975 887 4029 uiduus
901 3979 985 4031 Deum
999 3975 1090 4032 dictus
1098 3980 1151 4042 est,
1162 3981 1312 4043 utramque

725 4060 852 4112 uxorem,
865 4044 973 4104 scilicet
987 4047 1092 4103 Rachel
1116 4050 1145 4102 ct
1163 4045 1240 4101 Liam
1259 4044 1311 4097 ha·

724 4115 795 4173 buit.
814 4117 943 4175 Violenter
962 4123 1054 4174 antem
1067 4115 1157 4173 oculis
1177 4125 1309 4183 corpora·
