2790 4912
240 281 280 333 Db
307 278 496 332 vocatibus
522 281 682 335 uariunt
711 284 750 336 at
777 283 854 336 urbs
881 280 1063 338 cortilio.
1224 292 1271 344 253

63 381 132 439 rima
160 396 214 437 sua
242 379 432 437 conversione
458 382 635 451 peccantium

689 383 862 441 illius.Unde
877 385 989 456 quando
1000 385 1128 459 discipuli
1140 385 1273 447 videban-

63 469 156 526 regem
172 458 236 525 post
249 468 280 507 se
301 451 387 508 trahit
403 451 439 508 ad
455 453 587 522 salutern,
606 460 637 510 ut
690 460 736 512 tur
750 455 791 512 eis
803 473 930 527 peccare,
949 457 1006 513 allo
1027 460 1166 516 uebantur
1186 461 1274 533 blagi-

63 524 634 596 unperliceretexemple,quedperlicere

63 595 163 655 lebebat
177 602 205 652 et
222 596 320 651 verbo.
340 594 392 651 Ubi
410 595 634 664 chrysostomus:

63 672 155 725 :Post
189 667 404 735 comprobatam
428 665 516 738 igitur
548 668 634 724 lldem

63 738 185 807 balnei,
221 737 272 809 qui
299 754 374 794 unus
407 753 440 793 ex
474 739 635 810 publicanis

63 808 108 879 init,
122 811 223 866 merito
233 810 294 879 jnm
310 825 375 866 cum
390 809 509 866 Domino
524 809 554 866 in
567 828 635 868 con-

66 881 119 939 n'rio
131 887 296 955 peccatores
315 887 344 937 et
360 880 503 952 publicani
519 898 632 938 recum-

67 952 132 1022 lxnt;
143 952 318 1010 conveniunt
329 957 425 1008 autem
436 952 582 1025 publicani
596 955 632 1010 ad

68 1039 111 1083 un
130 1026 202 1082 sicut
217 1024 253 1080 ad
274 1024 412 1094 collegam
434 1030 462 1080 et
486 1024 632 1082 hominem

67 1097 168 1168 ejudem
200 1096 306 1162 ollicii3
328 1095 480 1153 decoratus
505 1096 631 1152 enimin

65 1168 171 1240 ingressu
192 1165 307 1234 Christi,
323 1170 352 1223 et
369 1167 495 1238 glorians
508 1169 543 1223 de
559 1184 631 1238 prar-

64 1239 135 1296 ttntia
159 1241 231 1311 ejus,
258 1253 357 1294 omnes
378 1255 428 1294 eos
456 1240 630 1296 convocavit.

63 1309 172 1367 tibristus
197 1310 283 1366 eliam
305 1309 453 1380 quodlibet
475 1326 566 1381 gorius
585 1327 630 1367 re-

63 1382 131 1439 nodii
150 1381 312 1448 exhibebat,
329 1386 358 1436 et
378 1397 436 1437 non
461 1383 552 1437 solum
576 1382 632 1439 dis-

63 1451 632 1579 {cundoetpraestandosanitatnmreme-

74 1523 107 1593 ia,
118 1525 158 1581 rel
173 1524 320 1594 arquepdo
338 1525 466 1592 aurulas,
482 1525 631 1580 sedetiam

63 1596 244 1662 caedendo,
285 1595 438 1650 nonnullos
475 1596 631 1652 errantium

63 1664 200 1739 lin'gebat;
225 1666 290 1722 inde
318 1682 370 1722 nos
391 1665 534 1722 instruens
555 1667 631 1738 quod

63 1738 191 1807 quodlibet
204 1754 276 1810 opus
296 1743 323 1793 et
344 1743 456 1809 tempus
471 1744 563 1809 potest
579 1755 629 1793 no·

63 1806 97 1864 ris
110 1809 256 1865 utilitatem
273 1809 392 1877 afferre,
404 1809 443 1864 sic
466 1826 518 1864 nec
542 1809 632 1881 publi-

63 1892 177 1936 ·anorum
191 1879 440 1952 participationem
452 1879 559 1948 vitarit,
569 1897 632 1952 pro-

63 1956 112 2018 ater
122 1951 271 2007 utilitatem
287 1958 463 2022 sequentem,
473 1968 551 2007 more
565 1951 632 2007 boni

63 2022 160 2086 medici,
180 2023 227 2094 qui
248 2021 304 2077 nisi
331 2022 440 2079 saniem
459 2028 597 2094 tangeret,
616 2039 633 2078 a

63 2094 142 2156 norbo
158 2111 215 2149 non
229 2093 376 2150 liberaret.
393 2116 407 2145 n
425 2095 504 2150 Unde
520 2100 547 2149 et
566 2097 630 2150 llic-

63 2176 192 2234 ·onprnus:
211 2188 225 2214 u
241 2166 302 2221 lbat
321 2171 417 2221 autem
435 2165 572 2221 Dominus
595 2166 631 2222 ad

63 2235 170 2292 toaiiria
192 2242 383 2307 peccatorum,
404 2242 434 2293 ut
453 2237 630 2293 occasionem

63 2306 160 2364 taboret
173 2307 304 2374 docendi,
315 2313 343 2363 et
354 2307 514 2381 spirituales
528 2307 629 2364 invita·

63 2377 152 2435 oribus
166 2379 225 2435 suis
241 2380 382 2451 praeberet
395 2379 482 2436 cibos.
501 2379 629 2450 lienique

63 2459 109 2505 :an
121 2451 285 2522 frequenter
304 2466 422 2523 pergere
443 2451 480 2507 ad
500 2452 629 2507 convivia

63 2516 230 2591 lescribatur,
246 2521 317 2577 nibil
339 2523 461 2579 retertur
474 2521 561 2590 aliud,
576 2521 628 2577 nisi

63 2591 113 2663 qaid
140 2593 178 2650 ibi
205 2592 315 2661 lecerit,
338 2594 405 2665 quid
432 2593 570 2662 docuerit,
600 2598 630 2649 ut

63 2669 76 2719 it
95 2664 240 2721 humilitas
260 2667 332 2736 ejus,
356 2666 450 2722 cundo
474 2667 510 2721 ad
533 2681 629 2737 pecca·

63 2751 129 2804 ores,
154 2743 183 2792 et
199 2735 326 2808 potentia
355 2737 490 2793 doctrinae
519 2737 580 2808 ejus
599 2735 629 2791 in

63 2807 227 2865 obversione
240 2807 438 2879 penitentium
454 2809 629 2864 demonstra-

63 2882 120 2936 etur
148 2899 156 2935 :
184 2899 198 2933 n
224 2881 285 2935 hac
309 2882 499 2949 Hieronymus.
522 2882 554 2935 Et
577 2895 629 2934 nos

63 2950 141 3007 adem
168 2966 253 3007 causa
280 2966 430 3022 possumus
456 2950 628 3006 manducare

63 3037 106 3078 nm
123 3020 331 3094 peccatoribus,
346 3027 377 3078 ut
398 3021 515 3078 alterius
542 3038 629 3078 causa

63 3092 134 3149 otius
163 3109 250 3164 quam
285 3099 384 3149 nostra
418 3100 541 3165 agatur3
570 3109 628 3148 non

63 3179 137 3221 imon
164 3181 228 3220 curn
254 3164 392 3222 usurariis
409 3172 438 3221 et
454 3164 627 3236 raptoribus,

63 3233 110 3291 uia
131 3251 167 3291 ea
186 3251 249 3307 quae
270 3242 460 3309 apponuntur,
477 3235 627 3292 restituere

63 3312 186 3362 tuentur.
491 3358 494 3363 ,

75 3383 92 3444 4
104 3379 288 3435 Musaniano
296 3381 504 3437 anmsnonux.
514 3411 547 3422 -
558 3383 631 3438 Scri-

63 3463 165 3505 axero
184 3456 210 3505 et
228 3453 372 3513 Pharisaei.
386 3451 530 3508 tenacitati
543 3450 628 3523 justi-

63 3535 88 3577 ae
127 3519 209 3591 legis
240 3528 268 3578 et
294 3523 478 3580 traditionum
512 3538 629 3579 suarum

63 3590 232 3661 inserentes,
249 3599 277 3649 et
301 3594 525 3651 misericordiam
545 3594 630 3650 decli·

63 3667 153 3730 antes,
169 3664 292 3720 videntes
314 3682 348 3722 ac
367 3667 402 3722 de
417 3668 471 3722 hoc
488 3663 629 3736 indignati

63 3737 263 3800 recurrebant,
280 3742 308 3793 et
332 3739 386 3794 hoc
408 3747 569 3810 arguentes,
585 3738 629 3791 di-

63 3805 139 3861 rbent
166 3807 313 3879 discipulis
339 3810 398 3879 ejas
426 3810 544 3876 :Quare
570 3824 630 3863 carm

63 3877 199 3933 stiliconis
223 3884 248 3933 ct
270 3882 459 3951 peccatoribus
483 3880 631 3935 manducat

63 3952 68 4001 t
86 3948 157 4004 bibit
171 3953 307 4019 Magister
323 3955 431 4007 cester?
447 3950 532 4019 Quasi
554 3950 630 4006 dicc-

63 4025 107 4076 ent
124 4037 130 4074 :
146 4021 315 4080 Contrarias
331 4027 374 4080 est
388 4023 456 4095 Legi
470 4025 523 4079 hoc
538 4022 632 4094 probi-

63 4089 129 4161 enti,
145 4097 175 4148 et
192 4093 260 4149 estis
280 4094 349 4151 latui
368 4094 415 4166 qui
438 4094 523 4151 talem
544 4092 631 4164 blagi-

63 4170 135 4221 :rum
163 4165 326 4236 sequimini.
346 4166 525 4224 Consuetudo
541 4166 633 4220 detra-

63 4237 155 4294 lorum
170 4244 215 4294 est
229 4237 306 4310 loqui
320 4239 356 4295 de
369 4237 437 4308 alio,
449 4253 509 4295 non
518 4235 549 4294 in
560 4233 632 4293 lacie

689 534 778 582 strum
791 535 822 583 ut
833 527 915 596 alibi3
927 475 1041 600 quanio
1052 547 1118 588 vero
1128 535 1274 605 Magister,

688 599 910 668 alloquebantur
936 600 1108 672 discipulos,
1149 611 1179 659 ut
1207 605 1270 673 liic;

689 671 839 741 utrobique
858 675 953 727 tamen
972 672 1002 728 in
1023 674 1188 744 blagistrum
1202 676 1274 747 inju-

689 740 761 797 riam
781 741 952 812 irrogantes,
972 743 1039 814 quia
1057 761 1138 802 error
1155 746 1277 818 discipu·

689 813 782 869 lorum
812 812 969 883 ignominia
991 822 1035 871 cst
1062 817 1273 888 magistrorum.

689 883 733 940 Sic
760 884 844 940 bodie
872 885 979 941 iaciunt
1003 887 1176 945 detractores
1200 891 1275 946 bona

688 956 763 1012 lacta
783 956 975 1012 membrorum
999 957 1101 1014 Cliristi
1123 960 1275 1032 denigran-

688 1033 740 1083 tes.
762 1027 915 1099 Dupliciter
928 1027 973 1083 isti
989 1031 1134 1099 errabant,
1150 1031 1275 1103 quiapu-

688 1100 786 1154 tabant
813 1115 843 1155 se
872 1116 934 1155 esso
957 1100 1136 1170 justos,cum
1160 1102 1275 1173 superbi

688 1175 800 1236 essent;
822 1175 850 1225 et
867 1171 929 1226 illos
955 1187 1029 1233 reos.
1045 1188 1108 1227 cum
1130 1173 1189 1243 jam
1215 1189 1274 1243 poe-

689 1241 834 1308 niterent,
860 1241 967 1297 similes
997 1243 1140 1297 Pharisauo
1170 1243 1216 1313 qui
1245 1259 1276 1300 so

685 1311 859 1383 justificabat
886 1317 913 1366 et
946 1311 1016 1367 alios
1056 1314 1273 1371 condemnabat.

689 1386 761 1439 Vera
782 1383 892 1453 Justitia
924 1382 1148 1454 compassionem
1177 1385 1274 1453 habet,

688 1454 760 1510 ialsa
789 1452 1030 1524 dedignationem.
1062 1454 1158 1511 Solent
1187 1453 1274 1510 etiam

685 1525 754 1597 justi
765 1524 960 1596 peccatoribus
969 1525 1125 1597 indignari3
1137 1525 1275 1583 sedaliud

688 1602 730 1652 est
749 1597 824 1667 quod
842 1599 936 1668 agitur
951 1601 1015 1679 typo
1031 1597 1180 1667 superbiae,
1198 1596 1276 1652 aliud

688 1668 762 1738 quod
783 1668 841 1724 zelo
864 1667 1099 1740 disciplinandis
1123 1667 1275 1725 Pharisaeis

687 1738 794 1794 similes
828 1745 903 1809 sunt,
934 1740 981 1811 qui
1012 1739 1179 1796 traditiones
1209 1754 1275 1795 suas

687 1810 836 1892 praeceptis
860 1811 971 1866 bomini
993 1816 1022 1867 et
1040 1811 1173 1882 operibus
1190 1810 1275 1866 mise-

688 1882 817 1937 ricordia·
847 1888 1026 1955 praeponunt,
1056 1882 1180 1938 colentes
1211 1897 1275 1938 cum

687 1953 823 2025 appetitu,
836 1960 864 2010 et
878 1959 1064 2026 exsequentes
1081 1970 1143 2011 cum
1157 1953 1276 2026 diligen·

688 2024 727 2081 tie
748 2025 865 2082 culicem
894 2042 1009 2083 suarum
1034 2025 1226 2094 traditionum,
1247 2028 1276 2081 et

687 2096 875 2177 deglutientes
907 2099 1046 2155 camelum
1072 2099 1273 2154 mandaterum

687 2170 747 2236 liei,
764 2184 797 2223 ac
817 2170 951 2226 mandata
975 2170 1095 2226 maxime
1114 2169 1198 2225 saluti
1223 2185 1274 2225 ne·

687 2239 821 2306 cessaria,
851 2241 931 2311 quasi
961 2258 1059 2296 amara
1086 2241 1141 2296 cito
1167 2241 1275 2296 exhau-

687 2310 794 2365 rientes
807 2315 835 2365 et
847 2313 1043 2379 praetereundo
1060 2316 1271 2382 postponentes.

723 2382 883 2435 5Clliitsnt's
903 2398 1050 2436 RESPONDIT
1071 2399 1110 2434 Eis
1127 2397 1207 2434 saluo
1222 2397 1272 2435 PER

685 2468 830 2506 naciones.
843 2452 941 2507 —Sed
957 2451 1025 2522 ipsis
1037 2450 1187 2506 Pharisaeis
1197 2466 1272 2506 mur-

686 2521 864 2579 murantibus
895 2522 989 2578 obviat
1021 2520 1131 2575 Domini
1163 2519 1272 2575 miseri·

687 2593 792 2659 cordia,
807 2608 965 2664 provocans
982 2598 1144 2662 peccatores
1161 2591 1198 2645 ad
1213 2606 1271 2662 poe·

686 2664 835 2721 nitentiam
852 2683 859 2720 :
877 2664 963 2735 eujus
979 2662 1068 2731 cibuS,
1087 2667 1114 2718 et
1133 2667 1227 2742 potus,
1243 2665 1273 2717 et

686 2736 851 2803 ambulatio,
867 2740 895 2792 et
911 2734 1008 2792 omnia
1030 2750 1093 2806 quae
1110 2738 1208 2804 gessit,
1224 2749 1269 2788 sa-

686 2808 734 2863 luti
752 2807 893 2876 serviunt3
914 2809 994 2879 cujus
1015 2806 1109 2863 omnis
1125 2804 1199 2862 actio
1220 2821 1271 2862 ne·

686 2885 744 2935 stra
766 2886 808 2935 est
830 2880 913 2935 lectio
936 2885 965 2935 et
985 2878 1148 2946 instructi03
1168 2880 1272 2934 aella-

685 2950 782 3022 gister,
806 2953 886 3022 cujus
918 2950 1006 3008 livore
1040 2950 1130 3008 sanati
1164 2965 1272 3021 sumus,

686 3024 809 3094 seipsum
837 3022 976 3081 niedicum
1001 3025 1146 3081 coelestem
1172 3030 1272 3080 osten·

686 3094 765 3163 dens,
794 3110 844 3166 pro
873 3096 1019 3178 discipulis
1043 3096 1101 3152 suis
1123 3092 1272 3167 respondit

687 3166 837 3222 Pharisaeis
854 3174 883 3223 et
898 3167 1000 3224 Scribis
1018 3167 1271 3232 murmurantibus,

685 3237 776 3308 primo
789 3254 839 3308 per
848 3238 988 3293 rationem
1000 3254 1007 3291 ι
1020 3240 1057 3291 At
1067 3241 1144 3291 Jesus
1157 3236 1272 3290 audiens

685 3311 726 3363 cit
741 3325 748 3363 ε
764 3312 825 3366 Non
841 3314 881 3362 est
901 3324 967 3378 opus
982 3307 1147 3367 valentibus,
1169 3304 1197 3358 id
1217 3306 1271 3369 est,

685 3378 776 3446 sanis,
796 3378 925 3440 medicas,
946 3392 1044 3432 rerum
1064 3379 1107 3430 est
1125 3373 1161 3428 ad
1181 3372 1272 3427 colla·

686 3449 791 3504 tionem
810 3447 950 3516 sanitatis,
966 3447 1016 3503 sed
1038 3451 1134 3501 tamen
1150 3443 1186 3499 ad
1203 3456 1272 3498 con-

686 3519 875 3576 servationem
885 3520 956 3577 benc
967 3524 1010 3574 est
1021 3515 1210 3582 necessarius;
1223 3513 1271 3570 sed

686 3594 757 3647 male
772 3590 944 3653 lactentibus,
960 3595 988 3646 et
1010 3588 1141 3656 infirmis,
1157 3592 1186 3644 et
1202 3601 1269 3659 ergo

687 3662 853 3720 familiarius
866 3679 895 3718 se
912 3661 997 3718 debet
1014 3661 1120 3716 habere
1135 3659 1171 3715 ad
1193 3657 1272 3714 infir·

687 3750 748 3791 mos
763 3734 812 3806 qui
829 3750 862 3791 eo
881 3733 1021 3805 indigent,
1036 3747 1121 3804 quam
1136 3731 1172 3787 ad
1187 3745 1271 3787 sanos

686 3806 733 3878 qui
765 3822 821 3862 non
847 3810 940 3876 egent.
973 3806 1042 3862 Cum
1075 3802 1161 3874 igitur
1194 3800 1273 3858 Cirri-

686 3883 746 3933 stus
771 3877 808 3932 sit
835 3893 919 3933 verus
948 3874 1073 3931 medicus
1101 3878 1271 3942 animarum,

686 3947 853 4004 familiarius
868 3963 898 4003 se
913 3946 1010 4004 debuit
1025 3947 1130 4003 habere
1150 3946 1186 4001 ad
1204 3960 1271 4026 pec·

687 4024 807 4086 catores,
822 4020 871 4089 qui
889 4023 955 4075 sunt
976 4017 1082 4073 infirmi
1106 4017 1272 4072 infirmitate

686 4089 834 4163 spirituali.
850 4089 934 4158 Quasi
949 4089 1038 4146 dicat:
1056 4090 1112 4144 Vos
1126 4086 1188 4143 sani
1204 4085 1272 4143 estis

687 4161 863 4234 reputatione
893 4165 997 4230 vestra,
1027 4159 1091 4216 ideo
1117 4172 1188 4237 opus
1215 4171 1273 4237 non

687 4233 797 4292 habetis
813 4227 1224 4297 visitationenostra3sedist1
1241 4239 1272 4282 se
