2790 4912
142 118 196 171 llo,
515 108 628 165 inlitis
655 107 777 165 Pluris
803 109 910 167 CAPUT
938 114 992 167 xll

144 222 263 283 cessiie.
277 223 348 278 Nam
364 215 557 274 innativitate
578 231 609 272 se
628 213 728 273 habuit

144 302 175 355 ut
188 309 297 368 pauper
317 293 423 358 homo;
449 287 479 344 in
501 286 716 344 circumcisione

144 373 176 426 ut
202 380 310 449 pauper
336 367 365 418 et
393 365 526 432 peccator
547 360 647 426 homo;
677 329 728 416 sed

143 438 283 496 hodierna
298 433 354 502 die,
369 436 400 488 ut
414 446 531 504 pauper,
544 435 573 512 et
585 433 727 511 peccator,

144 515 173 567 et
189 522 297 565 servus.
320 506 356 560 llt
374 518 482 574 pauper
507 501 622 573 quidem
642 516 673 556 in
693 516 727 557 eo

145 579 221 652 quod
242 590 399 650 pauperum
423 572 598 630 oblationem
621 571 725 653 elegit;

145 657 176 709 ut
194 653 326 723 peccator
349 661 427 712 vero,
447 644 476 699 in
502 659 537 700 eo
565 642 640 714 quod
666 658 728 725 ipse

144 738 208 780 cum
236 723 323 776 llatre
345 733 396 789 per
423 714 596 772 oblationem
621 712 727 786 expiari

143 792 246 859 voluit3
261 795 294 848 ut
314 803 412 846 servus
433 791 540 855 autem,
558 785 588 841 in
603 801 637 842 eo
652 785 727 857 quod

144 862 245 921 redimi
265 878 295 918 se
315 861 389 917 lecit.

181 956 213 1007 27
245 936 373 990 Teurnuii
410 944 633 984 ruonnniniirinns
664 944 728 984 raia

144 1023 211 1063 surr
226 1021 388 1061 necessarus
406 1018 413 1056 ι
431 1016 575 1069 innescio,
591 1015 656 1055 uuio
675 1015 727 1056 cuii

144 1080 274 1134 Eccnnsri
300 1092 332 1130 er
359 1090 442 1129 iincrs
472 1088 608 1126 rsrnnrio.
634 1101 667 1111 —
694 1072 728 1126 Et

144 1148 221 1222 quia,
236 1153 267 1205 ut
279 1147 370 1203 visum
385 1148 438 1212 est,
455 1147 522 1225 post
534 1140 726 1198 circumcisio-

143 1236 209 1276 nem
222 1217 295 1288 Filii,
309 1221 337 1274 et
352 1220 549 1288 purgationem
561 1212 669 1295 Matris,
684 1216 726 1269 tu·

145 1291 239 1348 lerunt
258 1292 355 1347 Jesum
370 1287 401 1343 in
412 1286 580 1352 Jerusalem,
596 1288 626 1340 ut
643 1289 726 1340 siste·

142 1367 208 1419 rent
231 1377 295 1418 eum
315 1357 446 1426 bomin03
468 1355 615 1413 sciendum
639 1359 728 1411 estet

144 1433 297 1506 diligenter
326 1428 554 1494 advertendum,
584 1424 661 1507 quod
693 1441 726 1481 er

143 1504 286 1577 praedictis
315 1501 405 1557 tribus
445 1496 590 1554 moraliter
623 1500 727 1553 instru-

144 1581 233 1631 untur
247 1571 356 1640 fideles,
375 1575 405 1626 ut
428 1584 492 1626 cum
517 1567 654 1650 templum
676 1566 725 1650 Dei

144 1644 303 1712 materiale,
318 1643 347 1699 id
370 1645 413 1698 cst
434 1639 593 1708 ecclesiam,
613 1638 724 1710 ingredi

112 1741 115 1747 >
144 1717 302 1783 voluerint,
330 1713 360 1769 in
387 1711 457 1784 ipsis
487 1710 578 1767 trihus
605 1709 725 1767 circum·

145 1787 257 1844 stantiis
272 1802 302 1842 se
321 1785 445 1841 debeant
465 1783 554 1839 beatae
574 1780 682 1852 Virgini
698 1787 726 1838 et

145 1858 257 1915 Christo
272 1857 450 1913 conformare
462 1870 469 1909 :
480 1858 512 1908 ut
522 1851 653 1909 videlicet
668 1852 726 1909 sint

145 1945 162 1986 a
181 1931 361 2001 peccatorum
379 1926 471 1982 scoria
488 1923 600 2006 purgati
620 1928 648 1980 et
668 1923 724 1980 cir·

143 1998 270 2068 cumcisi,
280 1997 374 2070 quoad
386 1995 523 2070 primum,
535 2000 593 2051 sint
601 1994 725 2076 brachiis

144 2075 249 2128 sanctae
280 2067 380 2126 matris
409 2066 540 2124 Ecclesia
566 2066 724 2148 deportati,

143 2143 237 2225 quoad
255 2140 427 2207 sccundum;
443 2138 501 2194 sint
525 2141 611 2194 rectae
630 2142 723 2194 inten-

144 2212 229 2270 tionis
249 2212 306 2269 linc
324 2209 457 2279 ordinati,
478 2208 571 2281 quoad
596 2207 722 2264 tertium.

145 2284 240 2341 Primo
269 2299 347 2355 ergo,
375 2279 531 2353 ingressuri
562 2278 722 2348 ecclesiam,

143 2355 247 2413 debent
275 2371 292 2412 a
319 2360 501 2426 peccatorum
536 2350 628 2407 scoria
661 2366 724 2407 csse

143 2427 266 2555 gurgiti,
293 2431 321 2482 et
349 2423 517 2482 circumcisi.
542 2424 611 2478 Nam
641 2422 724 2503 beata

166 2499 238 2571 irgo,
272 2501 423 2568 antequam
461 2493 659 2576 ingrederetur
693 2509 723 2548 in

143 2569 369 2694 templum,(gost
392 2571 503 2639 partum
525 2581 568 2620 sui
586 2580 723 2622 immacu-

143 2639 191 2696 lati
208 2640 280 2706 Filii,

143 2711 203 2782 ipse
219 2710 305 2767 etiam
325 2708 421 2776 Filius,
438 2706 722 2786 antequaminduce-

143 2787 223 2838 retur
236 2779 265 2835 iii
280 2784 337 2834 tem
359 2778 428 2846 lum,
444 2777 605 2833 circumcidi
625 2777 722 2834 voluit.

144 2853 205 2907 Non
227 2850 304 2922 quod
352 2855 413 2904 ater
433 2846 631 2931 purificatione
649 2847 724 2904 indi·

162 2927 234 2988 eret,
250 2925 299 2977 aut
314 2919 400 2976 Eilius
417 2917 643 2975 circumcisione:
660 2933 724 2975 cuin

143 2938 203 3062 fila,
223 3007 281 3048 non
301 2994 431 3072 suscepto
453 2988 570 3057 semine,
587 3004 723 3061 concepe-

143 3063 190 3133 rit,
207 3062 309 3135 etipse
328 3078 361 3118 or
380 3066 487 3117 intacta
500 3060 550 3117 Vir
570 3060 616 3117 'nc
639 3066 724 3117 natus

143 3134 245 3204 iucrit;
261 3139 380 3216 uterquc
395 3138 490 3189 tamen
506 3131 536 3188 in
550 3077 606 3188 {loc
620 3133 723 3204 Legem

144 3203 724 3275 servarevoluit,utnobisdareturlorma

143 3277 321 3362 purgationis
344 3282 373 3333 et
394 3273 617 3332 circumcisionis
640 3274 723 3347 spiri·

143 3350 228 3407 tualis
244 3372 250 3405 :
268 3347 335 3419 quia
357 3345 501 3418 purificari
516 3350 544 3402 et
560 3344 723 3402 circumcidi

143 3421 280 3477 dehemus
306 3434 324 3474 a
349 3417 435 3488 vitiis,
464 3422 615 3488 antequam
632 3416 723 3473 eccle·

144 3489 216 3546 siam
230 3487 435 3561 ingrediamur,
446 3494 475 3544 et
487 3490 545 3545 Deo
557 3487 722 3556 oileramur,

144 3560 169 3618 si
185 3560 314 3617 volumus
338 3561 414 3631 quod
438 3559 464 3616 ei
491 3563 590 3616 nostra
613 3558 725 3630 placeat

144 3631 269 3700 ohliii03
289 3630 365 3701 quia,
380 3629 534 3687 secundum
546 3629 658 3693 aedom,
671 3645 722 3686 ne·

144 3717 203 3771 mo,
217 3700 272 3758 nisi
287 3700 451 3773 puritici'itus
465 3706 494 3758 et
510 3700 692 3757 circumcisus
706 3716 723 3756 a

145 3772 232 3841 vitiis,
248 3770 401 3827 Dominicis
420 3777 464 3828 est
487 3771 591 3843 dignus
605 3786 724 3844 conspe·

145 3842 246 3900 ctibus.
263 3844 301 3898 Ex
316 3857 372 3913 quo
387 3843 508 3899 trahitur
522 3844 724 3900 documentum

145 3914 222 3986 quod
236 3912 329 3969 nullus
343 3912 455 3994 ingredi
466 3914 550 3970 dehet
564 3913 723 3981 ecclesiam,

145 4000 209 4041 cum
235 3983 407 4041 conscientia
432 3983 559 4040 mortalis
586 3983 724 4054 criminis,

144 4054 199 4112 nisi
227 4054 306 4127 prius
327 4055 364 4112 sit
392 4054 547 4124 confessus,
562 4055 606 4113 vel
622 4055 722 4112 saltem

316 2638 358 2694 ies
382 2635 558 2709 purgationis
580 2635 722 2706 implevit;

793 218 943 289 contritus,
958 219 981 276 si
1001 235 1061 276 non
1076 218 1152 277 adsit
1167 219 1251 293 copia
1263 221 1353 281 conice

792 289 884 372 soris;
905 295 934 348 et
952 290 1028 362 quod
1042 291 1198 374 ingressuri
1216 290 1364 365 solcum,

791 375 870 433 prius
897 362 1004 419 debent
1043 362 1169 419 urificari
1194 378 1213 419 a
1239 363 1363 435 peccans,

791 432 893 490 saltem
914 377 1042 506 genesiii
1064 432 1248 515 contritione,
1262 434 1363 516 etiamsi

791 519 850 559 non
864 504 990 562 habeant
1006 504 1211 561 conscientiam
1224 510 1293 562 certi
1305 521 1363 579 poc·

791 573 859 644 cati,
871 591 934 632 cum
951 576 1091 633 bonarum
1105 576 1244 633 mentium
1263 576 1298 632 sit
1312 575 1364 634 cnl-

792 660 856 717 pam
886 646 997 715 timere,
1010 647 1059 705 ubi
1085 647 1168 730 culpa
1188 663 1247 704 non
1270 646 1363 718 existit,

791 717 919 798 exemplo
931 719 1022 775 beatae
1030 718 1165 800 Virginis,
1176 717 1365 791 purificatione

792 803 908 845 minime
949 789 1111 862 indigentis.
1146 791 1267 862 Propter
1281 790 1365 918 earm

791 859 964 916 consuetudo
976 865 1030 929 est,
1044 860 1120 932 quod
1135 876 1211 933 aqua
1225 861 1280 918 ben
1316 859 1366 918 ‘cta

792 929 931 987 habeatnr
944 935 1011 989 ante
1025 932 1101 989 iores
1117 931 1269 1000 Ecclesia,
1282 938 1313 990 ut
1323 930 1363 988 in·

790 1001 926 1072 gressuri,
942 1004 1004 1075 ojus
1028 1002 1194 1074 aspersione
1218 1003 1366 1086 purificen-

790 1076 846 1141 tur,
863 1072 948 1130 etiam
963 1089 981 1131 a
994 1073 1163 1143 venialibus,
1178 1089 1226 1146 qni
1246 1074 1281 1131 de
1295 1089 1368 1131 mor·

790 1143 895 1201 talibus
917 1144 971 1201 sibi
996 1145 1101 1202 conscii
1117 1162 1176 1202 non
1189 1145 1321 1202 existunt.
1335 1146 1365 1201 ln

790 1215 870 1286 cujus
884 1215 976 1299 figura
992 1216 1110 1285 labium,
1125 1231 1189 1273 cum
1209 1231 1295 1288 aqua,
1309 1220 1368 1272 erat

790 1292 854 1342 ante
865 1291 969 1343 ostium
983 1286 1169 1355 tabernaculi,
1180 1294 1210 1343 et
1222 1287 1260 1344 ihi
1274 1289 1365 1343 Aaron

791 1361 819 1413 et
833 1356 883 1412 Elii
900 1359 962 1430 ejus
974 1357 1129 1430 ingressuri
1144 1357 1366 1426 tabernaculum,

790 1428 922 1485 lavabant
931 1445 1034 1486 manus
1046 1430 1177 1501 etpedcs.
1191 1429 1369 1499 -Secundo,

790 1499 894 1556 debent
914 1516 976 1557 esse
1000 1500 1124 1558 brachiis
1149 1506 1255 1557 sanctae
1271 1499 1368 1558 matris

789 1570 921 1627 Ecclesiae
948 1571 1117 1645 supportati,
1143 1572 1216 1628 sicut
1243 1571 1368 1629 Christus

789 1645 917 1713 portatus
947 1649 991 1699 est
1019 1643 1048 1699 in
1075 1643 1211 1769 temglum
1246 1640 1373 1724 brachiis

789 1728 847 1769 suae
873 1714 981 1782 Matris,
1014 1718 1044 1769 ut
1072 1715 1108 1770 de
1152 1714 1264 1771 delibus
1285 1714 1372 1787 digne

789 1783 937 1841 ecclesiam
961 1785 1197 1867 ingredientibus,
1214 1783 1289 1842 dicat
1308 1784 1378 1857 ipio

790 1859 881 1911 mater
903 1855 1038 1924 Ecclesia,
1053 1855 1123 1913 illud
1148 1857 1230 1913 Osece
1248 1874 1255 1911 :
1272 1859 1383 1913 Porto-

790 1927 851 1982 bam
867 1942 911 1983 eos
927 1931 957 1982 iii
980 1928 1100 1983 brachiis
1120 1930 1196 1985 mus.
1216 1929 1300 1984 Extra
1318 1943 1365 1982 is:

789 2002 884 2054 autern
917 1997 1034 2055 brachia
1068 1998 1186 2055 unitatis
1220 1997 1347 2055 Ecclesiae

789 2073 856 2124 sunt
874 2069 1010 2138 haeretici,
1027 2069 1073 2151 qui
1100 2071 1235 2127 aberrant
1258 2086 1275 2126 a
1297 2069 1348 2125 lide

789 2138 972 2209 schismatici,
992 2157 1039 2212 qui
1059 2141 1173 2197 deviant
1187 2157 1204 2198 a
1216 2139 1350 2197 charitate
1361 2154 1394 2167 ·

788 2215 816 2266 et
838 2226 938 2268 omnes
961 2211 1205 2281 excommunicati,
1229 2211 1277 2284 qui
1297 2227 1315 2283 p
1334 2234 1346 2260 r

789 2280 869 2337 scissi
888 2287 953 2338 sunt
974 2284 1010 2339 ab
1036 2283 1143 2339 unitate
1170 2283 1311 2339 Ecclesiae.
1333 2284 1352 2338 ll

788 2351 865 2409 enim
885 2369 984 2409 omnes
1005 2353 1072 2423 quia
1095 2370 1151 2410 non
1171 2357 1321 2427 portantur
1336 2369 1395 2409 ir

788 2422 911 2480 brachiis
933 2424 1031 2497 matris
1054 2425 1195 2493 Ecclesiae,
1220 2441 1278 2481 non
1303 2440 1351 2481 sun

788 2494 883 2552 idonei
900 2495 937 2552 ad
955 2496 1116 2568 ingressum
1135 2497 1196 2568 ejus
1214 2513 1221 2553 :
1239 2511 1352 2565 nam,u

788 2564 857 2623 dicit
881 2567 1046 2638 cgprianus,
1072 2583 1129 2623 non
1145 2573 1240 2639 potest
1263 2569 1334 2624 habe
1352 2592 1395 2613 ’-

789 2638 877 2693 Deum
904 2645 1024 2709 patrem,
1049 2637 1096 2710 qui
1113 2638 1212 2695 matris
1238 2636 1384 2696 Ecclesi

787 2723 844 2764 non
859 2713 937 2765 tenet
953 2708 1099 2765 unitatem.
1117 2711 1231 2767 Frustra
1254 2725 1321 2783 ergo
1338 2724 1352 2766 e

787 2777 903 2850 indigne
921 2779 1069 2837 ecclesiam
1086 2780 1261 2838 materialem
1274 2781 1387 2854 ingrc-

787 2848 873 2919 ditur‚
890 2851 937 2922 qui
952 2850 1026 2908 inter
1039 2851 1155 2908 brachia
1168 2851 1300 2909 Ecclesiae
1311 2866 1379 2923 ing-

787 2919 865 2977 sticae
889 2937 947 2978 non
975 2922 1188 2995 constringitur.
1209 2955 1244 2965 -
1263 2921 1373 2991 Tcrh'o,

787 2991 892 3049 delient
915 3009 978 3049 esse
1005 3000 1089 3050 rectae
1116 2994 1285 3051 intentionis
1311 2994 1368 3050 linc

787 3062 921 3132 ordinati,
937 3070 968 3120 ut
982 3063 1113 3121 videlicet
1136 3080 1221 3122 causa
1242 3064 1363 3122 devotio·

786 3132 832 3214 nis
852 3139 881 3191 et
897 3134 1046 3204 orationis,
1061 3135 1259 3208 ingrediantur
1276 3136 1364 3193 eccle·

786 3220 858 3261 siam
873 3222 879 3260 :
894 3220 952 3261 non
967 3222 1055 3262 causa
1072 3223 1152 3264 ianae
1167 3206 1364 3275 simulationis,

787 3274 860 3331 sicut
877 3277 1045 3348 hypocritae;
1064 3294 1121 3334 non
1138 3293 1224 3334 causa
1243 3283 1365 3335 ostenta·

785 3345 871 3402 tionis
890 3352 918 3403 et
938 3348 1029 3404 inanis
1049 3348 1158 3420 glories,
1172 3348 1244 3405 sicut
1263 3349 1304 3406 illi
1320 3347 1366 3422 qni

786 3432 817 3473 se
829 3422 933 3474 ornant
951 3417 981 3475 in
1001 3419 1126 3477 vestibus
1139 3425 1168 3476 et
1184 3419 1258 3490 aliis,
1273 3425 1305 3477 ut
1318 3435 1366 3491 ap·

785 3492 906 3560 pareant
919 3489 1102 3559 hominibus;
1120 3507 1177 3548 non
1186 3507 1273 3549 caiisa
1286 3490 1368 3549 lasci·

786 3558 849 3627 viae,
864 3558 936 3617 sicut
959 3560 1007 3633 qui
1028 3562 1134 3618 vadunt
1156 3562 1192 3619 ad
1208 3562 1369 3631 ecclesiam,

786 3630 822 3687 ad
836 3629 988 3688 videndum
1014 3632 1148 3689 mulieres
1170 3633 1213 3690 vel
1233 3632 1323 3703 viros,
1339 3639 1370 3692 nt

785 3706 815 3758 et
831 3701 1031 3773 concupiscant
1054 3708 1083 3760 et
1110 3703 1369 3777 concupiscantur3

786 3787 845 3828 non
869 3788 954 3829 causa
974 3772 1106 3832 vanitatis
1125 3780 1154 3832 et
1177 3776 1283 3845 solatii,
1297 3776 1373 3834 sicut

787 3842 961 3925 quiuadunt
983 3845 1031 3927 ad.
1043 3846 1203 3929 ecclesiam,
1220 3852 1252 3903 ut
1270 3852 1373 3905 vacent

786 3929 867 3971 vanis
892 3914 1051 3988 colloquiis,
1073 3917 1228 3986 cachinms,
1249 3923 1277 3976 et
1301 3917 1373 3977 leri·

787 3984 908 4069 tatibusg
924 4003 982 4043 non
1005 4003 1092 4045 causa
1112 3995 1237 4071 quaestus
1259 3995 1289 4047 et
1307 4006 1375 4048 ara·

786 4063 870 4128 ntiae,
885 4064 959 4116 sicut
971 4057 1066 4116 clerici
1082 4074 1129 4131 qui
1147 4060 1256 4118 vadunt
1270 4061 1306 4118 ad
1326 4079 1373 4119 ec-
