2790 4912
10 265 44 318 il
415 258 525 312 Pullis
552 258 674 315 Philiiss
700 256 806 313 CAPUT
832 255 850 308 t

13 365 139 440 suscepit
159 363 304 422 hominem
329 378 412 419 :non
439 378 591 435 personam
660 365 768 421 densa
788 359 878 434 regali
904 357 977 417 solio
1002 358 1134 416 sublimis

16 438 67 497 sed
81 442 223 501 naturam,
239 440 270 491 ut
286 432 333 505 qui
349 433 473 507 suscepit
485 441 513 492 et
528 407 605 507 quod
660 441 727 505 tuae,
743 433 774 491 in
793 431 931 490 humilem
952 434 982 488 et
1000 430 1134 502 abJectau

17 507 152 581 suscepit,
172 521 228 564 una
244 510 320 587 esset
337 504 368 560 in
386 505 604 634 'trinitateJter-
661 507 718 564 lam
733 505 762 563 in
775 503 868 586 oculis
879 500 1132 584 suisnpuellampr

16 579 135 638 annali
171 579 340 634 ochrtstus
363 592 526 648 personaa
560 578 604 634 in·
661 576 765 650 ginalis
792 578 976 632 continenhae
994 577 1064 629 voto
1089 588 1133 644 sig

14 652 128 709 ternum
162 647 301 716 escendit,
317 646 367 703 sed
388 648 544 706 secundum
559 665 606 705 so·
662 652 693 706 ln
708 649 789 721 cujus
801 648 983 704 sacrosancto
997 648 1093 711 utero,
1109 660 1133 700 s<

15 723 74 780 lam
89 719 214 778 animam
231 736 238 788 ;
254 724 284 775 et
297 718 425 775 Christus
477 719 606 777 manain
662 719 698 777 cti
727 717 847 792 Spiritus
871 714 960 772 virtus
990 713 1133 771 inenarral

16 792 146 866 sepulcro
157 790 260 863 jacuit,
278 790 328 847 sed
343 805 429 846 secun
452 806 499 848 um
514 791 606 848 solam
662 789 774 863 concipi
793 795 821 846 te
836 787 912 856 lecit,
930 791 959 843 et
973 785 1053 842 nasci
1073 785 1133 841 inr

17 878 149 930 carnem;
165 867 194 918 et
211 860 339 918 Christus
364 875 488 933 persona
502 861 607 933 ubique
662 859 809 919 manitatis
823 864 936 928 natura,
948 857 989 913 ita
1004 861 1036 912 ut
1051 872 1103 939 nec
1118 873 1133 912 n

16 933 136 1002 luit,sed
149 932 304 989 secundum
314 932 405 989 sulam
416 931 605 991 divinitatem.
663 938 721 990 tem
733 929 891 988 divinitatis
905 928 935 985 in
945 932 1046 996 te,nec
1058 931 1133 998 integ

16 1005 91 1075 Quid
116 1008 160 1061 est
177 1012 273 1060 autem
290 1003 366 1074 quod
382 1002 519 1075 scriptum
538 1010 605 1061 est:
664 1002 835 1076 virginitatis
856 1000 886 1057 in
906 1015 937 1057 se
955 997 1077 1055 violaret
1094 1015 1133 1055 na

11 1075 163 1149 quiscum
179 1073 608 1147 Christusinsepulcrojacuis·
664 1074 785 1132 occasio.
803 1093 817 1126 a
835 1072 913 1129 Idem
935 1070 972 1127 ad
996 1085 1125 1126 sororem

18 1153 72 1216 set,
85 1146 306 1203 dicitur‘ltotum
321 1160 373 1217 pro
387 1150 469 1217 parte
483 1146 608 1228 positum
666 1169 680 1198 a
697 1145 836 1212 Primum,
850 1158 915 1200 cum
927 1142 1012 1199 beata
1024 1140 1133 1221 blariai

17 1217 80 1276 est‘l
95 1220 226 1275 Fortasse
239 1216 348 1288 cogitas
362 1215 442 1299 quasi
459 1222 514 1274 trra
530 1233 608 1290 qua·
666 1216 845 1284 cubiculum,
875 1212 963 1270 libros
995 1212 1101 1283 quibus

16 1289 107 1347 dam:
129 1288 322 1356 divinitatem,
337 1303 475 1356 animam,
492 1304 608 1345 carnem
665 1293 763 1360 partus
778 1292 807 1344 et
826 1283 929 1344 Christi
945 1284 1132 1356 prophetatur

17 1358 212 1433 composuisse
240 1360 392 1416 Christum.
428 1358 518 1417 Absit.
548 1362 609 1416 lton
667 1354 1062 1438 tus,evolre.lbiadaentum
1075 1356 1132 1427 Aug

19 1431 98 1490 enim
123 1446 190 1503 pars
211 1430 315 1488 Christi
337 1429 520 1499 verbumst
543 1446 611 1503 pars
668 1431 784 1498 stolare,
803 1433 835 1486 ut
853 1427 950 1484 rideas
971 1429 1132 1482 intrantem.

20 1505 122 1571 h0m0;
136 1503 187 1559 sed
200 1507 277 1559 tolus
291 1501 418 1559 Christus
432 1503 568 1571 Verbum,
582 1507 610 1558 et
668 1501 839 1559 salutantem
851 1516 859 1569 ;
874 1503 902 1554 et
917 1496 957 1553 sic
971 1497 1082 1578 repleta
1099 1502 1132 1552 stt

21 1579 98 1632 totus
117 1573 245 1631 Christus
268 1574 365 1629 homo.
388 1570 526 1629 Divinitas
545 1588 612 1644 pars
667 1569 969 1641 extasi,dulcissimam
982 1567 1128 1624 Mamamd

23 1644 165 1711 nonfuit,
187 1660 238 1700 nec
262 1643 293 1698 in
317 1643 459 1714 ipsapars
487 1642 549 1698 luit.
580 1646 612 1700 ln
668 1650 756 1711 tuam,
774 1657 839 1699 cum
853 1640 962 1712 togato
982 1639 1125 1696 salutante

23 1714 200 1772 humanitate
225 1716 286 1769 sola
308 1718 405 1785 partes
421 1718 496 1782 sunt,
517 1714 612 1771 anima
667 1715 794 1771 clamans
808 1718 837 1770 et
851 1712 948 1769 dicem
964 1728 971 1766 ε
987 1711 1057 1775 Aac,
1073 1713 1131 1767 Mai

23 1784 130 1842 scilicet
147 1789 175 1840 et
189 1799 302 1854 corpus,
318 1789 347 1840 et
359 1782 406 1840 ubi
421 1784 541 1841 alterum
553 1784 614 1841 illo·
668 1787 727 1842 tioc
744 1783 871 1841 crebrius
887 1786 1030 1854 repetens,
1057 1797 1122 1852 qum

23 1870 87 1913 rum
109 1859 163 1924 est,
185 1870 253 1927 pars
282 1854 405 1911 hominis
426 1860 479 1911 est.
509 1858 612 1913 Verum
688 1853 1129 1927 ratiaeplenitudino,dequalot

24 1932 69 2008 est
77 1941 145 1997 ergo
160 1926 237 1997 quod
247 1924 276 1981 in
290 1925 420 2007 sepulcro
433 1927 561 1984 Christus
571 1928 615 2009 ja·
668 1873 722 1984 {us
743 1925 883 1983 mutuavit
901 1923 1035 1996 gratiam,
1054 1939 1131 1995 quan

25 2002 93 2066 curt,
110 2013 162 2053 nec
182 2002 275 2052 tamen
302 1997 340 2054 rbi
367 2003 441 2053 tutus
460 1998 546 2055 bomo
568 2015 613 2071 Ja·
669 1998 737 2055 bum
750 2013 816 2054 caro
831 1997 936 2053 lactum
949 2000 1131 2064 estuantem

26 2067 103 2135 euit;
130 2068 259 2138 quamvis
277 2072 353 2124 totus
379 2067 464 2126 homo
486 2069 615 2126 Christus
670 2068 812 2127 admirare
834 2066 995 2136 Dominum,
1010 2066 1059 2138 qui
1079 2072 1131 2122 ten

26 2138 96 2207 luit;
111 2137 207 2195 anima
224 2138 299 2195 enim
319 2144 347 2195 ct
368 2153 435 2194 caro
450 2139 500 2197 Dei
521 2141 613 2197 Verbo
668 2141 727 2213 plet
740 2145 770 2197 et
782 2138 896 2207 coelum,
915 2137 989 2194 intra
1004 2137 1089 2194 unius
1102 2153 1131 2209 pr

26 2209 56 2266 in
72 2224 197 2281 persona
215 2209 296 2265 uuita
318 2210 380 2266 tuit.
399 2209 465 2267 lden
483 2211 531 2268 ubi
548 2228 614 2268 caro
669 2227 750 2268 saera
763 2209 880 2279 claudit,
897 2224 981 2281 quam
999 2211 1084 2265 Pater
1101 2225 1130 2265 sa

25 2286 98 2350 erat,
123 2281 246 2338 Verbum
270 2281 370 2338 deesse
390 2297 447 2338 non
467 2281 558 2355 potuit
574 2300 613 2338 :a
668 2283 718 2351 sit,
731 2278 1127 2351 Filiustecundavit,Spiritus

25 2352 88 2409 hece
99 2355 188 2421 liupo.
668 2351 890 2411 adumbravito
905 2350 996 2408 dulcis
1009 2351 1130 2407 [lumina

25 2425 614 2553 attiittttttttffitttttltttlt'
669 2421 1130 2568 tttt‘ttttltdtttleiti

246 2540 252 2550 ι
309 2526 360 2552 ι-
603 2527 615 2537 ‘
976 2536 983 2562 J
1014 2536 1016 2541 ⁴

25 2566 200 2635 carnalisne,
218 2566 259 2623 sic
275 2567 345 2624 dicit
356 2568 521 2623 Ansetmus:
536 2588 549 2620 a
565 2566 613 2623 Vi·
670 2574 765 2624 mente
786 2573 814 2623 et
834 2566 863 2622 in
880 2570 980 2621 ventre
996 2568 1084 2620 tantm
1100 2579 1129 2620 m

24 2637 102 2721 disti,
127 2637 271 2707 Domine,
304 2638 488 2695 altlictioncm
516 2637 613 2721 populi
670 2637 869 2711 praesentiam
885 2652 949 2693 cum
972 2635 1009 2692 de
1026 2641 1075 2691 tua
1093 2651 1129 2692 ca

25 2713 126 2779 tu1,et
152 2713 244 2765 tactus
268 2710 366 2766 doliue
391 2709 540 2767 charitatis
568 2709 613 2765 in·
669 2725 735 2766 nem
760 2713 928 2776 assumeret,
952 2713 981 2763 et
1005 2709 1130 2763 membra

23 2779 176 2860 trinsecus,
202 2779 356 2859 apposuisti
376 2780 502 2851 cogitare
530 2796 615 2852 super
670 2779 855 2852 corporaliter
875 2777 968 2835 omnis
986 2777 1129 2850 plenitude

24 2864 79 2906 nos
97 2854 284 2920 cogitationes
299 2849 378 2921 pacis
394 2857 422 2906 et
441 2850 613 2922 redemptio·
669 2851 736 2908 tatis
762 2849 960 2918 inhabitaret,
999 2848 1035 2905 de
1066 2848 1124 2906 tuis

23 2918 79 2976 nis.
95 2921 129 2975 Et
144 2918 259 2990 quidem
274 2936 338 2976 curn
356 2936 434 2978 esses
447 2921 536 2978 Filius
551 2921 613 2989 Dei,
669 2921 806 2979 membris
828 2920 952 2993 aptaretl
973 2940 987 2972 a
1012 2920 1073 2976 haec
1102 2921 1128 2976 ‚l

21 3005 106 3072 verus
131 2991 236 3071 ¹Deus,
267 2992 326 3047 ileo
354 2991 431 3048 Patri
453 2994 613 3074 Sancteque
706 2995 843 3050 athlanta
862 3009 1036 3055 saeousmea
1055 2992 1129 3047 Artes

21 3062 137 3133 Spiritui
155 3066 313 3117 coaternus
330 3067 359 3117 el
382 3064 612 3120 consubstantta·
669 3081 819 3121 nursriose
837 3080 1002 3121 sanuciani.
1018 3092 1053 3102 -
1069 3063 1092 3119 0
1111 3078 1129 3118 s·

21 3130 67 3201 lis,
91 3131 183 3188 lucem
213 3131 344 3214 babitans
375 3132 612 3202 inaccessibilem,
669 3135 766 3207 utique
795 3135 921 3202 sentire,
950 3133 1034 3205 quale
1064 3149 1129 3204 quat

20 3207 196 3275 portansque
211 3205 408 3262 omnisverbo
422 3205 612 3275 virtutistuae,
669 3206 754 3263 luerit
771 3205 841 3262 illud
862 3221 878 3262 e
901 3204 971 3261 coelo
991 3203 1129 3262 immissus

20 3289 80 3330 nnn
104 3273 256 3347 despexisti
276 3274 305 3330 in
327 3276 382 3333 hoc
410 3281 515 3333 nostrae
541 3292 615 3334 mor·
669 3277 760 3344 dium,
775 3277 910 3333 collatum
927 3275 1119 3346 refrigerium,

20 3344 138 3403 talitatis
154 3346 342 3419 ergastulum,
366 3347 547 3406 altitudinem
570 3348 612 3405 in-
670 3348 819 3405 selatiuml
836 3353 943 3420 quanta
957 3345 1121 3403 sublimatio

20 3416 129 3475 clinare
141 3421 230 3487 tuam,
246 3422 279 3473 ut
297 3424 425 3476 nostram
440 3424 468 3476 et
482 3425 614 3491 gustares
671 3419 790 3489 matris,
820 3424 926 3490 quanta
952 3416 1114 3474 nobilitatis

19 3492 49 3544 et
75 3490 245 3546 absorberes
260 3489 416 3560 miseriam,
439 3507 547 3563 nosque
568 3507 612 3547 re·
670 3490 795 3562 generis,
811 3495 919 3561 quanta
935 3487 1128 3546 condescensi

21 3571 139 3640 parares
153 3559 189 3615 ad
203 3558 335 3631 gloriam.
352 3563 549 3630 Parum,bone
562 3564 615 3618 ile-
671 3561 757 3618 tatisl
773 3560 801 3618 Si
817 3559 956 3633 virginem
970 3565 1123 3615 canentem

22 3632 191 3697 manetem,
212 3629 265 3686 luit
280 3631 410 3688 charitati
425 3633 612 3689 tuaeadcon-
670 3631 728 3689 bilo
776 3648 856 3689 asses
886 3630 1008 3699 audire,
1036 3630 1128 3686 aestim

24 3700 224 3782 summapdum
250 3717 266 3756 ο
289 3718 321 3758 us
350 3708 455 3759 nostrae
488 3703 613 3772 salutis,
671 3720 734 3759 cum
752 3649 801 3759 iila
820 3702 929 3775 pariter
949 3717 1001 3775 pro
1019 3702 1128 3758 unte}

24 3769 239 3852 Cherubrmtvel
265 3716 425 3854 geraphim,
446 3779 495 3830 aut
526 3789 614 3831 unum
671 3774 813 3846 inciperes
838 3773 972 3846 jubilare,
991 3777 1019 3830 et
1047 3788 1106 3828 non

24 3854 58 3897 ex
81 3841 198 3923 angelis
217 3841 362 3901 destinare
383 3863 389 3900 :
411 3844 472 3917 ipse
502 3845 540 3902 ad
562 3860 615 3901 nos
671 3847 729 3902 ileo
750 3844 859 3916 gratias
879 3844 1043 3901 decantare.
1067 3845 1101 3899 Ut
1120 3861 1127 3899 t

22 3925 122 3994 ventre
149 3912 282 3995 dignatus
312 3931 354 3984 es,
377 3931 429 3989 per
449 3916 614 3973 mandatum
671 3915 780 3989 Virgini
796 3915 1056 3988 tantumgaudium
1073 3930 1124 3970 ren

22 3982 126 4064 Patris,
141 3998 221 4055 cujus
240 3984 358 4042 nimiam
381 3986 549 4044 charitatem
566 4002 615 4043 ex·
671 3987 707 4043 ad
730 3992 856 4044 mentem
878 4002 1012 4044 revocare
1039 3985 1127 4041 valea⁴

24 4058 98 4178 ferti
114 4070 211 4111 sumus
226 4053 256 4110 in
278 4060 316 4114 te.
334 4056 442 4114 Venisti
457 4057 545 4125 enim,
558 4073 615 4113 nun
672 4074 736 4114 eam
753 4075 817 4115 cum
835 4058 910 4115 dulci
927 4073 1011 4115 versu
1033 4056 1127 4129 Angeli

35 4139 118 4181 ocum
150 4125 313 4196 mutando,
344 4127 393 4183 sed
434 4127 617 4200 presentiam
672 4134 744 4199 tare,
772 4135 800 4187 et
821 4130 931 4187 devotas
951 4126 1127 4185 salutationis

24 4198 104 4251 tuam
119 4212 170 4268 per
183 4212 298 4254 carnem
314 4197 484 4255 exhibendo.
498 4200 618 4255 Descen·
672 4200 773 4258 saltem
789 4201 909 4273 pedihus
925 4201 988 4272 ejus
1003 4199 1122 4270 inligare
