2790 4912
405 338 443 390 uu
470 338 654 392 cuultlultll
682 336 836 391 iurabat.
1196 338 1243 394 ata

51 452 155 496 camus
175 457 208 496 ex
226 439 320 497 verbis
337 441 442 513 leprosi
463 460 596 515 corpora-

51 525 79 566 m
92 511 292 568 infirmitatum
306 513 444 570 medelam
456 531 512 571 uon
524 532 599 586 quaa-

51 598 85 650 ¹e‚
103 584 153 638 sed
182 583 279 639 divino
301 584 480 656 beneplacito
505 592 598 645 totum

51 654 199 722 omittere,
216 654 264 725 qui
289 655 367 711 novit
384 666 555 729 opportuna,
570 665 599 715 et

56 725 108 780 nia
130 726 239 797 judicio
260 727 392 798 disponit.
418 750 430 779 n
459 732 599 801 leprosus

51 812 75 860 :o
102 798 268 854 confitendo
297 798 325 854 in
345 800 457 857 Christo
472 801 598 858 divinam

56 867 180 936 entiam,
192 875 219 925 et
229 871 378 940 potestatis
387 873 597 941 auctoritatem,

60 956 147 995 suam
165 941 340 999 ostendendo
360 944 457 1013 tidem,
472 952 500 1001 et
517 948 600 1002 devo·

51 1027 135 1080 nem,
153 1013 256 1068 meruit
270 1014 456 1072 curationem.

51 1085 162 1139 {lesus
184 1103 236 1140 auu
255 1103 338 1142 caeru
361 1105 455 1143 snam.
470 1119 503 1129 -
522 1091 600 1144 lesus

53 1171 86 1209 m
114 1154 250 1213 misertus
273 1160 344 1228 ejus,
361 1174 412 1228 per
426 1159 600 1231 compassio-

51 1242 72 1280 n
92 1232 122 1281 el
136 1228 279 1295 allectum,
291 1235 315 1282 et
328 1231 475 1284 extendens
489 1248 601 1286 monum

51 1315 102 1359 em,
118 1300 192 1369 qriod
223 1299 275 1354 luit
298 1299 477 1378 liberalitatis
502 1307 601 1358 contra

51 1385 126 1437 true,
144 1374 234 1437 tetigit
250 1388 319 1431 eum,
338 1372 414 1443 quod
435 1372 486 1428 luit
507 1373 600 1428 bumi-

51 1439 100 1493 ‚tis
113 1445 212 1496 contra
227 1444 373 1512 superbos
392 1445 502 1499 dicens:
523 1446 599 1507 Volo,

51 1511 88 1566 >d
119 1511 174 1566 luit
200 1512 314 1584 pietatis
342 1521 442 1571 contra
468 1515 600 1585 imidos3

52 1583 158 1644 rectore,
175 1585 251 1653 quod
269 1584 321 1641 luit
340 1586 488 1656 potcstatis
503 1592 602 1642 contra

52 1653 186 1709 redulos.
211 1655 261 1711 Ubi
286 1658 440 1713 notandum
465 1658 540 1729 quod
565 1658 602 1713 le-

51 1740 95 1779 tm
112 1729 289 1796 corporalem
306 1727 431 1800 qiiinque
446 1729 538 1785 modis
553 1746 600 1784 cu-

51 1811 106 1850 am
125 1795 247 1866 legimus
266 1818 272 1854 :
290 1799 392 1879 primo,
409 1817 460 1871 per
478 1799 601 1857 ablutio-

51 1883 91 1932 m,
110 1867 183 1923 sicut
198 1875 275 1940 patet
291 1887 318 1924 in
332 1873 470 1939 Naaman,
486 1878 514 1928 et
534 1877 601 1927 tuuc

55 1937 157 1994 nllicat
189 1941 379 2012 lacrymarum
407 1943 599 2010 etlusioncm;

51 2010 151 2078 tundo,
162 2026 214 2083 per
229 2013 433 2083 ostensionem,
443 2014 514 2070 sicut
525 2020 601 2085 patet

65 2081 167 2137 decem
185 2083 314 2154 leprosis,
333 2085 381 2155 qui
406 2087 500 2141 eurrdo
515 2086 551 2141 ad
571 2102 601 2141 se

51 2153 222 2209 :cudendum
244 2156 453 2226 sacerdotibus,
475 2157 601 2213 mundati

51 2229 91 2291 ut,
107 2231 135 2280 et
151 2225 293 2296 significat
308 2228 528 2296 contessionem3
544 2234 601 2285 ter-

56 2338 64 2365 ,
78 2312 130 2368 per
147 2298 366 2368 separationem,
382 2299 453 2355 sicut
479 2305 557 2371 patet
573 2300 601 2355 iu

51 2369 104 2423 tria
120 2384 217 2424 sorore
233 2370 332 2441 Moysi,
350 2377 378 2426 et
393 2370 533 2440 significat
554 2388 601 2427 ex·

51 2439 312 2509 mmuuicationcm,
335 2459 398 2513 quan
425 2442 515 2499 instar
535 2459 600 2499 cau-

51 2509 80 2564 ·ii
96 2511 178 2567 debet
197 2529 259 2567 esse
275 2513 451 2569 medicinalis
465 2533 471 2580 ;
489 2520 601 2585 quarto,

51 2598 66 2635 r
80 2580 276 2652 inclusionem,
293 2586 364 2641 sicut
380 2591 457 2656 patet
470 2586 499 2641 in
516 2602 602 2641 manu

51 2651 114 2722 lysi,
131 2670 193 2724 qum
209 2656 244 2711 de
262 2655 325 2713 sinu
339 2663 472 2725 extracta,
490 2658 603 2728 leprosa

52 2724 602 2800 paruit,sedinsinumreposita,curata

50 2793 80 2863 it,
96 2795 236 2864 sicmulti,
256 2799 302 2868 qui
313 2800 342 2854 iu
356 2800 450 2855 seculo
472 2799 603 2872 spiritua-

51 2882 82 2922 er
100 2874 180 2922 orarit
200 2869 314 2939 leprosi,
330 2871 505 2927 mundantur
523 2871 601 2928 clau-

51 2954 106 2993 ·um
122 2938 261 3009 ingressi;
284 2941 393 3012 qllinto,
412 2958 463 3013 per
485 2948 601 3012 tactum,

51 3015 90 3064 :ut
103 3016 179 3080 patet
189 3011 244 3079 bic,
255 3013 300 3068 ubi
312 3029 412 3068 manus
424 3013 529 3069 Christi
542 3030 599 3070 car·

51 3095 84 3135 :m
102 3081 216 3153 ‘leprosi
232 3083 322 3154 tetigit
337 3090 366 3140 ct
379 3084 532 3141 mundavit.
550 3084 601 3141 Ubi

51 3153 174 3207 tandum
188 3156 262 3224 ‹puod
280 3154 380 3236 triplex
394 3161 437 3210 est
450 3155 499 3212 Dei
511 3161 602 3214 tactus

51 3222 100 3278 lde
116 3222 270 3293 virtuosus,
287 3226 409 3282 scilicet:
432 3232 522 3283 tactus
533 3244 602 3299 pure

52 3294 183 3365 rporalis,
201 3302 292 3352 tactus
304 3314 374 3368 pure
396 3298 560 3367 spiritualis,
574 3303 603 3355 et

51 3369 110 3421 ctus
125 3367 389 3440 partimcorporalis
398 3376 425 3426 et
437 3369 602 3442 partimspi-

51 3436 139 3493 uatis.
152 3440 332 3512 Tactuspure
345 3441 500 3513 corporalis
514 3447 557 3497 est
571 3441 601 3496 in

51 3523 74 3562 tu
87 3513 116 3564 et
127 3511 201 3580 quod
219 3512 319 3583 tangit,
335 3517 363 3566 et
377 3513 453 3583 quod
464 3512 602 3583 tangitur,

51 3584 141 3651 tpure
156 3585 314 3654 corporale,
325 3588 353 3638 et
365 3582 417 3640 iste
431 3583 604 3642 luitinffiiri-

51 3652 602 3725 svaldevirluosus:quiaomneminfir-

51 3722 147 3779 itatem
165 3727 283 3781 sanabat
306 3726 514 3794 universaliter,
531 3727 605 3782 sicut

51 3796 165 3852 tmullis
187 3803 265 3868 patet
279 3797 307 3853 in
323 3798 484 3867 Evangelio.
503 3801 605 3855 Tactus

51 3866 123 3922 ‚rtim
143 3868 310 3939 spiritualis,
326 3876 354 3924 et
382 3868 484 3939 partim
504 3885 604 3940 corpo-

53 3936 88 3993 lis
109 3945 161 4007 est,
176 3939 205 3996 in
220 3958 276 4011 quo
290 3941 364 4011 quod
383 3940 476 4011 tangit
490 3947 533 3997 est
548 3939 605 4012 spi-

51 4014 103 4078 tus,
119 4011 167 4066 sed
178 4012 255 4082 qnod
266 4011 391 4082 tangitur
403 4020 444 4067 est
459 4012 606 4084 corporale

51 4081 63 4135 tl
80 4081 236 4151 spirituale,
252 4083 296 4138 bic
321 4089 364 4138 cst
383 4088 475 4139 lactus
492 4083 607 4139 tribula-

51 4152 117 4221 anis,
143 4159 170 4209 et
199 4154 252 4210 iste
284 4160 375 4210 tactus
403 4161 446 4210 est
475 4154 607 4210 similiter

51 4222 103 4280 dde
132 4223 287 4282 virtuosus:
319 4226 393 4282 valet
420 4242 542 4299 namque
571 4226 607 4282 ad

51 4295 275 4369 »astringendum
313 4302 495 4367 peccatorum
526 4297 607 4355 duri·

653 442 742 513 tiam,
773 448 802 499 et
826 441 863 497 ad
896 439 1109 513 reprimendum
1144 445 1241 502 carnis

654 512 922 586 concupiscentiam,
945 517 972 568 et
996 515 1033 570 ad
1059 517 1240 587 probandum

650 588 794 659 justorum
833 584 1009 656 patientiam.
1040 589 1141 644 Tactus
1170 604 1242 660 pure

654 658 809 731 spiritualis
821 662 874 723 est,
891 656 919 712 in
935 672 990 728 quo
1007 659 1124 740 etquod
1139 660 1241 787 tauglit,

654 736 682 786 et
697 730 773 802 quod
792 728 919 799 tangitur
936 733 1125 809 estflspiritus,
1142 736 1171 787 et
1216 730 1241 787 ie

655 807 699 858 est
724 806 816 857 tactus
841 798 962 856 internas
989 801 1195 872 inspirationis,
1213 807 1241 859 et

655 874 708 929 iste
735 871 866 928 similiter
899 878 942 927 est
975 871 1056 927 valde
1086 873 1240 930 virtuosus.

655 943 751 1000 Virtus
766 949 862 1000 autem
878 944 940 1014 cJus
954 943 990 998 ad
1001 951 1110 1016 septem
1124 946 1243 1002 ellectus

656 1020 710 1084 est,
727 1014 882 1072 secundum
903 1019 1012 1085 septem
1032 1016 1108 1072 dona
1121 1016 1242 1088 Spiritus

657 1087 762 1144 Sancti.
785 1119 809 1126 -
831 1085 945 1141 Primus
959 1086 1078 1143 ellectus
1106 1094 1151 1143 cst
1176 1087 1246 1144 boui

657 1156 793 1230 propositi
813 1155 970 1228 inspiratio,
993 1155 1052 1213 sive
1067 1159 1216 1230 conceptio
1234 1176 1241 1227 ;

656 1229 743 1286 ethic
763 1228 886 1300 pertinet
906 1227 942 1283 ad
963 1228 1069 1284 donum
1089 1229 1245 1299 timoris,a

657 1317 713 1371 quo
740 1299 897 1371 concipitur
924 1298 1040 1370 spiritus
1066 1300 1177 1356 salutis.
1208 1332 1244 1342 —·

657 1371 802 1429 Secundus
831 1376 874 1425 est
903 1376 1082 1440 peccatorum
1114 1370 1245 1427 remissio

657 1459 707 1515 per
722 1442 861 1514 gratiam;
877 1447 907 1496 cl
921 1440 966 1496 bic
975 1441 1080 1512 poterit
1093 1443 1194 1498 reterri
1207 1443 1244 1500 ad

656 1515 763 1570 donum
787 1511 910 1585 pictatis,
925 1513 1082 1569 secuudum
1104 1514 1172 1570 illud
1189 1516 1242 1571 Da-

657 1585 740 1642 nielis
756 1603 763 1640 :
779 1589 893 1641 Peccata
908 1590 956 1639 tau
980 1586 1158 1656 elecmosynis
1177 1586 1243 1643 red·

655 1663 717 1714 ime.
735 1688 769 1696 -
793 1655 903 1712 Tertius
924 1661 966 1712 est
988 1655 1098 1711 utilium
1113 1655 1172 1712 sire
1192 1673 1247 1713 ne-

657 1728 844 1786 cessariorum
870 1727 906 1782 ad
935 1727 1054 1783 salutem
1070 1727 1218 1784 instructio
1236 1746 1243 1798 ;

656 1805 684 1858 et
705 1802 758 1856 hoc
784 1799 908 1855 retertur
930 1800 967 1855 ad
983 1799 1089 1855 donum
1103 1798 1243 1869 scientiae,

656 1889 718 1943 quae
735 1872 818 1927 docet
832 1875 908 1926 recte
923 1871 1095 1925 conversari.
1108 1900 1140 1910 ·-
1157 1871 1244 1938 Quar-

657 1951 701 2000 tus
716 1943 804 1999 estad
821 1943 893 1998 bene
908 1941 1093 2013 operandum,
1110 1945 1138 1996 et
1153 1941 1243 1999 ardua

656 2014 878 2086 aggrediendum
889 2012 1043 2081 roboratio,
1058 2016 1242 2084 etbocquan-

657 2093 716 2144 tum
729 2087 766 2143 ad
780 2085 887 2141 donum
903 2083 1024 2153 consilii,
1039 2086 1115 2156 quod
1129 2085 1244 2158 respicit

658 2160 778 2215 maximo
802 2173 890 2227 opera
917 2157 1189 2228 supererogatiolis.
1210 2188 1244 2199 -

657 2230 777 2298 Quintus
796 2229 914 2284 effectus
943 2232 986 2284 est
1009 2227 1038 2283 in
1059 2228 1246 2285 tribulatione

657 2299 822 2365 consolatio,
841 2314 989 2370 perquam
1005 2298 1243 2357 animal'ortillca-

658 2379 704 2429 tur
729 2372 765 2427 ad
784 2370 962 2426 tolerandum
977 2370 1096 2424 adversa
1111 2388 1117 2436 ;
1135 2377 1164 2426 et
1188 2373 1241 2428 hoc

657 2448 794 2516 quantum
808 2441 843 2496 ad
856 2440 963 2495 donum
979 2440 1164 2509 tortitudinis,
1179 2459 1243 2513 quae

658 2516 799 2587 praecipue
814 2510 970 2567 attenditur
980 2511 1009 2566 in
1026 2511 1177 2568 tolerantia
1191 2514 1245 2569 ad-

659 2599 816 2642 versorum.
832 2615 867 2623 -
880 2583 979 2639 Sextus
993 2587 1037 2638 est
1050 2582 1199 2639 charitatis
1216 2589 1245 2640 et

658 2655 818 2714 dilectionis
842 2653 892 2710 Dei
908 2653 1119 2720 iullammatio;
1143 2661 1171 2709 et
1191 2655 1245 2711 linc

678 2733 796 2784 uantum
817 2726 853 2782 ad
877 2725 984 2780 donum
1009 2725 1182 2793 intellectuS,
1198 2725 1245 2796 qui

657 2746 740 2856 iiocet
760 2797 929 2868 inlelligere,
946 2795 973 2851 id
990 2803 1034 2852 est
1055 2799 1130 2851 iratus
1158 2799 1247 2865 legere

658 2870 706 2927 Dei
723 2869 873 2934 beneficia,
885 2884 935 2940 per
950 2883 1013 2939 quaa
1029 2867 1166 2924 animuin
1182 2868 1245 2939 ejus

657 2957 783 2999 amorem
802 2939 965 2998 accenditur
983 2946 1012 2996 et
1037 2939 1242 2995 inflammatur.

658 3045 692 3053 -
707 3013 848 3085 Septimus
862 3016 932 3068 csta
946 3010 1068 3068 terrenis
1081 3011 1202 3067 clevatio
1217 3017 1246 3068 et

656 3085 813 3142 coelestium
825 3083 1039 3155 contemplati0;
1050 3088 1079 3139 et
1089 3084 1141 3139 hoc
1154 3099 1246 3155 quau-

656 3162 718 3213 tum
733 3158 769 3212 ad
782 3157 887 3212 donum
902 3155 1059 3227 sapientiae,
1074 3172 1137 3225 (puae
1153 3160 1196 3211 est
1212 3155 1248 3211 de

657 3228 781 3294 aeternis,
798 3227 905 3282 scilicet
920 3226 1012 3294 donis,
1044 3242 1106 3296 quaa
1132 3241 1246 3282 sursum

657 3304 725 3355 sunt
742 3314 853 3368 sapere,
871 3314 928 3352 nou
944 3314 1007 3367 quae
1023 3312 1108 3366 super
1126 3301 1244 3351 terram.

656 3374 692 3426 Et
708 3371 850 3435 confestim
863 3369 995 3422 rtrundatu
1014 3372 1053 3421 est
1071 3369 1147 3432 lepra
1161 3367 1244 3434 ejus:

657 3441 692 3497 ad
704 3439 817 3495 Domini
843 3437 995 3509 imperium
1014 3440 1041 3492 et
1057 3437 1242 3505 voluntatem,

657 3511 752 3568 statim
771 3516 815 3567 est
834 3525 904 3581 opus
928 3513 1065 3565 seculum.
1084 3508 1247 3565 Secundum

658 3585 802 3652 cyrillum.
819 3581 873 3638 ista
892 3580 988 3648 dictio,
1008 3578 1167 3646 confestim,
1188 3585 1246 3636 tar·

658 3655 722 3712 dius
741 3655 892 3725 protertur,
909 3668 973 3708 cum
999 3667 1070 3722 opus
1090 3650 1248 3732 sanationis

660 3725 745 3783 luerit
770 3726 884 3781 lactum.
902 3725 971 3780 Cum
994 3731 1088 3778 autem
1118 3725 1162 3778 lue
1186 3739 1247 3780 ma·

660 3814 716 3871 gua
735 3803 871 3868 appareat
897 3793 1010 3851 Domini
1037 3801 1173 3866 potestas,
1190 3810 1249 3852 nou

663 3868 757 3924 minor
772 3869 832 3939 ejus
848 3866 1009 3923 declaratur
1024 3866 1190 3923 humilitas.x
1201 3867 1249 3922 Le·

663 3955 778 4012 prosum
794 3936 870 3994 enim
888 3953 973 4008 quem
995 3939 1048 3994 Lex
1063 3944 1141 3994 extra
1156 3942 1251 3993 castra

663 4010 804 4081 ejiciebat,
826 4025 909 4080 quem
926 4008 1030 4065 Scriba
1050 4015 1135 4079 atquo
1147 4007 1250 4064 Pliari·

663 4081 712 4138 sai
734 4084 778 4136 vix
804 4080 945 4152 respicere
963 4080 1170 4152 dignabantur,
1190 4079 1251 4151 ipse

663 4158 781 4224 tangere
812 4168 868 4209 nou
898 4150 1048 4220 recusavit,
1069 4167 1127 4231 nou
1159 4150 1251 4206 solum

664 4230 780 4297 propter
795 4224 935 4280 occultum
953 4224 994 4280 rei
1008 4227 1183 4350 nrfstcrium,
1200 4220 1251 4278 sed

664 4301 697 4354 ut
714 4295 797 4354 nobis
818 4296 939 4353 formam
953 4297 1032 4352 humi
1046 4291 1122 4350 itatis
1135 4293 1249 4366 praebe-
