<?xml version="1.0" encoding="UTF-8"?>
<!DOCTYPE html PUBLIC "-//W3C//DTD XHTML 1.0 Transitional//EN"
    "http://www.w3.org/TR/xhtml1/DTD/xhtml1-transitional.dtd">
<html xmlns="http://www.w3.org/1999/xhtml" xml:lang="en" lang="en">
 <head>
  <title>
</title>
<meta http-equiv="Content-Type" content="text/html;charset=utf-8" />
  <meta name='ocr-system' content='tesseract 3.04.00' />
  <meta name='ocr-capabilities' content='ocr_page ocr_carea ocr_par ocr_line ocrx_word'/>
</head>
<body>
  <div class='ocr_page' id='page_1' title='image "./vitajesuchristi02ludogoog_0368.png"; bbox 0 0 2790 4912; ppageno 0'>
   <div class='ocr_carea' id='block_1_1' title="bbox 82 297 947 359">
    <p class='ocr_par' dir='ltr' id='par_1_1' title="bbox 82 297 947 359">
     <span class='ocr_line' id='line_1_1' title="bbox 82 297 947 359; baseline -0.008 0"><span class='ocrx_word' id='word_1_1' title='bbox 82 305 130 359; x_wconf 80' lang='lat'><strong>³56</strong></span> <span class='ocrx_word' id='word_1_2' title='bbox 430 299 542 353; x_wconf 75' lang='lat' dir='ltr'><strong>ratuni</strong></span> <span class='ocrx_word' id='word_1_3' title='bbox 569 298 689 353; x_wconf 80' lang='lat' dir='ltr'><strong>rantis</strong></span> <span class='ocrx_word' id='word_1_4' title='bbox 716 297 821 351; x_wconf 71' lang='lat' dir='ltr'><strong>CAPUT</strong></span> <span class='ocrx_word' id='word_1_5' title='bbox 848 299 947 354; x_wconf 82' lang='lat' dir='ltr'><strong>xttlr.</strong></span> 
     </span>
    </p>
   </div>
   <div class='ocr_carea' id='block_1_2' title="bbox 67 402 1395 4321">
    <p class='ocr_par' dir='ltr' id='par_1_2' title="bbox 67 402 1395 4321">
     <span class='ocr_line' id='line_1_2' title="bbox 82 402 1311 478; baseline -0.009 -9"><span class='ocrx_word' id='word_1_6' title='bbox 82 410 238 477; x_wconf 89' lang='lat' dir='ltr'><strong>silentium,</strong></span> <span class='ocrx_word' id='word_1_7' title='bbox 254 408 350 465; x_wconf 90' lang='lat' dir='ltr'><strong>docuit</strong></span> <span class='ocrx_word' id='word_1_8' title='bbox 365 424 417 463; x_wconf 93' lang='lat' dir='ltr'><strong>nos</strong></span> <span class='ocrx_word' id='word_1_9' title='bbox 431 405 529 463; x_wconf 88' lang='lat' dir='ltr'><strong>landes</strong></span> <span class='ocrx_word' id='word_1_10' title='bbox 544 405 668 478; x_wconf 90' lang='lat' dir='ltr'><strong>turpium</strong></span> <span class='ocrx_word' id='word_1_11' title='bbox 723 404 848 463; x_wconf 85' lang='lat' dir='ltr'><strong>earnalia</strong></span> <span class='ocrx_word' id='word_1_12' title='bbox 868 406 944 462; x_wconf 91' lang='lat' dir='ltr'><strong>bona</strong></span> <span class='ocrx_word' id='word_1_13' title='bbox 961 420 1020 461; x_wconf 93' lang='lat' dir='ltr'><strong>non</strong></span> <span class='ocrx_word' id='word_1_14' title='bbox 1043 405 1186 477; x_wconf 87' lang='lat' dir='ltr'><strong>sequitur,</strong></span> <span class='ocrx_word' id='word_1_15' title='bbox 1206 402 1311 459; x_wconf 81' lang='lat' dir='ltr'><strong>exstin-</strong></span> 
     </span>
     <span class='ocr_line' id='line_1_3' title="bbox 82 475 1377 555; baseline -0.002 -17"><span class='ocrx_word' id='word_1_16' title='bbox 82 479 668 555; x_wconf 81' lang='lat' dir='ltr'><strong>fugere.Unde,secundum8eneeom,tam</strong></span> <span class='ocrx_word' id='word_1_17' title='bbox 723 480 798 534; x_wconf 91' lang='lat' dir='ltr'><strong>ctum</strong></span> <span class='ocrx_word' id='word_1_18' title='bbox 826 476 954 533; x_wconf 79' lang='lat' dir='ltr'><strong>funditus</strong></span> <span class='ocrx_word' id='word_1_19' title='bbox 982 475 1163 533; x_wconf 77' lang='lat' dir='ltr'><strong>arbitrantur</strong></span> <span class='ocrx_word' id='word_1_20' title='bbox 1185 493 1192 531; x_wconf 73' lang='grc' dir='ltr'>ε</span> <span class='ocrx_word' id='word_1_21' title='bbox 1218 495 1233 526; x_wconf 80' lang='lat' dir='ltr'><strong>n</strong></span> <span class='ocrx_word' id='word_1_22' title='bbox 1254 475 1312 531; x_wconf 76' lang='lat' dir='ltr'><strong>baec</strong></span> <span class='ocrx_word' id='word_1_23' title='bbox 1366 528 1377 535; x_wconf 88' lang='lat'>.</span> 
     </span>
     <span class='ocr_line' id='line_1_4' title="bbox 82 545 1309 622; baseline -0.005 -12"><span class='ocrx_word' id='word_1_24' title='bbox 82 555 165 610; x_wconf 89' lang='lat' dir='ltr'><strong>triste</strong></span> <span class='ocrx_word' id='word_1_25' title='bbox 183 558 213 609; x_wconf 90' lang='lat' dir='ltr'><strong>et</strong></span> <span class='ocrx_word' id='word_1_26' title='bbox 227 558 286 608; x_wconf 92' lang='lat' dir='ltr'><strong>tam</strong></span> <span class='ocrx_word' id='word_1_27' title='bbox 303 556 385 622; x_wconf 92' lang='lat' dir='ltr'><strong>turpe</strong></span> <span class='ocrx_word' id='word_1_28' title='bbox 400 548 482 605; x_wconf 91' lang='lat' dir='ltr'><strong>nobis</strong></span> <span class='ocrx_word' id='word_1_29' title='bbox 503 548 587 604; x_wconf 92' lang='lat' dir='ltr'><strong>debet</strong></span> <span class='ocrx_word' id='word_1_30' title='bbox 606 565 668 604; x_wconf 90' lang='lat' dir='ltr'><strong>esse</strong></span> <span class='ocrx_word' id='word_1_31' title='bbox 723 549 878 617; x_wconf 80' lang='lat' dir='ltr'><strong>Greqorius.</strong></span> <span class='ocrx_word' id='word_1_32' title='bbox 895 547 924 604; x_wconf 89' lang='lat' dir='ltr'><strong>Si</strong></span> <span class='ocrx_word' id='word_1_33' title='bbox 939 564 1008 620; x_wconf 79' lang='lat' dir='ltr'><strong>ergo</strong></span> <span class='ocrx_word' id='word_1_34' title='bbox 1023 563 1041 602; x_wconf 96' lang='lat' dir='ltr'><strong>a</strong></span> <span class='ocrx_word' id='word_1_35' title='bbox 1056 547 1185 618; x_wconf 79' lang='lat' dir='ltr'><strong>maligno</strong></span> <span class='ocrx_word' id='word_1_36' title='bbox 1206 545 1309 604; x_wconf 77' lang='lat' dir='ltr'><strong>libera·</strong></span> 
     </span>
     <span class='ocr_line' id='line_1_5' title="bbox 82 615 1375 695; baseline -0.005 -14"><span class='ocrx_word' id='word_1_37' title='bbox 82 624 193 681; x_wconf 88' lang='lat' dir='ltr'><strong>laudari</strong></span> <span class='ocrx_word' id='word_1_38' title='bbox 206 640 222 679; x_wconf 84' lang='lat' dir='ltr'><strong>a</strong></span> <span class='ocrx_word' id='word_1_39' title='bbox 233 621 373 695; x_wconf 75' lang='lat' dir='ltr'><strong>turpibus,</strong></span> <span class='ocrx_word' id='word_1_40' title='bbox 388 635 472 691; x_wconf 88' lang='lat' dir='ltr'><strong>qoam</strong></span> <span class='ocrx_word' id='word_1_41' title='bbox 484 619 508 675; x_wconf 92' lang='lat' dir='ltr'><strong>si</strong></span> <span class='ocrx_word' id='word_1_42' title='bbox 519 619 669 676; x_wconf 89' lang='lat' dir='ltr'><strong>laudemur</strong></span> <span class='ocrx_word' id='word_1_43' title='bbox 722 624 767 676; x_wconf 88' lang='lat' dir='ltr'><strong>tus</strong></span> <span class='ocrx_word' id='word_1_44' title='bbox 789 624 832 676; x_wconf 88' lang='lat' dir='ltr'><strong>est</strong></span> <span class='ocrx_word' id='word_1_45' title='bbox 849 625 989 686; x_wconf 92' lang='lat' dir='ltr'><strong>mortuus,</strong></span> <span class='ocrx_word' id='word_1_46' title='bbox 1004 618 1135 689; x_wconf 88' lang='lat' dir='ltr'><strong>sequitur</strong></span> <span class='ocrx_word' id='word_1_47' title='bbox 1153 617 1244 690; x_wconf 92' lang='lat' dir='ltr'><strong>quod,</strong></span> <span class='ocrx_word' id='word_1_48' title='bbox 1266 615 1311 689; x_wconf 90' lang='lat' dir='ltr'><strong>qui</strong></span> <span class='ocrx_word' id='word_1_49' title='bbox 1353 624 1375 637; x_wconf 74' lang='lat'>⁸</span> 
     </span>
     <span class='ocr_line' id='line_1_6' title="bbox 82 689 1389 766; baseline -0.005 -13"><span class='ocrx_word' id='word_1_50' title='bbox 82 697 120 754; x_wconf 93' lang='lat' dir='ltr'><strong>ob</strong></span> <span class='ocrx_word' id='word_1_51' title='bbox 137 695 242 766; x_wconf 85' lang='lat' dir='ltr'><strong>turpia.</strong></span> <span class='ocrx_word' id='word_1_52' title='bbox 721 706 780 747; x_wconf 90' lang='lat' dir='ltr'><strong>non</strong></span> <span class='ocrx_word' id='word_1_53' title='bbox 803 695 846 748; x_wconf 89' lang='lat' dir='ltr'><strong>est</strong></span> <span class='ocrx_word' id='word_1_54' title='bbox 865 689 970 747; x_wconf 93' lang='lat' dir='ltr'><strong>mundo</strong></span> <span class='ocrx_word' id='word_1_55' title='bbox 989 698 1130 758; x_wconf 86' lang='lat' dir='ltr'><strong>mortuos,</strong></span> <span class='ocrx_word' id='word_1_56' title='bbox 1156 705 1216 746; x_wconf 95' lang='lat' dir='ltr'><strong>non</strong></span> <span class='ocrx_word' id='word_1_57' title='bbox 1235 692 1311 745; x_wconf 80' lang='lat' dir='ltr'><strong>esta</strong></span> <span class='ocrx_word' id='word_1_58' title='bbox 1379 722 1389 746; x_wconf 77' lang='grc'>;</span> 
     </span>
     <span class='ocr_line' id='line_1_7' title="bbox 118 760 1385 843; baseline -0.004 -21"><span class='ocrx_word' id='word_1_59' title='bbox 118 769 326 834; x_wconf 69' lang='lat' dir='ltr'><strong>abauonmcos</strong></span> <span class='ocrx_word' id='word_1_60' title='bbox 340 782 357 819; x_wconf 76' lang='lat' dir='ltr'><strong>a</strong></span> <span class='ocrx_word' id='word_1_61' title='bbox 369 779 485 818; x_wconf 74' lang='lat' dir='ltr'><strong>nranoto</strong></span> <span class='ocrx_word' id='word_1_62' title='bbox 500 779 554 818; x_wconf 84' lang='lat' dir='ltr'><strong>non</strong></span> <span class='ocrx_word' id='word_1_63' title='bbox 564 779 669 817; x_wconf 83' lang='lat' dir='ltr'><strong>mscm-</strong></span> <span class='ocrx_word' id='word_1_64' title='bbox 722 761 848 834; x_wconf 80' lang='lat' dir='ltr'><strong>maligno</strong></span> <span class='ocrx_word' id='word_1_65' title='bbox 868 761 1018 830; x_wconf 85' lang='lat' dir='ltr'><strong>liberatus3</strong></span> <span class='ocrx_word' id='word_1_66' title='bbox 1040 762 1115 843; x_wconf 86' lang='lat' dir='ltr'><strong>quod</strong></span> <span class='ocrx_word' id='word_1_67' title='bbox 1132 766 1176 818; x_wconf 92' lang='lat' dir='ltr'><strong>est</strong></span> <span class='ocrx_word' id='word_1_68' title='bbox 1192 760 1311 817; x_wconf 82' lang='lat' dir='ltr'><strong>verbum</strong></span> <span class='ocrx_word' id='word_1_69' title='bbox 1360 792 1385 817; x_wconf 78' lang='grc' dir='ltr'><strong>ι.</strong></span> 
     </span>
     <span class='ocr_line' id='line_1_8' title="bbox 81 832 1354 904; baseline -0.008 -10"><span class='ocrx_word' id='word_1_70' title='bbox 81 855 167 894; x_wconf 81' lang='lat' dir='ltr'><strong>rsnra</strong></span> <span class='ocrx_word' id='word_1_71' title='bbox 190 852 348 892; x_wconf 78' lang='lat' dir='ltr'><strong>tranantur.</strong></span> <span class='ocrx_word' id='word_1_72' title='bbox 372 865 406 875; x_wconf 94' lang='lat'>-</span> <span class='ocrx_word' id='word_1_73' title='bbox 425 835 458 888; x_wconf 84' lang='lat' dir='ltr'><strong>Et</strong></span> <span class='ocrx_word' id='word_1_74' title='bbox 480 832 591 903; x_wconf 87' lang='lat' dir='ltr'><strong>spiritui</strong></span> <span class='ocrx_word' id='word_1_75' title='bbox 613 833 667 888; x_wconf 91' lang='lat' dir='ltr'><strong>im·</strong></span> <span class='ocrx_word' id='word_1_76' title='bbox 720 832 849 891; x_wconf 91' lang='lat' dir='ltr'><strong>terribile</strong></span> <span class='ocrx_word' id='word_1_77' title='bbox 864 833 1001 890; x_wconf 91' lang='lat' dir='ltr'><strong>mundum</strong></span> <span class='ocrx_word' id='word_1_78' title='bbox 1023 832 1276 904; x_wconf 75' lang='lat' dir='ltr'><strong>diligentibusl</strong></span> <span class='ocrx_word' id='word_1_79' title='bbox 1331 863 1354 884; x_wconf 15' lang='grc' dir='ltr'><strong>Α-</strong></span> 
     </span>
     <span class='ocr_line' id='line_1_9' title="bbox 80 903 1363 978; baseline -0.002 -14"><span class='ocrx_word' id='word_1_80' title='bbox 80 903 665 978; x_wconf 83' lang='lat' dir='ltr'><strong>mundojubensaitzEeiobeehomine.</strong></span> <span class='ocrx_word' id='word_1_81' title='bbox 721 912 812 961; x_wconf 85' lang='lat' dir='ltr'><strong>nutent</strong></span> <span class='ocrx_word' id='word_1_82' title='bbox 842 911 934 960; x_wconf 87' lang='lat' dir='ltr'><strong>tenens</strong></span> <span class='ocrx_word' id='word_1_83' title='bbox 961 920 1073 959; x_wconf 86' lang='lat' dir='ltr'><strong>monum</strong></span> <span class='ocrx_word' id='word_1_84' title='bbox 1104 907 1167 972; x_wconf 73' lang='lat' dir='ltr'><strong>eius</strong></span> <span class='ocrx_word' id='word_1_85' title='bbox 1195 905 1363 961; x_wconf 58' lang='lat' dir='ltr'><strong>elevati&amp;</strong></span> 
     </span>
     <span class='ocr_line' id='line_1_10' title="bbox 78 974 1296 1047; baseline -0.004 -12"><span class='ocrx_word' id='word_1_86' title='bbox 78 982 248 1035; x_wconf 82' lang='lat' dir='ltr'><strong>Daemonium</strong></span> <span class='ocrx_word' id='word_1_87' title='bbox 269 981 365 1034; x_wconf 87' lang='lat' dir='ltr'><strong>autem</strong></span> <span class='ocrx_word' id='word_1_88' title='bbox 384 993 445 1032; x_wconf 87' lang='lat' dir='ltr'><strong>eum</strong></span> <span class='ocrx_word' id='word_1_89' title='bbox 458 977 617 1046; x_wconf 83' lang='lat' dir='ltr'><strong>projecisset</strong></span> <span class='ocrx_word' id='word_1_90' title='bbox 631 978 667 1030; x_wconf 91' lang='lat' dir='ltr'><strong>il·</strong></span> <span class='ocrx_word' id='word_1_91' title='bbox 720 992 790 1040; x_wconf 88' lang='lat' dir='ltr'><strong>eun,</strong></span> <span class='ocrx_word' id='word_1_92' title='bbox 807 982 833 1031; x_wconf 86' lang='lat' dir='ltr'><strong>et</strong></span> <span class='ocrx_word' id='word_1_93' title='bbox 848 978 971 1031; x_wconf 82' lang='lat' dir='ltr'><strong>surreait</strong></span> <span class='ocrx_word' id='word_1_94' title='bbox 987 993 994 1030; x_wconf 91' lang='lat'>:</span> <span class='ocrx_word' id='word_1_95' title='bbox 1012 974 1073 1047; x_wconf 93' lang='lat' dir='ltr'><strong>ipse</strong></span> <span class='ocrx_word' id='word_1_96' title='bbox 1087 974 1166 1031; x_wconf 93' lang='lat' dir='ltr'><strong>enim</strong></span> <span class='ocrx_word' id='word_1_97' title='bbox 1182 978 1296 1046; x_wconf 74' lang='lat' dir='ltr'><strong>prestre</strong></span> 
     </span>
     <span class='ocr_line' id='line_1_11' title="bbox 80 1044 1394 1118; baseline -0.003 -12"><span class='ocrx_word' id='word_1_98' title='bbox 80 1050 137 1106; x_wconf 84' lang='lat' dir='ltr'><strong>lum</strong></span> <span class='ocrx_word' id='word_1_99' title='bbox 147 1053 177 1104; x_wconf 90' lang='lat' dir='ltr'><strong>in</strong></span> <span class='ocrx_word' id='word_1_100' title='bbox 190 1049 310 1104; x_wconf 87' lang='lat' dir='ltr'><strong>medium</strong></span> <span class='ocrx_word' id='word_1_101' title='bbox 320 1049 476 1118; x_wconf 75' lang='lat' dir='ltr'><strong>discerpens</strong></span> <span class='ocrx_word' id='word_1_102' title='bbox 489 1063 559 1110; x_wconf 89' lang='lat' dir='ltr'><strong>eum,</strong></span> <span class='ocrx_word' id='word_1_103' title='bbox 572 1062 667 1117; x_wconf 88' lang='lat' dir='ltr'><strong>quam·</strong></span> <span class='ocrx_word' id='word_1_104' title='bbox 722 1045 757 1103; x_wconf 93' lang='lat' dir='ltr'><strong>tis</strong></span> <span class='ocrx_word' id='word_1_105' title='bbox 772 1062 889 1103; x_wconf 89' lang='lat' dir='ltr'><strong>manum</strong></span> <span class='ocrx_word' id='word_1_106' title='bbox 901 1045 994 1102; x_wconf 84' lang='lat' dir='ltr'><strong>auxilii</strong></span> <span class='ocrx_word' id='word_1_107' title='bbox 1007 1045 1138 1117; x_wconf 79' lang='lat' dir='ltr'><strong>porrigit,</strong></span> <span class='ocrx_word' id='word_1_108' title='bbox 1151 1045 1214 1118; x_wconf 88' lang='lat' dir='ltr'><strong>ipse</strong></span> <span class='ocrx_word' id='word_1_109' title='bbox 1227 1044 1264 1102; x_wconf 88' lang='lat' dir='ltr'><strong>eii</strong></span> <span class='ocrx_word' id='word_1_110' title='bbox 1286 1070 1362 1095; x_wconf 56' lang='lat'><strong>1:-</strong></span> <span class='ocrx_word' id='word_1_111' title='bbox 1372 1081 1394 1095; x_wconf 20' lang='grc' dir='ltr'><strong>ν.</strong></span> 
     </span>
     <span class='ocr_line' id='line_1_12' title="bbox 80 1117 1273 1189; baseline -0.003 -12"><span class='ocrx_word' id='word_1_112' title='bbox 80 1124 141 1177; x_wconf 90' lang='lat' dir='ltr'><strong>tum</strong></span> <span class='ocrx_word' id='word_1_113' title='bbox 169 1121 205 1176; x_wconf 95' lang='lat' dir='ltr'><strong>ad</strong></span> <span class='ocrx_word' id='word_1_114' title='bbox 232 1119 427 1187; x_wconf 81' lang='lat' dir='ltr'><strong>afflictionem,</strong></span> <span class='ocrx_word' id='word_1_115' title='bbox 456 1123 481 1173; x_wconf 90' lang='lat' dir='ltr'><strong>et</strong></span> <span class='ocrx_word' id='word_1_116' title='bbox 509 1120 667 1173; x_wconf 78' lang='lat' dir='ltr'><strong>acclamans</strong></span> <span class='ocrx_word' id='word_1_117' title='bbox 720 1117 813 1189; x_wconf 83' lang='lat' dir='ltr'><strong>erigit.</strong></span> <span class='ocrx_word' id='word_1_118' title='bbox 831 1117 883 1174; x_wconf 87' lang='lat' dir='ltr'><strong>Ubi</strong></span> <span class='ocrx_word' id='word_1_119' title='bbox 899 1118 1062 1173; x_wconf 81' lang='lat' dir='ltr'><strong>Ambrosius</strong></span> <span class='ocrx_word' id='word_1_120' title='bbox 1077 1137 1086 1172; x_wconf 77' lang='grc' dir='ltr'><strong><em>ε</em></strong></span> <span class='ocrx_word' id='word_1_121' title='bbox 1101 1141 1116 1168; x_wconf 92' lang='grc' dir='ltr'><strong>ιι</strong></span> <span class='ocrx_word' id='word_1_122' title='bbox 1134 1117 1253 1189; x_wconf 78' lang='lat' dir='ltr'><strong>Mystico</strong></span> <span class='ocrx_word' id='word_1_123' title='bbox 1271 1159 1273 1164; x_wconf 35' lang='grc' dir='ltr'>ι</span> 
     </span>
     <span class='ocr_line' id='line_1_13' title="bbox 78 1187 1394 1261; baseline -0.003 -13"><span class='ocrx_word' id='word_1_124' title='bbox 78 1206 143 1248; x_wconf 86' lang='lat' dir='ltr'><strong>uoce</strong></span> <span class='ocrx_word' id='word_1_125' title='bbox 153 1195 343 1259; x_wconf 69' lang='lat' dir='ltr'><strong>nequeamus</strong></span> <span class='ocrx_word' id='word_1_126' title='bbox 356 1192 391 1245; x_wconf 86' lang='lat' dir='ltr'><strong>eb</strong></span> <span class='ocrx_word' id='word_1_127' title='bbox 403 1206 442 1250; x_wconf 90' lang='lat' dir='ltr'><strong>eo.</strong></span> <span class='ocrx_word' id='word_1_128' title='bbox 451 1192 575 1260; x_wconf 76' lang='lat' dir='ltr'><strong>nihilque</strong></span> <span class='ocrx_word' id='word_1_129' title='bbox 585 1193 611 1244; x_wconf 89' lang='lat' dir='ltr'><strong>ei</strong></span> <span class='ocrx_word' id='word_1_130' title='bbox 620 1206 666 1244; x_wconf 82' lang='lat' dir='ltr'><strong>no</strong></span> <span class='ocrx_word' id='word_1_131' title='bbox 720 1188 844 1259; x_wconf 89' lang='lat' dir='ltr'><strong>tem,qui</strong></span> <span class='ocrx_word' id='word_1_132' title='bbox 855 1188 882 1244; x_wconf 93' lang='lat' dir='ltr'><strong>in</strong></span> <span class='ocrx_word' id='word_1_133' title='bbox 890 1203 1035 1260; x_wconf 67' lang='lat' dir='ltr'><strong>synagoga</strong></span> <span class='ocrx_word' id='word_1_134' title='bbox 1043 1189 1168 1246; x_wconf 82' lang='lat' dir='ltr'><strong>habebat</strong></span> <span class='ocrx_word' id='word_1_135' title='bbox 1178 1187 1301 1261; x_wconf 74' lang='lat' dir='ltr'><strong>spirituo</strong></span> <span class='ocrx_word' id='word_1_136' title='bbox 1314 1213 1362 1238; x_wconf 71' lang='grc' dir='ltr'>ο</span> <span class='ocrx_word' id='word_1_137' title='bbox 1391 1214 1394 1238; x_wconf 86' lang='grc' dir='ltr'><strong>ι</strong></span> 
     </span>
     <span class='ocr_line' id='line_1_14' title="bbox 79 1259 1388 1342; baseline -0.003 -23"><span class='ocrx_word' id='word_1_138' title='bbox 79 1267 147 1327; x_wconf 86' lang='lat' dir='ltr'><strong>enit,</strong></span> <span class='ocrx_word' id='word_1_139' title='bbox 166 1269 304 1334; x_wconf 88' lang='lat' dir='ltr'><strong>quantum</strong></span> <span class='ocrx_word' id='word_1_140' title='bbox 321 1263 357 1319; x_wconf 91' lang='lat' dir='ltr'><strong>ad</strong></span> <span class='ocrx_word' id='word_1_141' title='bbox 378 1261 595 1318; x_wconf 78' lang='lat' dir='ltr'><strong>mutilationem.</strong></span> <span class='ocrx_word' id='word_1_142' title='bbox 616 1259 666 1317; x_wconf 91' lang='lat' dir='ltr'><strong>Ubi</strong></span> <span class='ocrx_word' id='word_1_143' title='bbox 720 1260 909 1327; x_wconf 89' lang='lat' dir='ltr'><strong>immundum,</strong></span> <span class='ocrx_word' id='word_1_144' title='bbox 928 1259 1051 1342; x_wconf 91' lang='lat' dir='ltr'><strong>populus</strong></span> <span class='ocrx_word' id='word_1_145' title='bbox 1070 1266 1112 1316; x_wconf 91' lang='lat' dir='ltr'><strong>est</strong></span> <span class='ocrx_word' id='word_1_146' title='bbox 1132 1261 1317 1329; x_wconf 36' lang='lat' dir='ltr'><strong>ludaeorum..</strong></span> <span class='ocrx_word' id='word_1_147' title='bbox 1369 1308 1388 1315; x_wconf 84' lang='lat'><strong>-</strong></span> 
     </span>
     <span class='ocr_line' id='line_1_15' title="bbox 77 1330 1387 1404; baseline -0.005 -13"><span class='ocrx_word' id='word_1_148' title='bbox 77 1337 262 1403; x_wconf 84' lang='lat' dir='ltr'><strong>Hieronqmus</strong></span> <span class='ocrx_word' id='word_1_149' title='bbox 290 1354 299 1389; x_wconf 76' lang='lat' dir='ltr'><strong>e</strong></span> <span class='ocrx_word' id='word_1_150' title='bbox 325 1354 339 1386; x_wconf 91' lang='grc' dir='ltr'><strong>ι</strong></span> <span class='ocrx_word' id='word_1_151' title='bbox 363 1332 484 1404; x_wconf 88' lang='lat' dir='ltr'><strong>Spiritus</strong></span> <span class='ocrx_word' id='word_1_152' title='bbox 503 1330 666 1402; x_wconf 79' lang='lat' dir='ltr'><strong>discerpens</strong></span> <span class='ocrx_word' id='word_1_153' title='bbox 719 1330 767 1402; x_wconf 90' lang='lat' dir='ltr'><strong>qui</strong></span> <span class='ocrx_word' id='word_1_154' title='bbox 783 1330 935 1387; x_wconf 92' lang='lat' dir='ltr'><strong>innodatos</strong></span> <span class='ocrx_word' id='word_1_155' title='bbox 950 1330 1055 1388; x_wconf 82' lang='lat' dir='ltr'><strong>diaboli</strong></span> <span class='ocrx_word' id='word_1_156' title='bbox 1069 1330 1180 1402; x_wconf 86' lang='lat' dir='ltr'><strong>laqueis</strong></span> <span class='ocrx_word' id='word_1_157' title='bbox 1194 1330 1352 1388; x_wconf 78' lang='lat' dir='ltr'><strong>simula—</strong></span> <span class='ocrx_word' id='word_1_158' title='bbox 1370 1375 1387 1384; x_wconf 91' lang='lat'><strong>-</strong></span> 
     </span>
     <span class='ocr_line' id='line_1_16' title="bbox 77 1401 1395 1475; baseline -0.004 -13"><span class='ocrx_word' id='word_1_159' title='bbox 77 1401 665 1475; x_wconf 75' lang='lat' dir='ltr'><strong>hominemexiitabco.Appropiuquante</strong></span> <span class='ocrx_word' id='word_1_160' title='bbox 720 1408 777 1458; x_wconf 89' lang='lat' dir='ltr'><strong>tam</strong></span> <span class='ocrx_word' id='word_1_161' title='bbox 804 1402 932 1473; x_wconf 89' lang='lat' dir='ltr'><strong>eorporis</strong></span> <span class='ocrx_word' id='word_1_162' title='bbox 965 1401 1135 1458; x_wconf 87' lang='lat' dir='ltr'><strong>munditiam</strong></span> <span class='ocrx_word' id='word_1_163' title='bbox 1165 1401 1395 1458; x_wconf 56' lang='lat' dir='ltr'><strong>interiori?-</strong></span> 
     </span>
     <span class='ocr_line' id='line_1_17' title="bbox 77 1472 1395 1549; baseline -0.004 -16"><span class='ocrx_word' id='word_1_164' title='bbox 77 1478 181 1545; x_wconf 85' lang='lat' dir='ltr'><strong>saiute,</strong></span> <span class='ocrx_word' id='word_1_165' title='bbox 193 1475 402 1549; x_wconf 80' lang='lat' dir='ltr'><strong>appropinquat</strong></span> <span class='ocrx_word' id='word_1_166' title='bbox 413 1486 441 1530; x_wconf 88' lang='lat' dir='ltr'><strong>et</strong></span> <span class='ocrx_word' id='word_1_167' title='bbox 452 1473 578 1530; x_wconf 88' lang='lat' dir='ltr'><strong>tentatio.</strong></span> <span class='ocrx_word' id='word_1_168' title='bbox 595 1475 665 1529; x_wconf 89' lang='lat' dir='ltr'><strong>Pha·</strong></span> <span class='ocrx_word' id='word_1_169' title='bbox 720 1472 823 1529; x_wconf 90' lang='lat' dir='ltr'><strong>mentis</strong></span> <span class='ocrx_word' id='word_1_170' title='bbox 840 1473 973 1530; x_wconf 90' lang='lat' dir='ltr'><strong>sordibus</strong></span> <span class='ocrx_word' id='word_1_171' title='bbox 991 1473 1170 1544; x_wconf 90' lang='lat' dir='ltr'><strong>inquinabat.</strong></span> <span class='ocrx_word' id='word_1_172' title='bbox 1187 1475 1223 1529; x_wconf 85' lang='lat' dir='ltr'><strong>Et</strong></span> <span class='ocrx_word' id='word_1_173' title='bbox 1238 1473 1287 1529; x_wconf 77' lang='lat' dir='ltr'><strong>te=</strong></span> <span class='ocrx_word' id='word_1_174' title='bbox 1300 1498 1312 1518; x_wconf 71' lang='lat'>2</span> <span class='ocrx_word' id='word_1_175' title='bbox 1388 1494 1395 1518; x_wconf 63' lang='lat'><strong>‘-</strong></span> 
     </span>
     <span class='ocr_line' id='line_1_18' title="bbox 77 1543 1395 1617; baseline -0.005 -13"><span class='ocrx_word' id='word_1_176' title='bbox 77 1563 139 1616; x_wconf 91' lang='lat' dir='ltr'><strong>rao,</strong></span> <span class='ocrx_word' id='word_1_177' title='bbox 158 1548 291 1604; x_wconf 89' lang='lat' dir='ltr'><strong>dimissus</strong></span> <span class='ocrx_word' id='word_1_178' title='bbox 308 1548 344 1603; x_wconf 91' lang='lat' dir='ltr'><strong>ab</strong></span> <span class='ocrx_word' id='word_1_179' title='bbox 368 1546 465 1613; x_wconf 88' lang='lat' dir='ltr'><strong>lsrael,</strong></span> <span class='ocrx_word' id='word_1_180' title='bbox 487 1544 666 1617; x_wconf 86' lang='lat' dir='ltr'><strong>persequitur</strong></span> <span class='ocrx_word' id='word_1_181' title='bbox 721 1544 851 1614; x_wconf 90' lang='lat' dir='ltr'><strong>spiritum</strong></span> <span class='ocrx_word' id='word_1_182' title='bbox 879 1543 1057 1600; x_wconf 90' lang='lat' dir='ltr'><strong>immundum</strong></span> <span class='ocrx_word' id='word_1_183' title='bbox 1082 1545 1221 1613; x_wconf 88' lang='lat' dir='ltr'><strong>babebat,</strong></span> <span class='ocrx_word' id='word_1_184' title='bbox 1245 1543 1395 1616; x_wconf 61' lang='lat' dir='ltr'><strong>qu&#39;,--,</strong></span> 
     </span>
     <span class='ocr_line' id='line_1_19' title="bbox 77 1614 1385 1687; baseline -0.002 -13"><span class='ocrx_word' id='word_1_185' title='bbox 77 1620 175 1675; x_wconf 88' lang='lat' dir='ltr'><strong>israel.</strong></span> <span class='ocrx_word' id='word_1_186' title='bbox 194 1619 327 1676; x_wconf 83' lang='lat' dir='ltr'><strong>Diabolus</strong></span> <span class='ocrx_word' id='word_1_187' title='bbox 340 1622 517 1687; x_wconf 90' lang='lat' dir='ltr'><strong>contemptos</strong></span> <span class='ocrx_word' id='word_1_188' title='bbox 532 1615 621 1687; x_wconf 85' lang='lat' dir='ltr'><strong>surgit</strong></span> <span class='ocrx_word' id='word_1_189' title='bbox 637 1615 665 1670; x_wconf 89' lang='lat' dir='ltr'><strong>in</strong></span> <span class='ocrx_word' id='word_1_190' title='bbox 721 1615 855 1686; x_wconf 87' lang='lat' dir='ltr'><strong>Spiritum</strong></span> <span class='ocrx_word' id='word_1_191' title='bbox 872 1616 1005 1671; x_wconf 88' lang='lat' dir='ltr'><strong>Sanctum</strong></span> <span class='ocrx_word' id='word_1_192' title='bbox 1023 1616 1169 1672; x_wconf 90' lang='lat' dir='ltr'><strong>amiserat.</strong></span> <span class='ocrx_word' id='word_1_193' title='bbox 1191 1614 1324 1672; x_wconf 85' lang='lat' dir='ltr'><strong>introie-</strong></span> <span class='ocrx_word' id='word_1_194' title='bbox 1355 1634 1385 1661; x_wconf 84' lang='lat'><strong>-=</strong></span> 
     </span>
     <span class='ocr_line' id='line_1_20' title="bbox 78 1685 1392 1756; baseline -0.004 -10"><span class='ocrx_word' id='word_1_195' title='bbox 78 1689 216 1746; x_wconf 84' lang='lat' dir='ltr'><strong>scandata</strong></span> <span class='ocrx_word' id='word_1_196' title='bbox 243 1707 250 1744; x_wconf 73' lang='grc' dir='ltr'>ε</span> <span class='ocrx_word' id='word_1_197' title='bbox 277 1710 291 1738; x_wconf 86' lang='lat'>»</span> <span class='ocrx_word' id='word_1_198' title='bbox 319 1690 380 1744; x_wconf 75' lang='lat' dir='ltr'><strong>bac</strong></span> <span class='ocrx_word' id='word_1_199' title='bbox 404 1691 595 1756; x_wconf 82' lang='lat' dir='ltr'><strong>Hieronymus.</strong></span> <span class='ocrx_word' id='word_1_200' title='bbox 620 1688 665 1743; x_wconf 88' lang='lat' dir='ltr'><strong>Sic</strong></span> <span class='ocrx_word' id='word_1_201' title='bbox 719 1693 764 1742; x_wconf 89' lang='lat' dir='ltr'><strong>rat</strong></span> <span class='ocrx_word' id='word_1_202' title='bbox 792 1688 869 1742; x_wconf 91' lang='lat' dir='ltr'><strong>enim</strong></span> <span class='ocrx_word' id='word_1_203' title='bbox 902 1685 1043 1753; x_wconf 88' lang='lat' dir='ltr'><strong>diabolus,</strong></span> <span class='ocrx_word' id='word_1_204' title='bbox 1074 1687 1148 1744; x_wconf 90' lang='lat' dir='ltr'><strong>unde</strong></span> <span class='ocrx_word' id='word_1_205' title='bbox 1181 1686 1335 1744; x_wconf 69' lang='lat' dir='ltr'><strong>Christo:</strong></span> <span class='ocrx_word' id='word_1_206' title='bbox 1389 1704 1392 1709; x_wconf 44' lang='lat'>⁸</span> 
     </span>
     <span class='ocr_line' id='line_1_21' title="bbox 77 1757 1387 1830; baseline -0.005 -13"><span class='ocrx_word' id='word_1_207' title='bbox 77 1760 164 1817; x_wconf 88' lang='lat' dir='ltr'><strong>etiam</strong></span> <span class='ocrx_word' id='word_1_208' title='bbox 185 1760 286 1817; x_wconf 88' lang='lat' dir='ltr'><strong>areidit</strong></span> <span class='ocrx_word' id='word_1_209' title='bbox 303 1759 498 1830; x_wconf 87' lang='lat' dir='ltr'><strong>spiritualiter,</strong></span> <span class='ocrx_word' id='word_1_210' title='bbox 519 1759 586 1829; x_wconf 90' lang='lat' dir='ltr'><strong>quia</strong></span> <span class='ocrx_word' id='word_1_211' title='bbox 604 1757 664 1813; x_wconf 89' lang='lat' dir='ltr'><strong>dia·</strong></span> <span class='ocrx_word' id='word_1_212' title='bbox 719 1757 836 1814; x_wconf 82' lang='lat' dir='ltr'><strong>exierat.</strong></span> <span class='ocrx_word' id='word_1_213' title='bbox 850 1779 863 1808; x_wconf 79' lang='grc' dir='ltr'>ο</span> <span class='ocrx_word' id='word_1_214' title='bbox 879 1757 930 1815; x_wconf 92' lang='lat' dir='ltr'><strong>Ubi</strong></span> <span class='ocrx_word' id='word_1_215' title='bbox 942 1764 970 1814; x_wconf 91' lang='lat' dir='ltr'><strong>et</strong></span> <span class='ocrx_word' id='word_1_216' title='bbox 983 1760 1170 1829; x_wconf 73' lang='lat' dir='ltr'><strong>Theophilus:</strong></span> <span class='ocrx_word' id='word_1_217' title='bbox 1187 1780 1203 1810; x_wconf 91' lang='grc' dir='ltr'><strong>ιι</strong></span> <span class='ocrx_word' id='word_1_218' title='bbox 1217 1757 1299 1815; x_wconf 80' lang='lat' dir='ltr'><strong>scien</strong></span> <span class='ocrx_word' id='word_1_219' title='bbox 1328 1769 1387 1810; x_wconf 68' lang='grc' dir='ltr'>ι</span> 
     </span>
     <span class='ocr_line' id='line_1_22' title="bbox 76 1828 1387 1903; baseline -0.003 -15"><span class='ocrx_word' id='word_1_220' title='bbox 76 1831 160 1888; x_wconf 89' lang='lat' dir='ltr'><strong>bolus</strong></span> <span class='ocrx_word' id='word_1_221' title='bbox 175 1848 250 1903; x_wconf 85' lang='lat' dir='ltr'><strong>saepe</strong></span> <span class='ocrx_word' id='word_1_222' title='bbox 265 1831 293 1886; x_wconf 92' lang='lat' dir='ltr'><strong>in</strong></span> <span class='ocrx_word' id='word_1_223' title='bbox 307 1830 428 1887; x_wconf 88' lang='lat' dir='ltr'><strong>medinm</strong></span> <span class='ocrx_word' id='word_1_224' title='bbox 444 1828 556 1902; x_wconf 90' lang='lat' dir='ltr'><strong>projicit</strong></span> <span class='ocrx_word' id='word_1_225' title='bbox 569 1844 666 1900; x_wconf 88' lang='lat' dir='ltr'><strong>pecca·</strong></span> <span class='ocrx_word' id='word_1_226' title='bbox 719 1829 787 1886; x_wconf 94' lang='lat' dir='ltr'><strong>dum</strong></span> <span class='ocrx_word' id='word_1_227' title='bbox 804 1833 848 1885; x_wconf 90' lang='lat' dir='ltr'><strong>est</strong></span> <span class='ocrx_word' id='word_1_228' title='bbox 859 1829 957 1895; x_wconf 90' lang='lat' dir='ltr'><strong>eliam,</strong></span> <span class='ocrx_word' id='word_1_229' title='bbox 972 1829 1048 1900; x_wconf 91' lang='lat' dir='ltr'><strong>quod</strong></span> <span class='ocrx_word' id='word_1_230' title='bbox 1063 1828 1145 1885; x_wconf 86' lang='lat' dir='ltr'><strong>multi</strong></span> <span class='ocrx_word' id='word_1_231' title='bbox 1164 1844 1243 1885; x_wconf 90' lang='lat' dir='ltr'><strong>nunc</strong></span> <span class='ocrx_word' id='word_1_232' title='bbox 1256 1828 1293 1884; x_wconf 64' lang='lat' dir='ltr'><strong>d:</strong></span> <span class='ocrx_word' id='word_1_233' title='bbox 1316 1863 1387 1878; x_wconf 73' lang='grc'><strong>.-</strong></span> 
     </span>
     <span class='ocr_line' id='line_1_23' title="bbox 75 1899 1388 1974; baseline -0.002 -15"><span class='ocrx_word' id='word_1_234' title='bbox 75 1906 139 1959; x_wconf 92' lang='lat' dir='ltr'><strong>tum</strong></span> <span class='ocrx_word' id='word_1_235' title='bbox 160 1903 279 1974; x_wconf 89' lang='lat' dir='ltr'><strong>alicujus</strong></span> <span class='ocrx_word' id='word_1_236' title='bbox 294 1901 330 1958; x_wconf 92' lang='lat' dir='ltr'><strong>ad</strong></span> <span class='ocrx_word' id='word_1_237' title='bbox 350 1903 412 1973; x_wconf 88' lang='lat' dir='ltr'><strong>ejus</strong></span> <span class='ocrx_word' id='word_1_238' title='bbox 430 1899 662 1969; x_wconf 78' lang='lat' dir='ltr'><strong>iniarnationem3</strong></span> <span class='ocrx_word' id='word_1_239' title='bbox 720 1899 817 1957; x_wconf 90' lang='lat' dir='ltr'><strong>monia</strong></span> <span class='ocrx_word' id='word_1_240' title='bbox 831 1901 948 1967; x_wconf 88' lang='lat' dir='ltr'><strong>babent,</strong></span> <span class='ocrx_word' id='word_1_241' title='bbox 961 1916 1060 1956; x_wconf 91' lang='lat' dir='ltr'><strong>omnes</strong></span> <span class='ocrx_word' id='word_1_242' title='bbox 1073 1900 1181 1956; x_wconf 81' lang='lat' dir='ltr'><strong>scilicet</strong></span> <span class='ocrx_word' id='word_1_243' title='bbox 1194 1899 1245 1972; x_wconf 93' lang='lat' dir='ltr'><strong>qui</strong></span> <span class='ocrx_word' id='word_1_244' title='bbox 1256 1900 1293 1957; x_wconf 81' lang='lat' dir='ltr'><strong>d.·</strong></span> <span class='ocrx_word' id='word_1_245' title='bbox 1315 1934 1388 1947; x_wconf 82' lang='lat'><strong>--</strong></span> 
     </span>
     <span class='ocr_line' id='line_1_24' title="bbox 77 1970 1339 2043; baseline -0.001 -14"><span class='ocrx_word' id='word_1_246' title='bbox 77 1979 106 2029; x_wconf 93' lang='lat' dir='ltr'><strong>et</strong></span> <span class='ocrx_word' id='word_1_247' title='bbox 121 1990 185 2029; x_wconf 85' lang='lat' dir='ltr'><strong>cum</strong></span> <span class='ocrx_word' id='word_1_248' title='bbox 208 1978 338 2043; x_wconf 87' lang='lat' dir='ltr'><strong>peccator</strong></span> <span class='ocrx_word' id='word_1_249' title='bbox 358 1972 434 2027; x_wconf 87' lang='lat' dir='ltr'><strong>videt</strong></span> <span class='ocrx_word' id='word_1_250' title='bbox 454 1987 484 2026; x_wconf 89' lang='lat' dir='ltr'><strong>se</strong></span> <span class='ocrx_word' id='word_1_251' title='bbox 504 1973 663 2039; x_wconf 82' lang='lat' dir='ltr'><strong>contusum,</strong></span> <span class='ocrx_word' id='word_1_252' title='bbox 720 1971 881 2028; x_wconf 86' lang='lat' dir='ltr'><strong>munierum</strong></span> <span class='ocrx_word' id='word_1_253' title='bbox 893 1970 1035 2028; x_wconf 89' lang='lat' dir='ltr'><strong>desideria</strong></span> <span class='ocrx_word' id='word_1_254' title='bbox 1053 1971 1193 2043; x_wconf 88' lang='lat' dir='ltr'><strong>implent;</strong></span> <span class='ocrx_word' id='word_1_255' title='bbox 1217 1975 1249 2028; x_wconf 86' lang='lat' dir='ltr'><strong>ui</strong></span> <span class='ocrx_word' id='word_1_256' title='bbox 1266 1971 1339 2028; x_wconf 77' lang='lat' dir='ltr'><strong>iu·—</strong></span> 
     </span>
     <span class='ocr_line' id='line_1_25' title="bbox 76 2041 1395 2114; baseline -0.001 -15"><span class='ocrx_word' id='word_1_257' title='bbox 76 2043 194 2099; x_wconf 89' lang='lat' dir='ltr'><strong>dimittit</strong></span> <span class='ocrx_word' id='word_1_258' title='bbox 208 2047 365 2114; x_wconf 89' lang='lat' dir='ltr'><strong>peceatum,</strong></span> <span class='ocrx_word' id='word_1_259' title='bbox 385 2058 418 2096; x_wconf 90' lang='lat' dir='ltr'><strong>eo</strong></span> <span class='ocrx_word' id='word_1_260' title='bbox 440 2041 552 2112; x_wconf 86' lang='lat' dir='ltr'><strong>iturque</strong></span> <span class='ocrx_word' id='word_1_261' title='bbox 568 2042 665 2097; x_wconf 78' lang='lat' dir='ltr'><strong>diabo</strong></span> <span class='ocrx_word' id='word_1_262' title='bbox 718 2042 786 2100; x_wconf 92' lang='lat' dir='ltr'><strong>riosi</strong></span> <span class='ocrx_word' id='word_1_263' title='bbox 801 2043 908 2100; x_wconf 89' lang='lat' dir='ltr'><strong>babent</strong></span> <span class='ocrx_word' id='word_1_264' title='bbox 918 2043 1089 2098; x_wconf 77' lang='lat' dir='ltr'><strong>daemonium</strong></span> <span class='ocrx_word' id='word_1_265' title='bbox 1102 2042 1164 2111; x_wconf 86' lang='lat' dir='ltr'><strong>irae,</strong></span> <span class='ocrx_word' id='word_1_266' title='bbox 1180 2046 1210 2098; x_wconf 89' lang='lat' dir='ltr'><strong>et</strong></span> <span class='ocrx_word' id='word_1_267' title='bbox 1223 2041 1265 2098; x_wconf 90' lang='lat' dir='ltr'><strong>sic</strong></span> <span class='ocrx_word' id='word_1_268' title='bbox 1276 2042 1314 2098; x_wconf 82' lang='lat' dir='ltr'><strong>d:</strong></span> <span class='ocrx_word' id='word_1_269' title='bbox 1388 2057 1395 2079; x_wconf 59' lang='grc' dir='ltr'>ἰ</span> 
     </span>
     <span class='ocr_line' id='line_1_26' title="bbox 76 2058 1390 2185; baseline -0.007 -16"><span class='ocrx_word' id='word_1_270' title='bbox 76 2113 120 2170; x_wconf 90' lang='lat' dir='ltr'><strong>lus</strong></span> <span class='ocrx_word' id='word_1_271' title='bbox 146 2116 182 2169; x_wconf 93' lang='lat' dir='ltr'><strong>ab</strong></span> <span class='ocrx_word' id='word_1_272' title='bbox 206 2129 240 2168; x_wconf 89' lang='lat' dir='ltr'><strong>oo</strong></span> <span class='ocrx_word' id='word_1_273' title='bbox 263 2112 348 2168; x_wconf 82' lang='lat' dir='ltr'><strong>exire.</strong></span> <span class='ocrx_word' id='word_1_274' title='bbox 372 2058 450 2167; x_wconf 57' lang='lat' dir='ltr'><strong>tinge</strong></span> <span class='ocrx_word' id='word_1_275' title='bbox 470 2111 498 2166; x_wconf 94' lang='lat' dir='ltr'><strong>in</strong></span> <span class='ocrx_word' id='word_1_276' title='bbox 520 2112 662 2168; x_wconf 87' lang='lat' dir='ltr'><strong>Psalmis:</strong></span> <span class='ocrx_word' id='word_1_277' title='bbox 718 2113 830 2170; x_wconf 88' lang='lat' dir='ltr'><strong>ceteris.</strong></span> <span class='ocrx_word' id='word_1_278' title='bbox 847 2133 861 2165; x_wconf 82' lang='lat' dir='ltr'><strong>n</strong></span> <span class='ocrx_word' id='word_1_279' title='bbox 879 2113 932 2170; x_wconf 87' lang='lat' dir='ltr'><strong>Sed</strong></span> <span class='ocrx_word' id='word_1_280' title='bbox 944 2112 1081 2169; x_wconf 86' lang='lat' dir='ltr'><strong>Dominus</strong></span> <span class='ocrx_word' id='word_1_281' title='bbox 1092 2112 1146 2169; x_wconf 92' lang='lat' dir='ltr'><strong>ins</strong></span> <span class='ocrx_word' id='word_1_282' title='bbox 1168 2129 1352 2185; x_wconf 60' lang='lat' dir='ltr'><strong>nagoga,-</strong></span> <span class='ocrx_word' id='word_1_283' title='bbox 1386 2127 1390 2149; x_wconf 77' lang='grc' dir='ltr'><strong>ι</strong></span> 
     </span>
     <span class='ocr_line' id='line_1_27' title="bbox 74 2130 1360 2254; baseline 0 -13"><span class='ocrx_word' id='word_1_284' title='bbox 74 2186 161 2254; x_wconf 85' lang='lat' dir='ltr'><strong>lnple</strong></span> <span class='ocrx_word' id='word_1_285' title='bbox 174 2186 260 2250; x_wconf 70' lang='lat' dir='ltr'><strong>socies</strong></span> <span class='ocrx_word' id='word_1_286' title='bbox 275 2200 367 2238; x_wconf 83' lang='lat' dir='ltr'><strong>eornm</strong></span> <span class='ocrx_word' id='word_1_287' title='bbox 380 2186 543 2250; x_wconf 82' lang='lat' dir='ltr'><strong>iqnominio,</strong></span> <span class='ocrx_word' id='word_1_288' title='bbox 557 2188 582 2236; x_wconf 90' lang='lat' dir='ltr'><strong>et</strong></span> <span class='ocrx_word' id='word_1_289' title='bbox 593 2199 664 2253; x_wconf 82' lang='lat' dir='ltr'><strong>quae·</strong></span> <span class='ocrx_word' id='word_1_290' title='bbox 717 2185 805 2253; x_wconf 86' lang='lat' dir='ltr'><strong>venit,</strong></span> <span class='ocrx_word' id='word_1_291' title='bbox 821 2200 886 2241; x_wconf 91' lang='lat' dir='ltr'><strong>eum</strong></span> <span class='ocrx_word' id='word_1_292' title='bbox 901 2200 981 2240; x_wconf 90' lang='lat' dir='ltr'><strong>mens</strong></span> <span class='ocrx_word' id='word_1_293' title='bbox 995 2183 1120 2240; x_wconf 91' lang='lat' dir='ltr'><strong>bominis</strong></span> <span class='ocrx_word' id='word_1_294' title='bbox 1140 2130 1228 2241; x_wconf 38' lang='lat' dir='ltr'><strong>linarii</strong></span> <span class='ocrx_word' id='word_1_295' title='bbox 1243 2201 1360 2241; x_wconf 62' lang='lat' dir='ltr'><strong>con-r</strong></span> 
     </span>
     <span class='ocr_line' id='line_1_28' title="bbox 76 2253 1355 2339; baseline -0.001 -27"><span class='ocrx_word' id='word_1_296' title='bbox 76 2261 138 2313; x_wconf 82' lang='lat' dir='ltr'><strong>rent</strong></span> <span class='ocrx_word' id='word_1_297' title='bbox 150 2272 244 2311; x_wconf 86' lang='lat' dir='ltr'><strong>nornen</strong></span> <span class='ocrx_word' id='word_1_298' title='bbox 257 2262 343 2316; x_wconf 83' lang='lat' dir='ltr'><strong>tuum,</strong></span> <span class='ocrx_word' id='word_1_299' title='bbox 354 2257 474 2310; x_wconf 82' lang='lat' dir='ltr'><strong>homine.</strong></span> <span class='ocrx_word' id='word_1_300' title='bbox 487 2253 663 2310; x_wconf 87' lang='lat' dir='ltr'><strong>Verecundia</strong></span> <span class='ocrx_word' id='word_1_301' title='bbox 717 2260 846 2339; x_wconf 67' lang='lat' dir='ltr'><strong>gregata,</strong></span> <span class='ocrx_word' id='word_1_302' title='bbox 862 2262 890 2312; x_wconf 91' lang='lat' dir='ltr'><strong>et</strong></span> <span class='ocrx_word' id='word_1_303' title='bbox 904 2261 970 2312; x_wconf 90' lang='lat' dir='ltr'><strong>tuno</strong></span> <span class='ocrx_word' id='word_1_304' title='bbox 980 2255 1048 2311; x_wconf 79' lang='lat' dir='ltr'><strong>dreit</strong></span> <span class='ocrx_word' id='word_1_305' title='bbox 1058 2255 1182 2312; x_wconf 83' lang='lat' dir='ltr'><strong>daemoni</strong></span> <span class='ocrx_word' id='word_1_306' title='bbox 1197 2254 1355 2313; x_wconf 74' lang='lat' dir='ltr'><strong>inberbi-</strong></span> 
     </span>
     <span class='ocr_line' id='line_1_29' title="bbox 76 2324 1394 2452; baseline -0.005 -67"><span class='ocrx_word' id='word_1_307' title='bbox 76 2328 166 2395; x_wconf 90' lang='lat' dir='ltr'><strong>enim,</strong></span> <span class='ocrx_word' id='word_1_308' title='bbox 184 2342 269 2398; x_wconf 88' lang='lat' dir='ltr'><strong>quam</strong></span> <span class='ocrx_word' id='word_1_309' title='bbox 290 2327 378 2407; x_wconf 75' lang='lat' dir='ltr'><strong>babet</strong></span> <span class='ocrx_word' id='word_1_310' title='bbox 395 2331 529 2407; x_wconf 79' lang='lat' dir='ltr'><strong>peccator</strong></span> <span class='ocrx_word' id='word_1_311' title='bbox 546 2324 581 2381; x_wconf 91' lang='lat' dir='ltr'><strong>de</strong></span> <span class='ocrx_word' id='word_1_312' title='bbox 594 2341 662 2452; x_wconf 50' lang='lat' dir='ltr'><strong>Sec·</strong></span> <span class='ocrx_word' id='word_1_313' title='bbox 717 2333 799 2393; x_wconf 83' lang='lat' dir='ltr'><strong>tanti,</strong></span> <span class='ocrx_word' id='word_1_314' title='bbox 815 2328 990 2395; x_wconf 89' lang='lat' dir='ltr'><strong>obmulesce,</strong></span> <span class='ocrx_word' id='word_1_315' title='bbox 1005 2332 1034 2383; x_wconf 89' lang='lat' dir='ltr'><strong>et</strong></span> <span class='ocrx_word' id='word_1_316' title='bbox 1049 2325 1146 2383; x_wconf 86' lang='lat' dir='ltr'><strong>statim</strong></span> <span class='ocrx_word' id='word_1_317' title='bbox 1161 2326 1394 2399; x_wconf 56' lang='lat' dir='ltr'><strong>egreditur,</strong></span> 
     </span>
     <span class='ocr_line' id='line_1_30' title="bbox 76 2397 814 2468; baseline -0.003 -12"><span class='ocrx_word' id='word_1_318' title='bbox 76 2404 151 2468; x_wconf 84' lang='lat' dir='ltr'><strong>cato,</strong></span> <span class='ocrx_word' id='word_1_319' title='bbox 169 2406 212 2455; x_wconf 91' lang='lat' dir='ltr'><strong>est</strong></span> <span class='ocrx_word' id='word_1_320' title='bbox 224 2398 304 2454; x_wconf 85' lang='lat' dir='ltr'><strong>valde</strong></span> <span class='ocrx_word' id='word_1_321' title='bbox 320 2398 396 2454; x_wconf 86' lang='lat' dir='ltr'><strong>utrbs</strong></span> <span class='ocrx_word' id='word_1_322' title='bbox 411 2399 445 2453; x_wconf 89' lang='lat' dir='ltr'><strong>ad</strong></span> <span class='ocrx_word' id='word_1_323' title='bbox 462 2397 591 2452; x_wconf 79' lang='lat' dir='ltr'><strong>dimitten</strong></span> <span class='ocrx_word' id='word_1_324' title='bbox 615 2412 662 2453; x_wconf 93' lang='lat' dir='ltr'><strong>um</strong></span> <span class='ocrx_word' id='word_1_325' title='bbox 717 2401 753 2455; x_wconf 91' lang='lat' dir='ltr'><strong>ab</strong></span> <span class='ocrx_word' id='word_1_326' title='bbox 769 2415 814 2456; x_wconf 90' lang='lat' dir='ltr'><strong>eo.</strong></span> 
     </span>
     <span class='ocr_line' id='line_1_31' title="bbox 75 2468 1384 2543; baseline 0.002 -17"><span class='ocrx_word' id='word_1_327' title='bbox 75 2475 234 2543; x_wconf 83' lang='lat' dir='ltr'><strong>peceatum.</strong></span> <span class='ocrx_word' id='word_1_328' title='bbox 253 2473 370 2540; x_wconf 81' lang='lat' dir='ltr'><strong>Propter</strong></span> <span class='ocrx_word' id='word_1_329' title='bbox 383 2469 457 2539; x_wconf 90' lang='lat' dir='ltr'><strong>qood</strong></span> <span class='ocrx_word' id='word_1_330' title='bbox 469 2468 537 2524; x_wconf 87' lang='lat' dir='ltr'><strong>dicit</strong></span> <span class='ocrx_word' id='word_1_331' title='bbox 550 2469 662 2535; x_wconf 86' lang='lat' dir='ltr'><strong>Seneca,</strong></span> <span class='ocrx_word' id='word_1_332' title='bbox 753 2474 768 2524; x_wconf 84' lang='lat'>5</span> <span class='ocrx_word' id='word_1_333' title='bbox 783 2471 915 2527; x_wconf 87' lang='lat' dir='ltr'><strong>Cnmsrus</strong></span> <span class='ocrx_word' id='word_1_334' title='bbox 929 2486 1022 2525; x_wconf 75' lang='lat' dir='ltr'><strong>uonna</strong></span> <span class='ocrx_word' id='word_1_335' title='bbox 1034 2469 1146 2526; x_wconf 84' lang='lat' dir='ltr'><strong>Sruorns</strong></span> <span class='ocrx_word' id='word_1_336' title='bbox 1160 2470 1259 2540; x_wconf 79' lang='lat' dir='ltr'><strong>Parar,</strong></span> <span class='ocrx_word' id='word_1_337' title='bbox 1272 2475 1384 2527; x_wconf 60' lang='lat' dir='ltr'><strong>affl</strong></span> 
     </span>
     <span class='ocr_line' id='line_1_32' title="bbox 76 2534 1381 2623; baseline -0.005 -25"><span class='ocrx_word' id='word_1_338' title='bbox 76 2542 152 2613; x_wconf 92' lang='lat' dir='ltr'><strong>quod</strong></span> <span class='ocrx_word' id='word_1_339' title='bbox 163 2558 220 2596; x_wconf 91' lang='lat' dir='ltr'><strong>non</strong></span> <span class='ocrx_word' id='word_1_340' title='bbox 232 2540 470 2597; x_wconf 83' lang='lat' dir='ltr'><strong>dimittendusest</strong></span> <span class='ocrx_word' id='word_1_341' title='bbox 482 2540 582 2620; x_wconf 76' lang='lat' dir='ltr'><strong>pudor,</strong></span> <span class='ocrx_word' id='word_1_342' title='bbox 597 2539 664 2623; x_wconf 88' lang='lat' dir='ltr'><strong>qnia</strong></span> <span class='ocrx_word' id='word_1_343' title='bbox 717 2559 901 2597; x_wconf 81' lang='lat' dir='ltr'><strong>naracrronnu</strong></span> <span class='ocrx_word' id='word_1_344' title='bbox 922 2558 1074 2607; x_wconf 73' lang='lat' dir='ltr'><strong>susannae,</strong></span> <span class='ocrx_word' id='word_1_345' title='bbox 1092 2557 1201 2597; x_wconf 74' lang='lat' dir='ltr'><strong>turnus.</strong></span> <span class='ocrx_word' id='word_1_346' title='bbox 1220 2571 1254 2583; x_wconf 91' lang='lat'><em>-</em></span> <span class='ocrx_word' id='word_1_347' title='bbox 1273 2534 1381 2598; x_wconf 59' lang='grc' dir='ltr'><strong>ΒΕ</strong></span> 
     </span>
     <span class='ocr_line' id='line_1_33' title="bbox 76 2610 1361 2684; baseline 0.002 -16"><span class='ocrx_word' id='word_1_348' title='bbox 76 2613 214 2684; x_wconf 85' lang='lat' dir='ltr'><strong>quamdiu</strong></span> <span class='ocrx_word' id='word_1_349' title='bbox 230 2610 519 2668; x_wconf 88' lang='lat' dir='ltr'><strong>inanimoduraverit</strong></span> <span class='ocrx_word' id='word_1_350' title='bbox 531 2611 661 2682; x_wconf 69' lang='lat' dir='ltr'><strong>aiicujus,</strong></span> <span class='ocrx_word' id='word_1_351' title='bbox 716 2616 844 2683; x_wconf 85' lang='lat' dir='ltr'><strong>protinus</strong></span> <span class='ocrx_word' id='word_1_352' title='bbox 868 2612 1045 2681; x_wconf 81' lang='lat' dir='ltr'><strong>eqredienles.</strong></span> <span class='ocrx_word' id='word_1_353' title='bbox 1069 2613 1210 2669; x_wconf 86' lang='lat' dir='ltr'><strong>Dominus</strong></span> <span class='ocrx_word' id='word_1_354' title='bbox 1233 2614 1361 2684; x_wconf 62' lang='lat' dir='ltr'><strong>ejnsae</strong></span> 
     </span>
     <span class='ocr_line' id='line_1_34' title="bbox 75 2682 1354 2810; baseline -0.001 -71"><span class='ocrx_word' id='word_1_355' title='bbox 75 2683 131 2739; x_wconf 90' lang='lat' dir='ltr'><strong>erit</strong></span> <span class='ocrx_word' id='word_1_356' title='bbox 144 2684 226 2739; x_wconf 77' lang='lat' dir='ltr'><strong>bonae</strong></span> <span class='ocrx_word' id='word_1_357' title='bbox 242 2683 301 2754; x_wconf 92' lang='lat' dir='ltr'><strong>spei</strong></span> <span class='ocrx_word' id='word_1_358' title='bbox 318 2683 405 2738; x_wconf 89' lang='lat' dir='ltr'><strong>locus.</strong></span> <span class='ocrx_word' id='word_1_359' title='bbox 429 2683 484 2737; x_wconf 90' lang='lat' dir='ltr'><strong>Per</strong></span> <span class='ocrx_word' id='word_1_360' title='bbox 498 2682 552 2737; x_wconf 89' lang='lat' dir='ltr'><strong>boc</strong></span> <span class='ocrx_word' id='word_1_361' title='bbox 568 2687 662 2738; x_wconf 89' lang='lat' dir='ltr'><strong>autem</strong></span> <span class='ocrx_word' id='word_1_362' title='bbox 719 2699 773 2754; x_wconf 89' lang='lat' dir='ltr'><strong>que</strong></span> <span class='ocrx_word' id='word_1_363' title='bbox 796 2682 940 2810; x_wconf 48' lang='lat' dir='ltr'><strong>discipuli,</strong></span> <span class='ocrx_word' id='word_1_364' title='bbox 965 2685 998 2738; x_wconf 87' lang='lat' dir='ltr'><strong>de</strong></span> <span class='ocrx_word' id='word_1_365' title='bbox 1018 2699 1172 2752; x_wconf 78' lang='lat' dir='ltr'><strong>synoqoqo,</strong></span> <span class='ocrx_word' id='word_1_366' title='bbox 1199 2683 1354 2740; x_wconf 55' lang='lat' dir='ltr'><strong>stilicen</strong></span> 
     </span>
     <span class='ocr_line' id='line_1_35' title="bbox 75 2753 1329 2826; baseline 0 -16"><span class='ocrx_word' id='word_1_367' title='bbox 75 2755 151 2825; x_wconf 91' lang='lat' dir='ltr'><strong>quod</strong></span> <span class='ocrx_word' id='word_1_368' title='bbox 168 2755 332 2825; x_wconf 86' lang='lat' dir='ltr'><strong>discerpens</strong></span> <span class='ocrx_word' id='word_1_369' title='bbox 346 2770 412 2810; x_wconf 89' lang='lat' dir='ltr'><strong>eum</strong></span> <span class='ocrx_word' id='word_1_370' title='bbox 428 2753 495 2809; x_wconf 83' lang='lat' dir='ltr'><strong>exiit</strong></span> <span class='ocrx_word' id='word_1_371' title='bbox 508 2755 544 2809; x_wconf 90' lang='lat' dir='ltr'><strong>ab</strong></span> <span class='ocrx_word' id='word_1_372' title='bbox 558 2769 602 2821; x_wconf 91' lang='lat' dir='ltr'><strong>eo,</strong></span> <span class='ocrx_word' id='word_1_373' title='bbox 619 2753 663 2808; x_wconf 90' lang='lat' dir='ltr'><strong>in·</strong></span> <span class='ocrx_word' id='word_1_374' title='bbox 717 2760 783 2826; x_wconf 86' lang='lat' dir='ltr'><strong>post</strong></span> <span class='ocrx_word' id='word_1_375' title='bbox 803 2771 861 2826; x_wconf 88' lang='lat' dir='ltr'><strong>prae</strong></span> <span class='ocrx_word' id='word_1_376' title='bbox 885 2753 1045 2822; x_wconf 87' lang='lat' dir='ltr'><strong>icationem,</strong></span> <span class='ocrx_word' id='word_1_377' title='bbox 1068 2758 1096 2809; x_wconf 92' lang='lat' dir='ltr'><strong>et</strong></span> <span class='ocrx_word' id='word_1_378' title='bbox 1119 2754 1182 2825; x_wconf 85' lang='lat' dir='ltr'><strong>ejus</strong></span> <span class='ocrx_word' id='word_1_379' title='bbox 1199 2755 1329 2812; x_wconf 81' lang='lat' dir='ltr'><strong>contir-</strong></span> 
     </span>
     <span class='ocr_line' id='line_1_36' title="bbox 74 2823 1312 2897; baseline 0.002 -17"><span class='ocrx_word' id='word_1_380' title='bbox 74 2825 212 2897; x_wconf 81' lang='lat' dir='ltr'><strong>teliigitur</strong></span> <span class='ocrx_word' id='word_1_381' title='bbox 226 2825 302 2896; x_wconf 79' lang='lat' dir='ltr'><strong>qued</strong></span> <span class='ocrx_word' id='word_1_382' title='bbox 317 2825 410 2881; x_wconf 85' lang='lat' dir='ltr'><strong>nullus</strong></span> <span class='ocrx_word' id='word_1_383' title='bbox 426 2824 591 2880; x_wconf 82' lang='lat' dir='ltr'><strong>liberatura</strong></span> <span class='ocrx_word' id='word_1_384' title='bbox 606 2824 664 2880; x_wconf 92' lang='lat' dir='ltr'><strong>dia·</strong></span> <span class='ocrx_word' id='word_1_385' title='bbox 718 2825 884 2893; x_wconf 86' lang='lat' dir='ltr'><strong>mationem,</strong></span> <span class='ocrx_word' id='word_1_386' title='bbox 893 2841 945 2896; x_wconf 90' lang='lat' dir='ltr'><strong>per</strong></span> <span class='ocrx_word' id='word_1_387' title='bbox 954 2823 1312 2896; x_wconf 79' lang='lat' dir='ltr'><strong>daemonisexpulsionem‚</strong></span> 
     </span>
     <span class='ocr_line' id='line_1_37' title="bbox 73 2895 1315 2975; baseline 0.001 -23"><span class='ocrx_word' id='word_1_388' title='bbox 73 2896 151 2962; x_wconf 91' lang='lat' dir='ltr'><strong>boio,</strong></span> <span class='ocrx_word' id='word_1_389' title='bbox 179 2895 230 2950; x_wconf 91' lang='lat' dir='ltr'><strong>nisi</strong></span> <span class='ocrx_word' id='word_1_390' title='bbox 255 2895 434 2975; x_wconf 89' lang='lat' dir='ltr'><strong>discerpatur</strong></span> <span class='ocrx_word' id='word_1_391' title='bbox 454 2911 506 2966; x_wconf 90' lang='lat' dir='ltr'><strong>per</strong></span> <span class='ocrx_word' id='word_1_392' title='bbox 526 2911 662 2967; x_wconf 92' lang='lat' dir='ltr'><strong>eompun-</strong></span> <span class='ocrx_word' id='word_1_393' title='bbox 717 2900 845 2953; x_wconf 77' lang='lat' dir='ltr'><strong>introivit</strong></span> <span class='ocrx_word' id='word_1_394' title='bbox 858 2899 942 2954; x_wconf 86' lang='lat' dir='ltr'><strong>lesus</strong></span> <span class='ocrx_word' id='word_1_395' title='bbox 956 2899 986 2951; x_wconf 89' lang='lat' dir='ltr'><strong>in</strong></span> <span class='ocrx_word' id='word_1_396' title='bbox 1000 2897 1110 2951; x_wconf 85' lang='lat' dir='ltr'><strong>domurn</strong></span> <span class='ocrx_word' id='word_1_397' title='bbox 1127 2897 1264 2966; x_wconf 85' lang='lat' dir='ltr'><strong>Simonis,</strong></span> <span class='ocrx_word' id='word_1_398' title='bbox 1277 2901 1315 2953; x_wconf 87' lang='lat' dir='ltr'><strong>ut.</strong></span> 
     </span>
     <span class='ocr_line' id='line_1_38' title="bbox 73 2965 1310 3039; baseline 0.002 -17"><span class='ocrx_word' id='word_1_399' title='bbox 73 2965 196 3023; x_wconf 89' lang='lat' dir='ltr'><strong>ctionem</strong></span> <span class='ocrx_word' id='word_1_400' title='bbox 210 2972 238 3020; x_wconf 92' lang='lat' dir='ltr'><strong>et</strong></span> <span class='ocrx_word' id='word_1_401' title='bbox 247 2965 445 3020; x_wconf 80' lang='lat' dir='ltr'><strong>contritionem</strong></span> <span class='ocrx_word' id='word_1_402' title='bbox 456 2965 620 3022; x_wconf 87' lang='lat' dir='ltr'><strong>salutarem.</strong></span> <span class='ocrx_word' id='word_1_403' title='bbox 632 2969 664 3022; x_wconf 88' lang='lat' dir='ltr'><strong>Et</strong></span> <span class='ocrx_word' id='word_1_404' title='bbox 718 2967 755 3025; x_wconf 93' lang='lat' dir='ltr'><strong>ibi</strong></span> <span class='ocrx_word' id='word_1_405' title='bbox 776 2967 960 3025; x_wconf 85' lang='lat' dir='ltr'><strong>reiectionem</strong></span> <span class='ocrx_word' id='word_1_406' title='bbox 981 2967 1122 3039; x_wconf 89' lang='lat' dir='ltr'><strong>acciperet</strong></span> <span class='ocrx_word' id='word_1_407' title='bbox 1142 2973 1208 3039; x_wconf 90' lang='lat' dir='ltr'><strong>post</strong></span> <span class='ocrx_word' id='word_1_408' title='bbox 1228 2968 1310 3025; x_wconf 87' lang='lat' dir='ltr'><strong>iabo-</strong></span> 
     </span>
     <span class='ocr_line' id='line_1_39' title="bbox 73 3034 1304 3106; baseline 0.003 -14"><span class='ocrx_word' id='word_1_409' title='bbox 73 3035 234 3106; x_wconf 87' lang='lat' dir='ltr'><strong>specialiter</strong></span> <span class='ocrx_word' id='word_1_410' title='bbox 249 3036 301 3091; x_wconf 90' lang='lat' dir='ltr'><strong>boc</strong></span> <span class='ocrx_word' id='word_1_411' title='bbox 316 3034 351 3090; x_wconf 92' lang='lat' dir='ltr'><strong>de</strong></span> <span class='ocrx_word' id='word_1_412' title='bbox 368 3037 462 3090; x_wconf 81' lang='lat' dir='ltr'><strong>earnis</strong></span> <span class='ocrx_word' id='word_1_413' title='bbox 478 3035 545 3091; x_wconf 91' lang='lat' dir='ltr'><strong>vitio</strong></span> <span class='ocrx_word' id='word_1_414' title='bbox 562 3036 663 3092; x_wconf 88' lang='lat' dir='ltr'><strong>intelli·</strong></span> <span class='ocrx_word' id='word_1_415' title='bbox 718 3055 788 3096; x_wconf 91' lang='lat' dir='ltr'><strong>rem.</strong></span> <span class='ocrx_word' id='word_1_416' title='bbox 805 3040 934 3096; x_wconf 86' lang='lat' dir='ltr'><strong>Salvator</strong></span> <span class='ocrx_word' id='word_1_417' title='bbox 949 3038 1024 3094; x_wconf 91' lang='lat' dir='ltr'><strong>enim</strong></span> <span class='ocrx_word' id='word_1_418' title='bbox 1046 3045 1142 3094; x_wconf 87' lang='lat' dir='ltr'><strong>noster</strong></span> <span class='ocrx_word' id='word_1_419' title='bbox 1156 3055 1223 3096; x_wconf 88' lang='lat' dir='ltr'><strong>cum</strong></span> <span class='ocrx_word' id='word_1_420' title='bbox 1243 3054 1304 3096; x_wconf 86' lang='lat' dir='ltr'><strong>cor-</strong></span> 
     </span>
     <span class='ocr_line' id='line_1_40' title="bbox 74 3104 1306 3187; baseline 0.006 -27"><span class='ocrx_word' id='word_1_421' title='bbox 74 3106 161 3178; x_wconf 79' lang='lat' dir='ltr'><strong>gitur,</strong></span> <span class='ocrx_word' id='word_1_422' title='bbox 185 3105 250 3186; x_wconf 84' lang='lat' dir='ltr'><strong>quia</strong></span> <span class='ocrx_word' id='word_1_423' title='bbox 274 3104 372 3187; x_wconf 65' lang='lat' dir='ltr'><strong>uitium</strong></span> <span class='ocrx_word' id='word_1_424' title='bbox 394 3105 507 3162; x_wconf 87' lang='lat' dir='ltr'><strong>carnale</strong></span> <span class='ocrx_word' id='word_1_425' title='bbox 530 3108 660 3162; x_wconf 89' lang='lat' dir='ltr'><strong>nonnisi</strong></span> <span class='ocrx_word' id='word_1_426' title='bbox 718 3126 770 3182; x_wconf 92' lang='lat' dir='ltr'><strong>pus</strong></span> <span class='ocrx_word' id='word_1_427' title='bbox 789 3109 922 3182; x_wconf 88' lang='lat' dir='ltr'><strong>passibile</strong></span> <span class='ocrx_word' id='word_1_428' title='bbox 945 3109 982 3165; x_wconf 91' lang='lat' dir='ltr'><strong>ad</strong></span> <span class='ocrx_word' id='word_1_429' title='bbox 1002 3114 1129 3165; x_wconf 89' lang='lat' dir='ltr'><strong>nostram</strong></span> <span class='ocrx_word' id='word_1_430' title='bbox 1150 3110 1306 3183; x_wconf 84' lang='lat' dir='ltr'><strong>accepisset</strong></span> 
     </span>
     <span class='ocr_line' id='line_1_41' title="bbox 74 3176 1303 3252; baseline 0.002 -18"><span class='ocrx_word' id='word_1_431' title='bbox 74 3176 169 3234; x_wconf 88' lang='lat' dir='ltr'><strong>earnis</strong></span> <span class='ocrx_word' id='word_1_432' title='bbox 191 3178 346 3233; x_wconf 79' lang='lat' dir='ltr'><strong>etisstctrone</strong></span> <span class='ocrx_word' id='word_1_433' title='bbox 373 3181 498 3244; x_wconf 86' lang='lat' dir='ltr'><strong>curatur,</strong></span> <span class='ocrx_word' id='word_1_434' title='bbox 522 3181 551 3232; x_wconf 89' lang='lat' dir='ltr'><strong>ut</strong></span> <span class='ocrx_word' id='word_1_435' title='bbox 579 3195 585 3232; x_wconf 93' lang='lat'>:</span> <span class='ocrx_word' id='word_1_436' title='bbox 611 3181 663 3233; x_wconf 88' lang='lat' dir='ltr'><strong>Per</strong></span> <span class='ocrx_word' id='word_1_437' title='bbox 718 3182 849 3248; x_wconf 89' lang='lat' dir='ltr'><strong>salutern,</strong></span> <span class='ocrx_word' id='word_1_438' title='bbox 864 3180 1017 3252; x_wconf 85' lang='lat' dir='ltr'><strong>aliquando</strong></span> <span class='ocrx_word' id='word_1_439' title='bbox 1034 3180 1198 3239; x_wconf 87' lang='lat' dir='ltr'><strong>declinabat</strong></span> <span class='ocrx_word' id='word_1_440' title='bbox 1212 3183 1249 3238; x_wconf 88' lang='lat' dir='ltr'><strong>ad</strong></span> <span class='ocrx_word' id='word_1_441' title='bbox 1263 3181 1303 3237; x_wconf 90' lang='lat' dir='ltr'><strong>io-</strong></span> 
     </span>
     <span class='ocr_line' id='line_1_42' title="bbox 74 3250 1302 3322; baseline 0.003 -17"><span class='ocrx_word' id='word_1_442' title='bbox 74 3266 136 3320; x_wconf 82' lang='lat' dir='ltr'><strong>qua</strong></span> <span class='ocrx_word' id='word_1_443' title='bbox 145 3252 208 3320; x_wconf 85' lang='lat' dir='ltr'><strong>quis</strong></span> <span class='ocrx_word' id='word_1_444' title='bbox 217 3254 320 3320; x_wconf 83' lang='lat' dir='ltr'><strong>peceat,</strong></span> <span class='ocrx_word' id='word_1_445' title='bbox 328 3265 377 3320; x_wconf 88' lang='lat' dir='ltr'><strong>per</strong></span> <span class='ocrx_word' id='word_1_446' title='bbox 387 3251 478 3304; x_wconf 74' lang='lat' dir='ltr'><strong>hecel</strong></span> <span class='ocrx_word' id='word_1_447' title='bbox 490 3254 660 3318; x_wconf 86' lang='lat' dir='ltr'><strong>torqueatur.</strong></span> <span class='ocrx_word' id='word_1_448' title='bbox 717 3269 750 3308; x_wconf 89' lang='lat' dir='ltr'><strong>ca</strong></span> <span class='ocrx_word' id='word_1_449' title='bbox 765 3251 947 3308; x_wconf 76' lang='lat' dir='ltr'><strong>familiarium</strong></span> <span class='ocrx_word' id='word_1_450' title='bbox 960 3253 1013 3309; x_wconf 88' lang='lat' dir='ltr'><strong>sibi</strong></span> <span class='ocrx_word' id='word_1_451' title='bbox 1029 3257 1058 3308; x_wconf 89' lang='lat' dir='ltr'><strong>et</strong></span> <span class='ocrx_word' id='word_1_452' title='bbox 1072 3251 1253 3322; x_wconf 83' lang='lat' dir='ltr'><strong>devotorum,</strong></span> <span class='ocrx_word' id='word_1_453' title='bbox 1268 3250 1302 3309; x_wconf 84' lang='lat' dir='ltr'><strong>ad</strong></span> 
     </span>
     <span class='ocr_line' id='line_1_43' title="bbox 74 3321 1302 3394; baseline 0.001 -16"><span class='ocrx_word' id='word_1_454' title='bbox 74 3322 116 3378; x_wconf 89' lang='lat' dir='ltr'><strong>De</strong></span> <span class='ocrx_word' id='word_1_455' title='bbox 127 3321 183 3377; x_wconf 87' lang='lat' dir='ltr'><strong>alio</strong></span> <span class='ocrx_word' id='word_1_456' title='bbox 197 3329 293 3377; x_wconf 89' lang='lat' dir='ltr'><strong>autem</strong></span> <span class='ocrx_word' id='word_1_457' title='bbox 306 3337 323 3377; x_wconf 88' lang='lat' dir='ltr'><strong>a</strong></span> <span class='ocrx_word' id='word_1_458' title='bbox 336 3321 565 3390; x_wconf 75' lang='lat' dir='ltr'><strong>damone,qnem</strong></span> <span class='ocrx_word' id='word_1_459' title='bbox 579 3321 661 3377; x_wconf 81' lang='lat' dir='ltr'><strong>disci·</strong></span> <span class='ocrx_word' id='word_1_460' title='bbox 717 3324 842 3394; x_wconf 89' lang='lat' dir='ltr'><strong>quietem</strong></span> <span class='ocrx_word' id='word_1_461' title='bbox 862 3323 1023 3380; x_wconf 90' lang='lat' dir='ltr'><strong>habendam</strong></span> <span class='ocrx_word' id='word_1_462' title='bbox 1043 3328 1108 3394; x_wconf 91' lang='lat' dir='ltr'><strong>post</strong></span> <span class='ocrx_word' id='word_1_463' title='bbox 1124 3322 1256 3380; x_wconf 87' lang='lat' dir='ltr'><strong>laborem</strong></span> <span class='ocrx_word' id='word_1_464' title='bbox 1276 3325 1302 3379; x_wconf 87' lang='lat' dir='ltr'><strong>et</strong></span> 
     </span>
     <span class='ocr_line' id='line_1_44' title="bbox 73 3392 1302 3466; baseline 0.002 -19"><span class='ocrx_word' id='word_1_465' title='bbox 73 3392 131 3464; x_wconf 88' lang='lat' dir='ltr'><strong>puli</strong></span> <span class='ocrx_word' id='word_1_466' title='bbox 153 3392 256 3464; x_wconf 85' lang='lat' dir='ltr'><strong>ejicere</strong></span> <span class='ocrx_word' id='word_1_467' title='bbox 276 3408 333 3449; x_wconf 95' lang='lat' dir='ltr'><strong>non</strong></span> <span class='ocrx_word' id='word_1_468' title='bbox 357 3397 518 3463; x_wconf 89' lang='lat' dir='ltr'><strong>potuerant,</strong></span> <span class='ocrx_word' id='word_1_469' title='bbox 532 3393 659 3459; x_wconf 91' lang='lat' dir='ltr'><strong>obsesso,</strong></span> <span class='ocrx_word' id='word_1_470' title='bbox 716 3394 927 3466; x_wconf 64' lang='lat' dir='ltr'><strong>fatigationem</strong></span> <span class='ocrx_word' id='word_1_471' title='bbox 945 3399 973 3450; x_wconf 90' lang='lat' dir='ltr'><strong>et</strong></span> <span class='ocrx_word' id='word_1_472' title='bbox 992 3393 1046 3450; x_wconf 93' lang='lat' dir='ltr'><strong>isto</strong></span> <span class='ocrx_word' id='word_1_473' title='bbox 1067 3394 1152 3451; x_wconf 91' lang='lat' dir='ltr'><strong>modo</strong></span> <span class='ocrx_word' id='word_1_474' title='bbox 1172 3393 1251 3451; x_wconf 86' lang='lat' dir='ltr'><strong>venit</strong></span> <span class='ocrx_word' id='word_1_475' title='bbox 1268 3393 1302 3450; x_wconf 83' lang='lat' dir='ltr'><strong>ad</strong></span> 
     </span>
     <span class='ocr_line' id='line_1_45' title="bbox 74 3463 1301 3537; baseline 0 -17"><span class='ocrx_word' id='word_1_476' title='bbox 74 3463 179 3520; x_wconf 90' lang='lat' dir='ltr'><strong>dieitur</strong></span> <span class='ocrx_word' id='word_1_477' title='bbox 196 3481 202 3518; x_wconf 91' lang='lat'><strong>:</strong></span> <span class='ocrx_word' id='word_1_478' title='bbox 219 3468 255 3519; x_wconf 85' lang='lat' dir='ltr'><strong>Et</strong></span> <span class='ocrx_word' id='word_1_479' title='bbox 272 3467 365 3531; x_wconf 71' lang='lat' dir='ltr'><strong>foetus</strong></span> <span class='ocrx_word' id='word_1_480' title='bbox 379 3469 419 3519; x_wconf 89' lang='lat' dir='ltr'><strong>est</strong></span> <span class='ocrx_word' id='word_1_481' title='bbox 439 3466 510 3517; x_wconf 89' lang='lat' dir='ltr'><strong>sieut</strong></span> <span class='ocrx_word' id='word_1_482' title='bbox 526 3470 659 3528; x_wconf 85' lang='lat' dir='ltr'><strong>mortuns,</strong></span> <span class='ocrx_word' id='word_1_483' title='bbox 717 3467 794 3522; x_wconf 89' lang='lat' dir='ltr'><strong>Petri</strong></span> <span class='ocrx_word' id='word_1_484' title='bbox 817 3466 943 3533; x_wconf 91' lang='lat' dir='ltr'><strong>domum,</strong></span> <span class='ocrx_word' id='word_1_485' title='bbox 969 3482 1019 3522; x_wconf 90' lang='lat' dir='ltr'><strong>seu</strong></span> <span class='ocrx_word' id='word_1_486' title='bbox 1039 3464 1205 3537; x_wconf 90' lang='lat' dir='ltr'><strong>hospitium.</strong></span> <span class='ocrx_word' id='word_1_487' title='bbox 1226 3465 1301 3522; x_wconf 85' lang='lat' dir='ltr'><strong>Unde</strong></span> 
     </span>
     <span class='ocr_line' id='line_1_46' title="bbox 73 3535 1300 3608; baseline 0.002 -18"><span class='ocrx_word' id='word_1_488' title='bbox 73 3537 115 3590; x_wconf 88' lang='lat' dir='ltr'><strong>itu</strong></span> <span class='ocrx_word' id='word_1_489' title='bbox 135 3541 165 3589; x_wconf 89' lang='lat' dir='ltr'><strong>ut</strong></span> <span class='ocrx_word' id='word_1_490' title='bbox 186 3537 267 3589; x_wconf 80' lang='lat' dir='ltr'><strong>inulti</strong></span> <span class='ocrx_word' id='word_1_491' title='bbox 287 3535 407 3590; x_wconf 88' lang='lat' dir='ltr'><strong>dicerent</strong></span> <span class='ocrx_word' id='word_1_492' title='bbox 425 3553 433 3588; x_wconf 77' lang='lat' dir='ltr'><strong>e</strong></span> <span class='ocrx_word' id='word_1_493' title='bbox 449 3535 521 3600; x_wconf 82' lang='lat' dir='ltr'><strong>Quin</strong></span> <span class='ocrx_word' id='word_1_494' title='bbox 538 3541 660 3590; x_wconf 82' lang='lat' dir='ltr'><strong>mortuus</strong></span> <span class='ocrx_word' id='word_1_495' title='bbox 716 3540 836 3606; x_wconf 74' lang='lat' dir='ltr'><strong>cyrillus</strong></span> <span class='ocrx_word' id='word_1_496' title='bbox 857 3557 866 3592; x_wconf 83' lang='lat'><strong>.-</strong></span> <span class='ocrx_word' id='word_1_497' title='bbox 888 3558 903 3588; x_wconf 90' lang='lat'>«</span> <span class='ocrx_word' id='word_1_498' title='bbox 922 3539 1023 3608; x_wconf 75' lang='lat' dir='ltr'><strong>Aspice</strong></span> <span class='ocrx_word' id='word_1_499' title='bbox 1042 3542 1139 3593; x_wconf 89' lang='lat' dir='ltr'><strong>autem</strong></span> <span class='ocrx_word' id='word_1_500' title='bbox 1200 3536 1300 3593; x_wconf 91' lang='lat' dir='ltr'><strong>omodo</strong></span> 
     </span>
     <span class='ocr_line' id='line_1_47' title="bbox 73 3605 1300 3680; baseline 0.002 -19"><span class='ocrx_word' id='word_1_501' title='bbox 73 3611 123 3661; x_wconf 85' lang='lat' dir='ltr'><strong>est.</strong></span> <span class='ocrx_word' id='word_1_502' title='bbox 139 3607 217 3662; x_wconf 90' lang='lat' dir='ltr'><strong>Unde</strong></span> <span class='ocrx_word' id='word_1_503' title='bbox 229 3607 394 3673; x_wconf 79' lang='lat' dir='ltr'><strong>Ureporius:</strong></span> <span class='ocrx_word' id='word_1_504' title='bbox 408 3627 422 3656; x_wconf 93' lang='grc' dir='ltr'><strong>ιι</strong></span> <span class='ocrx_word' id='word_1_505' title='bbox 435 3605 518 3662; x_wconf 89' lang='lat' dir='ltr'><strong>Velut</strong></span> <span class='ocrx_word' id='word_1_506' title='bbox 532 3610 660 3662; x_wconf 91' lang='lat' dir='ltr'><strong>mortuus</strong></span> <span class='ocrx_word' id='word_1_507' title='bbox 715 3614 812 3664; x_wconf 89' lang='lat' dir='ltr'><strong>manet</strong></span> <span class='ocrx_word' id='word_1_508' title='bbox 824 3624 911 3680; x_wconf 91' lang='lat' dir='ltr'><strong>penes</strong></span> <span class='ocrx_word' id='word_1_509' title='bbox 927 3607 1018 3664; x_wconf 85' lang='lat' dir='ltr'><strong>virum</strong></span> <span class='ocrx_word' id='word_1_510' title='bbox 1032 3607 1148 3679; x_wconf 91' lang='lat' dir='ltr'><strong>inopem</strong></span> <span class='ocrx_word' id='word_1_511' title='bbox 1186 3607 1300 3675; x_wconf 83' lang='lat' dir='ltr'><strong>hristus,</strong></span> 
     </span>
     <span class='ocr_line' id='line_1_48' title="bbox 73 3675 1301 3758; baseline 0.003 -27"><span class='ocrx_word' id='word_1_512' title='bbox 73 3676 177 3756; x_wconf 84' lang='lat' dir='ltr'><strong>qnippe</strong></span> <span class='ocrx_word' id='word_1_513' title='bbox 193 3677 363 3743; x_wconf 89' lang='lat' dir='ltr'><strong>ostenditur,</strong></span> <span class='ocrx_word' id='word_1_514' title='bbox 380 3675 427 3748; x_wconf 91' lang='lat' dir='ltr'><strong>qui</strong></span> <span class='ocrx_word' id='word_1_515' title='bbox 441 3691 459 3731; x_wconf 90' lang='lat' dir='ltr'><strong>a</strong></span> <span class='ocrx_word' id='word_1_516' title='bbox 473 3675 590 3746; x_wconf 85' lang='lat' dir='ltr'><strong>maligni</strong></span> <span class='ocrx_word' id='word_1_517' title='bbox 606 3677 661 3758; x_wconf 90' lang='lat' dir='ltr'><strong>spi·</strong></span> <span class='ocrx_word' id='word_1_518' title='bbox 715 3679 763 3749; x_wconf 91' lang='lat' dir='ltr'><strong>qni</strong></span> <span class='ocrx_word' id='word_1_519' title='bbox 778 3684 965 3749; x_wconf 88' lang='lat' dir='ltr'><strong>spontaneam</strong></span> <span class='ocrx_word' id='word_1_520' title='bbox 981 3684 1176 3751; x_wconf 87' lang='lat' dir='ltr'><strong>paupertatem</strong></span> <span class='ocrx_word' id='word_1_521' title='bbox 1191 3695 1243 3752; x_wconf 88' lang='lat' dir='ltr'><strong>pro</strong></span> <span class='ocrx_word' id='word_1_522' title='bbox 1255 3693 1301 3735; x_wconf 91' lang='lat' dir='ltr'><strong>no-</strong></span> 
     </span>
     <span class='ocr_line' id='line_1_49' title="bbox 73 3747 1300 3822; baseline 0.003 -20"><span class='ocrx_word' id='word_1_523' title='bbox 73 3752 145 3802; x_wconf 88' lang='lat' dir='ltr'><strong>rrtus</strong></span> <span class='ocrx_word' id='word_1_524' title='bbox 164 3752 304 3816; x_wconf 90' lang='lat' dir='ltr'><strong>potestate</strong></span> <span class='ocrx_word' id='word_1_525' title='bbox 326 3747 476 3815; x_wconf 63' lang='lat' dir='ltr'><strong>liberatum</strong></span> <span class='ocrx_word' id='word_1_526' title='bbox 497 3747 563 3817; x_wconf 87' lang='lat' dir='ltr'><strong>quia</strong></span> <span class='ocrx_word' id='word_1_527' title='bbox 581 3764 659 3817; x_wconf 80' lang='lat' dir='ltr'><strong>quss—</strong></span> <span class='ocrx_word' id='word_1_528' title='bbox 713 3750 757 3807; x_wconf 93' lang='lat' dir='ltr'><strong>bis</strong></span> <span class='ocrx_word' id='word_1_529' title='bbox 794 3750 1140 3819; x_wconf 86' lang='lat' dir='ltr'><strong>assusest,utdisoamus</strong></span> <span class='ocrx_word' id='word_1_530' title='bbox 1156 3765 1221 3806; x_wconf 89' lang='lat' dir='ltr'><strong>oum</strong></span> <span class='ocrx_word' id='word_1_531' title='bbox 1235 3765 1300 3822; x_wconf 83' lang='lat' dir='ltr'><strong>pau-</strong></span> 
     </span>
     <span class='ocr_line' id='line_1_50' title="bbox 73 3766 1300 3900; baseline 0.004 -29"><span class='ocrx_word' id='word_1_532' title='bbox 73 3820 138 3897; x_wconf 81' lang='lat' dir='ltr'><strong>qnis</strong></span> <span class='ocrx_word' id='word_1_533' title='bbox 156 3817 216 3897; x_wconf 82' lang='lat' dir='ltr'><strong>jam</strong></span> <span class='ocrx_word' id='word_1_534' title='bbox 239 3823 354 3874; x_wconf 91' lang='lat' dir='ltr'><strong>terrena</strong></span> <span class='ocrx_word' id='word_1_535' title='bbox 372 3818 514 3899; x_wconf 75' lang='lat' dir='ltr'><strong>desideria</strong></span> <span class='ocrx_word' id='word_1_536' title='bbox 535 3818 657 3900; x_wconf 79' lang='lat' dir='ltr'><strong>subjicit,</strong></span> <span class='ocrx_word' id='word_1_537' title='bbox 713 3766 829 3893; x_wconf 52' lang='lat' dir='ltr'><strong>perissus</strong></span> <span class='ocrx_word' id='word_1_538' title='bbox 843 3821 1018 3890; x_wconf 83' lang='lat' dir='ltr'><strong>conversari,</strong></span> <span class='ocrx_word' id='word_1_539' title='bbox 1034 3837 1085 3877; x_wconf 88' lang='lat' dir='ltr'><strong>nee</strong></span> <span class='ocrx_word' id='word_1_540' title='bbox 1100 3836 1237 3890; x_wconf 89' lang='lat' dir='ltr'><strong>spernere</strong></span> <span class='ocrx_word' id='word_1_541' title='bbox 1252 3820 1300 3876; x_wconf 90' lang='lat' dir='ltr'><strong>de·</strong></span> 
     </span>
     <span class='ocr_line' id='line_1_51' title="bbox 72 3890 1300 3965; baseline 0.006 -24"><span class='ocrx_word' id='word_1_542' title='bbox 72 3891 158 3942; x_wconf 81' lang='lat' dir='ltr'><strong>urtam</strong></span> <span class='ocrx_word' id='word_1_543' title='bbox 184 3904 213 3942; x_wconf 85' lang='grc' dir='ltr'><strong>ιιι</strong></span> <span class='ocrx_word' id='word_1_544' title='bbox 233 3904 263 3943; x_wconf 87' lang='lat' dir='ltr'><strong>se</strong></span> <span class='ocrx_word' id='word_1_545' title='bbox 291 3890 412 3945; x_wconf 78' lang='lat' dir='ltr'><strong>carnaiis</strong></span> <span class='ocrx_word' id='word_1_546' title='bbox 435 3896 658 3946; x_wconf 83' lang='lat' dir='ltr'><strong>conversationis</strong></span> <span class='ocrx_word' id='word_1_547' title='bbox 713 3908 827 3963; x_wconf 86' lang='lat' dir='ltr'><strong>pressos</strong></span> <span class='ocrx_word' id='word_1_548' title='bbox 843 3899 871 3948; x_wconf 92' lang='lat' dir='ltr'><strong>et</strong></span> <span class='ocrx_word' id='word_1_549' title='bbox 884 3908 1033 3965; x_wconf 90' lang='lat' dir='ltr'><strong>pauperes.</strong></span> <span class='ocrx_word' id='word_1_550' title='bbox 1050 3913 1065 3942; x_wconf 77' lang='lat' dir='ltr'><strong>o</strong></span> <span class='ocrx_word' id='word_1_551' title='bbox 1080 3892 1161 3949; x_wconf 93' lang='lat' dir='ltr'><strong>Unde</strong></span> <span class='ocrx_word' id='word_1_552' title='bbox 1176 3897 1205 3949; x_wconf 87' lang='lat' dir='ltr'><strong>et</strong></span> <span class='ocrx_word' id='word_1_553' title='bbox 1218 3892 1300 3960; x_wconf 71' lang='lat' dir='ltr'><strong>dhre</strong></span> 
     </span>
     <span class='ocr_line' id='line_1_52' title="bbox 71 3957 1300 4037; baseline 0.002 -22"><span class='ocrx_word' id='word_1_554' title='bbox 71 3957 233 4037; x_wconf 75' lang='lat' dir='ltr'><strong>exstinguit,</strong></span> <span class='ocrx_word' id='word_1_555' title='bbox 250 3964 278 4014; x_wconf 90' lang='lat' dir='ltr'><strong>et</strong></span> <span class='ocrx_word' id='word_1_556' title='bbox 297 3960 402 4015; x_wconf 92' lang='lat' dir='ltr'><strong>mundo</strong></span> <span class='ocrx_word' id='word_1_557' title='bbox 423 3967 551 4016; x_wconf 87' lang='lat' dir='ltr'><strong>mortuus</strong></span> <span class='ocrx_word' id='word_1_558' title='bbox 569 3976 656 4032; x_wconf 88' lang='lat' dir='ltr'><strong>appa·</strong></span> <span class='ocrx_word' id='word_1_559' title='bbox 712 3970 846 4019; x_wconf 86' lang='lat' dir='ltr'><strong>soslomus</strong></span> <span class='ocrx_word' id='word_1_560' title='bbox 874 3983 883 4018; x_wconf 75' lang='grc' dir='ltr'><strong><em>ε</em></strong></span> <span class='ocrx_word' id='word_1_561' title='bbox 910 3986 925 4015; x_wconf 83' lang='grc' dir='ltr'><strong>ιι</strong></span> <span class='ocrx_word' id='word_1_562' title='bbox 952 3967 984 4020; x_wconf 84' lang='lat' dir='ltr'><strong>Et</strong></span> <span class='ocrx_word' id='word_1_563' title='bbox 1009 3962 1144 4019; x_wconf 90' lang='lat' dir='ltr'><strong>nimirum</strong></span> <span class='ocrx_word' id='word_1_564' title='bbox 1173 3979 1243 4020; x_wconf 83' lang='lat' dir='ltr'><strong>exeo</strong></span> <span class='ocrx_word' id='word_1_565' title='bbox 1264 3961 1300 4017; x_wconf 84' lang='lat' dir='ltr'><strong>&#39;ta</strong></span> 
     </span>
     <span class='ocr_line' id='line_1_53' title="bbox 70 4031 1298 4154; baseline 0.003 -69"><span class='ocrx_word' id='word_1_566' title='bbox 70 4036 125 4111; x_wconf 62' lang='lat' dir='ltr'><strong>pet,</strong></span> <span class='ocrx_word' id='word_1_567' title='bbox 150 4045 217 4100; x_wconf 88' lang='lat' dir='ltr'><strong>qma</strong></span> <span class='ocrx_word' id='word_1_568' title='bbox 227 4044 400 4154; x_wconf 43' lang='lat' dir='ltr'><strong>possessore</strong></span> <span class='ocrx_word' id='word_1_569' title='bbox 424 4046 523 4102; x_wconf 88' lang='lat' dir='ltr'><strong>pravo,</strong></span> <span class='ocrx_word' id='word_1_570' title='bbox 539 4031 587 4103; x_wconf 91' lang='lat' dir='ltr'><strong>qui</strong></span> <span class='ocrx_word' id='word_1_571' title='bbox 607 4048 658 4103; x_wconf 91' lang='lat' dir='ltr'><strong>per</strong></span> <span class='ocrx_word' id='word_1_572' title='bbox 711 4035 811 4106; x_wconf 87' lang='lat' dir='ltr'><strong>quales</strong></span> <span class='ocrx_word' id='word_1_573' title='bbox 829 4039 913 4091; x_wconf 86' lang='lat' dir='ltr'><strong>erant</strong></span> <span class='ocrx_word' id='word_1_574' title='bbox 931 4034 1032 4091; x_wconf 91' lang='lat' dir='ltr'><strong>domus</strong></span> <span class='ocrx_word' id='word_1_575' title='bbox 1053 4034 1229 4106; x_wconf 90' lang='lat' dir='ltr'><strong>piscatorum</strong></span> <span class='ocrx_word' id='word_1_576' title='bbox 1269 4048 1298 4089; x_wconf 92' lang='lat' dir='ltr'><strong>o·</strong></span> 
     </span>
     <span class='ocr_line' id='line_1_54' title="bbox 68 4099 1300 4181; baseline 0.003 -25"><span class='ocrx_word' id='word_1_577' title='bbox 68 4101 217 4157; x_wconf 82' lang='lat' dir='ltr'><strong>immunda</strong></span> <span class='ocrx_word' id='word_1_578' title='bbox 247 4099 369 4181; x_wconf 80' lang='lat' dir='ltr'><strong>esrderra</strong></span> <span class='ocrx_word' id='word_1_579' title='bbox 380 4116 410 4156; x_wconf 91' lang='lat' dir='ltr'><strong>se</strong></span> <span class='ocrx_word' id='word_1_580' title='bbox 421 4102 557 4172; x_wconf 80' lang='lat' dir='ltr'><strong>agitabat,</strong></span> <span class='ocrx_word' id='word_1_581' title='bbox 567 4109 655 4160; x_wconf 92' lang='lat' dir='ltr'><strong>earet.</strong></span> <span class='ocrx_word' id='word_1_582' title='bbox 711 4122 785 4174; x_wconf 92' lang='lat' dir='ltr'><strong>rum,</strong></span> <span class='ocrx_word' id='word_1_583' title='bbox 806 4106 856 4162; x_wconf 90' lang='lat' dir='ltr'><strong>sed</strong></span> <span class='ocrx_word' id='word_1_584' title='bbox 873 4112 969 4162; x_wconf 90' lang='lat' dir='ltr'><strong>tamen</strong></span> <span class='ocrx_word' id='word_1_585' title='bbox 989 4122 1046 4161; x_wconf 94' lang='lat' dir='ltr'><strong>non</strong></span> <span class='ocrx_word' id='word_1_586' title='bbox 1066 4105 1238 4178; x_wconf 81' lang='lat' dir='ltr'><strong>dedignatus</strong></span> <span class='ocrx_word' id='word_1_587' title='bbox 1257 4105 1300 4161; x_wconf 88' lang='lat' dir='ltr'><strong>est</strong></span> 
     </span>
     <span class='ocr_line' id='line_1_55' title="bbox 67 4171 1297 4253; baseline 0.002 -23"><span class='ocrx_word' id='word_1_588' title='bbox 67 4173 157 4241; x_wconf 86' lang='lat' dir='ltr'><strong>Quem</strong></span> <span class='ocrx_word' id='word_1_589' title='bbox 180 4171 260 4228; x_wconf 92' lang='lat' dir='ltr'><strong>muitr</strong></span> <span class='ocrx_word' id='word_1_590' title='bbox 285 4176 431 4251; x_wconf 84' lang='lat' dir='ltr'><strong>¹mortuum</strong></span> <span class='ocrx_word' id='word_1_591' title='bbox 446 4173 566 4253; x_wconf 75' lang='lat' dir='ltr'><strong>dieunt,</strong></span> <span class='ocrx_word' id='word_1_592' title='bbox 589 4175 656 4246; x_wconf 91' lang='lat' dir='ltr'><strong>quia</strong></span> <span class='ocrx_word' id='word_1_593' title='bbox 711 4180 762 4235; x_wconf 91' lang='lat' dir='ltr'><strong>sub</strong></span> <span class='ocrx_word' id='word_1_594' title='bbox 782 4178 850 4233; x_wconf 83' lang='lat' dir='ltr'><strong>viiia</strong></span> <span class='ocrx_word' id='word_1_595' title='bbox 864 4176 978 4248; x_wconf 83' lang='lat' dir='ltr'><strong>tuguria</strong></span> <span class='ocrx_word' id='word_1_596' title='bbox 993 4176 1166 4249; x_wconf 88' lang='lat' dir='ltr'><strong>piscatorum</strong></span> <span class='ocrx_word' id='word_1_597' title='bbox 1179 4176 1297 4245; x_wconf 82' lang='lat' dir='ltr'><strong>intrare,</strong></span> 
     </span>
     <span class='ocr_line' id='line_1_56' title="bbox 67 4244 1298 4321; baseline 0.005 -22"><span class='ocrx_word' id='word_1_598' title='bbox 67 4244 253 4316; x_wconf 88' lang='lat' dir='ltr'><strong>spiritualiter</strong></span> <span class='ocrx_word' id='word_1_599' title='bbox 267 4257 360 4298; x_wconf 76' lang='lat' dir='ltr'><strong>verere</strong></span> <span class='ocrx_word' id='word_1_600' title='bbox 376 4246 655 4318; x_wconf 77' lang='lat' dir='ltr'><strong>nesciunt,eum‚qui</strong></span> <span class='ocrx_word' id='word_1_601' title='bbox 710 4249 843 4307; x_wconf 89' lang='lat' dir='ltr'><strong>erudiens</strong></span> <span class='ocrx_word' id='word_1_602' title='bbox 862 4264 926 4319; x_wconf 92' lang='lat' dir='ltr'><strong>nos,</strong></span> <span class='ocrx_word' id='word_1_603' title='bbox 945 4247 1123 4321; x_wconf 83' lang='lat' dir='ltr'><strong>peremnia,</strong></span> <span class='ocrx_word' id='word_1_604' title='bbox 1142 4248 1298 4306; x_wconf 85' lang='lat' dir='ltr'><strong>humanum</strong></span> 
     </span>
    </p>
   </div>
   <div class='ocr_carea' id='block_1_3' title="bbox 0 0 1400 4912">
    <p class='ocr_par' dir='ltr' id='par_1_3' title="bbox 0 0 1400 4912">
     <span class='ocr_line' id='line_1_57' title="bbox 0 0 1400 4912; baseline 0 3"><span class='ocrx_word' id='word_1_605' title='bbox 0 0 1400 4912; x_wconf 95' lang='lat' dir='ltr'><strong> </strong></span> 
     </span>
    </p>
   </div>
  </div>
 </body>
</html>
