2790 4912
240 314 282 368 ult
309 314 412 370 rulth
439 315 693 371 hlsmruloltutt
721 317 918 372 vouartoht.
1144 327 1192 380 tlt

63 418 206 501 Evangelii
234 419 318 478 debet
342 436 404 478 osse
421 427 555 479 constans
612 421 1147 507 daturnobisintelligi,quodomnibus
1192 427 1201 484 i

63 491 230 547 aedrcatrone
249 491 327 548 verbi
355 491 416 562 Dei,
439 498 467 550 et
490 493 554 549 dili·
612 493 752 550 Chrrstum
765 494 845 566 sequi
859 495 1000 568 incipiunt
1015 513 1085 579 puro
1101 443 1198 569 cord&

63 581 71 618 r
94 562 277 619 considerare
303 579 466 635 processum
491 565 554 621 vitae
611 564 660 620 dat
679 564 813 622 liduciam
833 570 861 622 et
886 583 965 639 spem
985 568 1199 640 misericordiae,

63 634 85 701 i,
109 637 137 690 et
158 650 218 690 non
248 633 339 691 solum
362 635 555 703 considerare,
612 635 691 691 etad
706 652 756 693 eos
774 653 806 693 se
825 639 974 708 convertit,
991 647 1022 696 ut
1036 656 1119 712 opem
1144 641 1200 698 mi·

63 706 131 760 tiam
161 705 331 777 praedicare;
354 711 383 764 et
408 707 556 764 audientes
612 705 773 763 sericordiae
800 724 859 765 suae
880 709 921 767 eis
945 710 1100 783 impendat.
1120 712 1200 770 Unde

63 783 75 832 t
88 777 189 833 devote
207 777 333 849 recipere
352 778 438 835 talem
453 778 555 850 praedi·
613 779 840 848 chrysostomus:
851 801 866 832 u
879 781 950 838 llinc
961 782 1121 865 erudimur,
1133 782 1201 856 quia

63 864 125 916 rem3
144 855 172 904 et
187 848 324 904 Dominus
334 852 418 906 lesus
432 851 468 906 ad
484 850 555 907 tales
612 865 676 906 cum
699 865 752 906 nos
778 850 853 908 bene
883 852 955 910 velle
986 854 1199 927 incoeperrmus,

63 920 144 975 rtitur
163 935 215 1001 per
240 919 429 988 clementiam,
442 926 470 977 et
484 921 556 978 reci·
611 924 680 977 tunc
694 920 799 977 multas
816 923 865 978 dat
879 924 963 980 nohis
979 926 1078 982 salutis
1092 925 1199 983 occasi·

63 1008 82 1046 rr
103 997 235 1071 gratiam,
252 995 281 1047 et
306 1007 355 1049 eos
380 992 495 1049 instruit
521 993 557 1049 de
612 1008 692 1048 oues.
723 992 802 1051 Unde
826 998 855 1050 et
878 997 948 1051 Theo
970 998 1068 1053 hilara:
1092 1018 1107 1049 n
1130 997 1201 1055 Vide

63 1062 136 1117 sanis
153 1062 348 1120 adsalutem:
366 1064 441 1121 uude
457 1063 556 1121 subdi·
612 1068 707 1120 autem
722 1064 798 1145 quod
821 1013 1003 1137 sequentibus
1017 1083 1048 1124 se
1064 1066 1201 1125 Dominus

63 1139 139 1189 octus
158 1133 323 1190 testimonii.
613 1139 754 1191 convertit
779 1135 891 1205 faciem,
907 1143 935 1192 et
949 1138 1070 1219 respexit
1091 1155 1098 1194 ε
1122 1138 1200 1210 quia,

63 1222 183 1260 incensio
201 1206 300 1262 Dorum
313 1224 347 1262 ao
359 1223 428 1263 onos
440 1210 557 1263 n'rsmrn-
613 1204 669 1261 uisi
694 1221 746 1277 per
768 1205 872 1287 bonam
897 1217 1090 1289 operationem
1107 1210 1201 1291 ipsum

65 1294 197 1338 renarras
227 1295 268 1332 sa.
294 1306 328 1319 -
348 1281 384 1334 Et
409 1279 557 1334 audierant
614 1275 832 1344 secutusluerrs,
844 1278 880 1333 ad
894 1279 1031 1336 visionem
1045 1279 1126 1336 iacier
1138 1281 1201 1337 e'us

63 1349 95 1403 Tuo
108 1349 242 1418 discipuli
254 1350 415 1419 loquentem,
429 1355 458 1406 et
469 1349 558 1405 credi·
614 1362 770 1418 numquam
794 1348 967 1420 pertingens,
983 1366 1076 1421 neque
1095 1349 1132 1406 ad
1146 1296 1199 1407 do·

65 1425 74 1473 t
93 1419 229 1489 magistro
256 1419 392 1491 loquenti,
420 1437 453 1477 ac
479 1437 558 1477 com·
614 1434 691 1475 mum
705 1419 767 1490 ejus
781 1422 889 1491 poteris
900 1422 1059 1491 pervenire.
1076 1441 1091 1471 »

63 1491 113 1545 anti
134 1494 242 1559 lesum,
258 1495 286 1547 et
308 1492 345 1548 de
373 1507 407 1549 eo
432 1492 558 1548 testimo
648 1495 665 1545 3
683 1493 738 1546 lun
753 1507 940 1547 rnrrnnooanr
952 1509 1005 1548 sorr
1022 1510 1056 1547 ou
1072 1509 1140 1548 noco
1153 1510 1201 1551 ua·

63 1561 232 1632 perhibenti3
244 1567 270 1618 et
281 1566 368 1619 secuti
380 1570 444 1619 sunt
454 1566 556 1627 Jcsum,
613 1578 774 1617 arrarronts.
786 1592 819 1603 -
831 1563 885 1630 Qui
899 1564 1030 1619 diamant
1044 1566 1087 1619 et:
1100 1565 1200 1631 Rahbi,

67 1635 146 1688 rbum
169 1633 299 1703 loannis,
316 1640 347 1690 ut
365 1634 458 1706 potius
477 1635 557 1691 illum
614 1633 687 1702 quod
701 1633 806 1689 dicitur
819 1637 1039 1705 interpretatum.
1054 1639 1199 1705 Magister,

63 1709 99 1759 rot
124 1720 210 1776 quam
231 1707 384 1774 loannem,
402 1707 559 1777 gaudentes
612 1705 661 1759 ubi
674 1705 817 1785 ‚habitast
841 1705 922 1776 quasi
941 1706 1069 1763 dicerent
1088 1725 1095 1762 :
1112 1707 1200 1780 blagi-

63 1777 141 1830 ndem
169 1776 310 1832 invenisse
328 1776 419 1846 illum,
442 1778 477 1834 de
502 1793 557 1848 quo
614 1781 731 1833 sterium
762 1780 841 1833 tuum
870 1782 899 1832 et
927 1777 1086 1834 doctrinam
1122 1784 1200 1834 tuam

67 1849 206 1902 loannem
218 1847 368 1904 audierant
383 1848 556 1919 loquentem.
614 1845 778 1917 quaerimus.
801 1849 872 1904 Ecce
898 1848 996 1921 paucis
1027 1849 1202 1907 voluntatem

63 1926 172 1988 ruentes
195 1921 347 1988 loannem,
369 1920 458 1976 secuti
481 1925 556 1987 sunt,
613 1933 705 1988 suam,
721 1925 749 1975 et
774 1934 825 1975 cur
843 1934 907 1976 eum
925 1926 1113 1991 sequerentur
1131 1918 1203 1977 iusi·

63 1995 169 2045 tautum
197 1990 328 2062 passibus
358 1991 474 2063 pedum,
507 1991 557 2047 sed
613 1989 944 2062 nuaut;sapientienim
959 1991 1202 2064 multaexpaucis

72 2060 224 2118 devotione
249 2061 316 2117 lldei
343 2068 372 2118 et
399 2061 557 2118 imitatione
613 2060 804 2118 innotescunt.
826 2060 877 2119 Ubi
899 2063 1033 2120 habitas?
1055 2062 1136 2135 quasi
1157 2062 1201 2121 di·

63 2147 99 2198 m,
113 2148 178 2187 eum
195 2149 278 2203 quem
293 2132 382 2205 ipsius
394 2133 557 2190 testimonio
614 2136 732 2189 cereul:
750 2132 801 2190 Ubi
817 2138 861 2189 est
875 2134 1028 2208 hospitium
1046 2141 1137 2204 tuum,
1153 2133 1203 2193 ubi

63 2209 176 2271 verunt,
192 2203 281 2275 ipsius
303 2221 417 2276 quoque
440 2204 559 2261 loannis
613 2209 758 2274 tamquam
771 2204 819 2275 qui
835 2210 984 2263 transeunt
996 2204 1201 2262 conversaris?

63 2275 233 2345 nagistrum,
248 2275 445 2333 desiderantes
461 2276 487 2333 ei
507 2277 557 2332 ad·
614 2277 654 2331 Ue
669 2274 821 2346 hospitiolo
837 2283 976 2346 quaerunt,
994 2277 1102 2333 nonde
1118 2276 1203 2332 domo

63 2362 91 2415 e,
117 2353 147 2402 et
173 2348 234 2418 ejus
264 2346 423 2404 doctrinam
448 2347 557 2404 audire.
613 2347 785 2426 ejusquam
800 2361 857 2401 nou
873 2347 1007 2415 habebat,
1024 2345 1091 2416 quia
1116 2346 1203 2401 Filius

63 2433 118 2473 are
136 2417 303 2489 simplicem,
322 2424 351 2475 et
368 2419 515 2487 humilem,
531 2424 560 2475 et
613 2418 739 2473 hommrs
752 2432 810 2470 nou
824 2417 947 2473 babebat
963 2417 1010 2474 ubi
1026 2421 1204 2488 capotsuum

63 2504 79 2543 n
117 2489 322 2560 discipulorum
364 2491 557 2557 vocationem,
615 2487 776 2543 reclinaret.
793 2485 867 2541 Nihil
889 2488 989 2544 habuit
1009 2486 1148 2543 Dominus
1171 2486 1202 2542 iu

63 2559 138 2615 omni
163 2560 322 2633 objectione
344 2565 372 2617 et
397 2568 558 2634 perscruta·
615 2566 702 2626 terra,
719 2561 824 2629 praeter
840 2556 953 2613 unicum
971 2558 1083 2612 titulum
1103 2556 1200 2626 Pilati;

80 2630 195 2687 iactam.
223 2632 366 2703 Beuiguus
391 2642 482 2688 cutem
506 2634 558 2688 Do
615 2627 1203 2699 etuobisplurestitulinonsulliciuutl-

63 2741 64 2751 ,
96 2705 185 2765 Jesus,
203 2703 302 2759 sitiens
328 2719 427 2760 eorum
448 2709 477 2760 et
498 2718 558 2759 om·
616 2699 771 2768 illocaliter,
788 2697 927 2755 Christum
940 2699 1136 2771 interrogant:
1151 2698 1203 2756 Ubi

75 2775 208 2843 salutem,
225 2791 368 2830 conversus
392 2774 427 2831 ad
451 2791 510 2842 eos,
527 2790 560 2829 ex
615 2771 749 2829 habitus‘l
773 2769 852 2843 quasi
875 2771 977 2852 uellent
1004 2771 1086 2840 scire,
1105 2771 1205 2842 quales

63 2845 227 2916 enignitate,
246 2845 293 2916 qui
314 2862 427 2917 semper
440 2861 559 2902 conver·
615 2844 720 2900 debent
735 2858 796 2899 esse
811 2843 952 2912 hommes,
969 2843 1016 2914 qui
1036 2842 1113 2916 digni
1127 2847 1202 2912 suut,

63 2917 91 2971 td
106 2933 156 2972 eos
175 2917 223 2988 qui
243 2917 279 2972 ad
297 2933 327 2973 se
344 2922 559 2984 convertuntur,
616 2921 647 2972 ut
661 2913 788 2972 Christus
807 2914 836 2971 in
854 2914 895 2971 eis
911 2915 1018 2973 habitet
1034 2932 1041 2971 :
1060 2923 1090 2973 ut
1106 2932 1202 2973 exem·

63 2987 122 3059 :ipit
146 2988 302 3056 venientes,
318 2994 343 3044 et
356 2989 452 3044 videns
471 2987 561 3044 oculis
636 2986 663 3043 lo
674 2998 784 3056 eorum,
795 3003 826 3044 se
840 2987 911 3043 tales
924 2987 1087 3056 exhibeant,
1103 2986 1204 3061 inqui·

63 3058 177 3115 icordiae
199 3064 227 3115 et
247 3058 440 3132 benignitatis.
457 3076 501 3116 eos
522 3075 562 3114 se·
615 3003 669 3116 Eos
682 3058 812 3116 habitare
834 3058 912 3116 velit.
930 3091 962 3102 -
978 3060 1094 3132 Mystice
1108 3065 1204 3116 autem

63 3146 85 3186 ’s
103 3146 141 3192 se,
161 3136 191 3186 ut
215 3130 297 3186 daret
321 3131 363 3187 eis
386 3131 422 3188 de
441 3147 470 3188 se
486 3131 561 3186 lidu-
617 3130 792 3187 delectabilis
809 3137 852 3188 est
874 3130 929 3187 ista
944 3132 1062 3202 quaestio
1077 3137 1204 3188 contem·

76 3207 106 3258 et
131 3202 291 3269 audaciam,
312 3203 380 3258 dicit
396 3205 435 3258 eis
457 3223 466 3258 r
489 3203 562 3270 Quid
636 3202 757 3258 lantiam
770 3202 872 3270 lucem,
889 3202 917 3257 in
932 3218 990 3272 qua
1000 3205 1073 3257 Deus
1084 3202 1204 3257 habitat.

63 3275 119 3327 tis?
141 3273 225 3340 Quasi
240 3273 346 3329 diceret
361 3275 479 3330 Paratus
499 3289 562 3330 sum
617 3219 698 3328 Unde
723 3272 874 3327 Psalmista
892 3287 899 3325 :
915 3275 1039 3334 homine,
1054 3271 1144 3352 dilect
1158 3270 1205 3324 de·

63 3349 154 3400 stram
177 3345 360 3400 voluntatem.
381 3347 441 3401 Non
467 3345 560 3402 dicit:
618 3358 705 3398 eorem
719 3343 816 3397 domus
842 3349 905 3404 tua,
921 3343 1047 3395 stlocum
1073 3340 1206 3395 hohsteti-

78 3415 229 3486 quaeritis‘l
244 3416 309 3488 quia
322 3416 356 3472 de
370 3432 491 3488 persona
501 3416 564 3472 illu·
618 3416 679 3469 onis
697 3414 792 3482 glorta
807 3418 870 3468 tuae.
888 3412 1059 3478 Quaerebant
1074 3424 1146 3491 ergo
1157 3409 1208 3492 ha·

64 3485 141 3560 iper
154 3489 291 3544 loannem
303 3495 401 3556 erant;
418 3488 467 3544 sed
480 3487 562 3543 dicit:
619 3482 787 3542 bitatlouem
802 3484 874 3554 eius,
890 3482 961 3539 sicut
982 3481 1099 3537 studiosi
1118 3481 1207 3538 disor-

66 3558 215 3629 quaeritisi
231 3559 298 3630 quia
319 3558 401 3614 scivit
426 3560 501 3630 quod
528 3559 564 3614 de
620 3554 688 3627 puli,
716 3559 748 3611 ut
774 3557 893 3627 possent
919 3554 1046 3636 adeum
1073 3553 1206 3624 trequen-

63 3629 189 3701 raliquid
204 3630 313 3687 discere
324 3630 498 3701 quaerebant.
509 3631 566 3685 Nec
619 3632 664 3683 ter
689 3625 797 3695 venire,
822 3630 851 3682 et
877 3641 940 3682 oum
959 3640 1021 3707 ipso
1045 3626 1207 3696 frequenter

76 3701 131 3758 boc
152 3718 185 3758 ex
211 3701 385 3774 ignorantia,
405 3706 435 3758 ut
458 3700 567 3773 aliquid
620 3697 710 3769 loqui,
726 3702 755 3754 et
777 3700 813 3756 ab
836 3713 869 3753 eo
884 3697 997 3752 instrui.
1014 3696 1093 3753 Unde
1107 3697 1205 3754 Beda:

63 3773 567 3902 :³hiltltntllltlllhlllu
621 3767 1208 3914 hiltibalduslatitudis:

838 3883 845 3911 i

63 3932 109 3973 res
130 3917 260 3987 ousione,
284 3888 498 3973 convenientius
516 3932 567 3973 eos
621 3916 732 3984 rebant,
748 3919 778 3969 ut
792 3912 904 3986 plenius
924 3913 1008 3969 abeo
1024 3916 1141 3993 possent
1163 3910 1206 3993 in·

63 3993 91 4045 o.
108 3933 190 4057 guod
208 3987 345 4045 Uominus
370 3988 406 4044 ad
431 4004 481 4045 eos
497 4003 565 4044 cou—
622 3984 710 4054 strui3
731 3984 781 4041 sed
803 4000 857 4040 nos
874 3984 986 4056 quoties
1003 3985 1207 4040 iucarnationis

63 4076 106 4129 ur,
127 4062 204 4133 quod
230 4076 280 4117 eos
308 4058 433 4131 respicit,
450 4064 478 4116 et
503 4074 566 4115 cum
622 4055 726 4113 Christi
750 4055 902 4137 transitum
925 4056 962 4113 ad
983 4060 1107 4113 mentem
1123 4052 1210 4110 redu·

64 4132 173 4214 quitur,
191 4131 350 4189 clementiae
372 4136 401 4188 et
417 4132 499 4189 bonae
518 4147 567 4186 vo·
622 4128 722 4194 cimus,
737 4127 857 4185 sollicito
872 4128 957 4185 corde
973 4143 1039 4184 eum
1061 4137 1207 4198 rogemus,

63 4209 95 4259 trs
111 4209 155 4260 est
179 4203 333 4272 iudicium;
358 4203 466 4260 sciebat
492 4201 567 4259 enim
622 4205 653 4257 ut
680 4197 837 4256 mansionis
862 4206 976 4258 aeteruae
1005 4196 1209 4254 habitationem

63 4274 159 4333 illectu
171 4276 364 4349 sequebantur
377 4290 452 4333 eum.
465 4277 497 4332 lu
512 4288 568 4347 quo
622 4270 706 4329 nobis
712 4270 845 4343 dignetur
851 4271 1012 4330 ostendere.
1023 4288 1038 4324 n
1051 4270 1115 4340 lpse
1129 4279 1207 4336 vero,
