2790 4912
317 114 358 169 Il}
384 113 577 169 outirloiis
605 114 809 178 obnubilet.
836 115 878 170 tir
904 111 1011 168 sociiu
1039 110 1153 166 intui.
1314 112 1361 166 35⁸1

61 214 296 275 bomuloare
314 221 467 275 tumorem.
492 240 508 271 u
531 221 566 277 iit
583 219 688 277 iterum
709 238 716 276 :
773 218 848 277 ratio
862 216 1041 285 miraculosa,
1056 221 1085 274 et
1103 216 1140 273 ad
1156 216 1360 290 discipulorum

61 295 111 333 ¹1
157 289 281 362 Propter
301 288 356 346 lioc
378 305 533 362 numquam
552 290 670 349 intravit
688 291 718 349 iii
774 289 1020 348 confirmationem
1035 286 1063 344 iu
1079 287 1145 345 llde.
1164 288 1245 345 Unde
1258 289 1359 346 Beda:

61 347 242 417 domum
267 360 435 432 preclaram
456 361 597 429 Christus,
618 363 716 420 sedin
775 362 938 419 «Naturale
962 366 1005 417 est
1028 359 1263 428 febricitantibus,
1286 358 1359 416 inci-

61 421 242 488 [lonium
256 431 414 514 publicani,
427 438 456 489 et
471 432 609 515 principis
624 434 717 505 publi·
774 432 869 506 pieute
881 432 1013 500 sanitate,
1025 431 1176 513 lacescere,
1192 436 1220 487 el
1234 435 1359 501 aegrota-

61 509 274 572 eanonim,
296 509 326 559 et
348 508 506 573 piscatoris,
556 505 643 562 alatia
672 505 716 561 di·
773 504 861 561 tionis
871 503 976 560 sentire
989 503 1271 570 molestiam3verum
1282 501 1358 558 sani·

61 571 256 642 mittens,
283 578 311 630 et
336 574 453 646 eosqui
475 519 574 633 mollia
594 576 717 633 induunt
773 581 827 643 tas,
843 591 906 647 quae
916 573 1027 631 Domini
1043 573 1163 630 inlertur
1177 572 1307 644 imperio,
1319 571 1358 629 si·

61 643 305 702 vestimenta.
328 645 356 703 Si
378 645 474 718 itaque
496 662 561 703 euni
580 647 622 703 vis
639 653 667 704 et
685 653 715 704 tii
773 646 831 702 mul
845 651 905 702 tota
919 645 1003 701 redit.
1018 647 1077 700 tlon
1092 644 1183 701 solum
1195 644 1257 716 ipsu
1272 643 1358 713 redit,

61 724 238 777 vocare.
256 732 328 772 orna
341 718 456 774 domum
471 722 549 774 tuam
565 718 717 800 eleemosy-

63 787 176 853 nis,
194 785 386 857 orationibus,
399 788 663 860 supplicationibus,
676 806 716 845 tli-
772 787 908 844 continuo
930 785 977 857 qui
1003 802 1034 842 se
1062 786 1242 857 adjuvarunt,
1272 785 1358 842 mini-

73 856 212 929 giliis.
223 857 325 914 Nullus
339 858 434 930 itaque
448 861 656 917 verecundetur
667 861 715 917 do·
772 863 864 915 strare
874 857 1135 927 sufficiatlitjuita
1144 857 1221 930 leges
1234 856 1359 929 tropolo-

74 939 203 987 nium
218 927 304 985 vilem
320 930 440 999 babens,
456 929 482 987 si
501 933 563 988 baec
583 930 717 989 habuerit
792 930 837 998 iae,
851 931 979 986 membra
991 944 1054 999 quae
1067 927 1225 984 servierant
1238 943 1359 984 immun·

80 999 286 1082 opemoma;
301 1000 395 1058 nullus
414 1001 494 1059 dives
514 1019 649 1074 magnum
669 1019 714 1059 sa·
772 946 849 1058 fficio
862 1001 897 1058 ad
909 999 1103 1079 iniquitatem,
1111 1004 1146 1079 ut¹
1154 997 1359 1079 fructificarent

84 1075 195 1143 jiiat,
210 1070 328 1128 domum
351 1074 460 1129 babens
477 1073 643 1145 pretiosam,
664 1073 715 1131 sed
772 1070 1265 1142 morti,serviantjusiiuaeinniam
1277 1075 1359 1124 aeter·

773 717 822 774 sed
838 723 866 772 et
879 721 958 773 tanto
973 716 1076 772 robore
1091 715 1255 781 comitante,
1272 721 1302 772 ut
1316 714 1359 772 eis

85 1141 334 1224 jerecundetui
348 1143 450 1216 magis,
465 1151 494 1200 et
506 1146 581 1202 banc
596 1146 713 1212 zeletur,

86 1212 202 1270 :ullam
220 1213 377 1284 dimittens,
397 1222 430 1272 nt
453 1220 483 1271 et
505 1216 552 1273 bic
571 1217 714 1274 Christum

102 1282 714 1427 eninr}lucullum

140 1426 243 1508 uldam
271 1427 380 1494 dicunt,
413 1430 489 1500 quud
517 1429 583 1486 licet
611 1431 714 1486 Petrus

153 1502 212 1554 erit
231 1498 267 1554 de
292 1499 455 1556 Bethsaida.
486 1505 581 1558 tamen
603 1500 714 1557 ratione

120 1567 222 1624 uxoris
246 1569 371 1626 babebat
396 1571 512 1629 domum
536 1571 566 1628 iii
587 1572 712 1643 Caphar-

121 1653 224 1695 naum.
247 1640 303 1697 Sed
320 1646 423 1697 contra
438 1643 493 1700 boc
511 1641 623 1699 videtur
636 1642 714 1714 quod

122 1709 238 1767 Marciis
252 1710 322 1766 dicit
337 1728 345 1767 ε
362 1715 488 1770 Venilia
501 1715 612 1770 mum
626 1715 714 1771 Simo-

122 1782 169 1837 nis
187 1786 215 1838 et
232 1782 364 1838 andrea.
384 1784 451 1840 Ideo
474 1783 638 1852 dicendum,
667 1800 713 1841 se·

122 1851 249 1933 eundum
262 1854 445 1923 sepianum,
459 1858 535 1927 quod
550 1856 652 1912 domus
663 1857 714 1912 Pe·

121 1925 159 1979 tri
182 1938 244 1980 non
269 1923 373 2005 dicitur
399 1926 572 1998 possessiie3
599 1927 648 1983 sed
676 1926 714 1983 ad

123 2007 212 2122 fluam
227 1994 371 2052 declinare
385 1997 533 2054 cousuevit
546 2013 631 2054 causa
645 2014 712 2054 veii-

144 2062 213 2121 endi
227 2064 331 2143 pisces,
349 2073 377 2123 et
392 2069 446 2124 bac
462 2068 549 2126 etiam
564 2066 713 2125 lamiliaii-

123 2139 182 2192 tate
196 2152 314 2192 uxorem
328 2136 407 2195 duxit
419 2140 455 2196 de
468 2140 554 2197 domo
568 2139 632 2207 illa;
650 2155 713 2212 quae

123 2205 211 2288 etiam
227 2206 443 2266 diciturdomus
453 2211 586 2280 Andreae,
597 2216 714 2292 propter

121 2278 399 2360 inseparabilitatem
414 2281 528 2339 illorum
544 2280 574 2338 in
593 2281 713 2354 piscium

124 2352 438 2480 negogifflse⁸socaus
463 2440 567 2481 ssusri
596 2424 713 2507 cinisio

121 2506 276 2548 mimrnsr.
286 2523 319 2534 -
329 2495 429 2551 Soccus
442 2502 534 2551 autem
545 2497 676 2561 Simonis,
684 2495 714 2550 id

123 2565 714 2637 estmateruioriseJ‘us,tenebaturmopnis

120 2634 248 2701 febribus
253 2653 264 2703 5
275 2641 302 2690 et
310 2635 445 2708 discipuli
455 2643 622 2716 ropoueruict
633 2640 714 2693 illam

202 2721 234 2761 ea
269 2706 458 2770 lebricitunte.
488 2715 520 2765 ut
551 2715 712 2765 sanaretur.

141 2781 208 2832 tons
220 2781 315 2833 auteiii
330 2778 468 2836 Dominus
479 2796 562 2852 super
574 2782 654 2835 illam
665 2782 715 2833 im·

118 2850 233 2917 percon
250 2848 336 2919 febri,
352 2855 384 2905 ut
397 2857 519 2907 cessaret
534 2851 578 2908 vel
595 2850 712 2908 recede·

122 2921 183 2986 ret;
212 2923 249 2987 et,
278 2923 450 2991 apprehenso
475 2939 570 2991 mona,
597 2924 715 2978 eleuauit

122 3002 195 3057 soni,
220 3004 284 3061 quae
305 2991 402 3047 statim
425 2997 454 3048 et
476 2993 570 3050 subito
594 2992 715 3050 liberata

122 3063 187 3128 est;
204 3065 231 3115 et
247 3065 377 3118 continuo
397 3078 513 3131 carpens
534 3063 715 3120 ministrabat

122 3131 194 3198 illia,
226 3131 349 3188 Domino
376 3132 484 3191 seilicet
514 3139 542 3190 et
570 3133 715 3205 discipulis

123 3200 185 3258 suis
193 3219 203 3271 ς
219 3201 294 3284 vires
304 3218 376 3275 quas
386 3205 506 3278 accepit,
518 3204 598 3277 quasi
608 3204 716 3278 gratias

121 3271 248 3342 agendo,
268 3289 298 3329 in
320 3275 490 3346 obsequium
515 3275 559 3332 sui
580 3291 717 3333 exercens

125 3342 295 3412 Salvatoris,
315 3361 373 3401 non
396 3351 573 3415 remanente,
592 3351 623 3403 ut
645 3347 718 3403 solet

122 3413 260 3470 molestia
277 3416 467 3486 agritudinis,
488 3417 564 3499 quod
583 3432 641 3474 non
663 3416 716 3474 nisi

122 3483 720 3567 divinavirtutopotuititernllaturaenim

123 3570 185 3613 noii
200 3562 337 3637 operatur
348 3573 379 3613 iii
394 3557 527 3625 instanti;
541 3565 571 3616 et
584 3559 649 3616 ideo
663 3561 719 3616 boc

122 3641 273 3700 proprium
286 3631 331 3684 est
346 3628 448 3684 medici
464 3629 598 3697 coelestis,
612 3631 662 3687 sed
678 3647 721 3687 se-

124 3713 177 3754 cus
191 3703 235 3754 est
247 3698 277 3755 iii
293 3698 367 3766 aliis,
384 3699 450 3756 licet
461 3701 538 3757 euim
552 3700 655 3758 virtute
669 3717 720 3758 na-

124 3773 200 3826 turae
219 3769 310 3840 possit
327 3771 414 3827 bomo
434 3786 452 3828 a
469 3772 596 3830 lebribus
614 3771 721 3840 curari,

126 3855 189 3896 non
208 3844 305 3896 tamen
325 3841 355 3898 in
372 3841 500 3909 instanti,
520 3858 554 3900 ac
573 3843 612 3900 ita
627 3843 722 3900 subito

125 3915 156 3968 et
171 3911 309 3982 perlecto,
325 3914 402 3984 quod
417 3913 507 3996 possit
524 3914 619 3971 statim
634 3929 724 3987 opera

125 3987 267 4040 eonsueta
284 3982 387 4050 iacere,
403 3991 477 4042 sicut
494 3983 540 4041 liic
559 3985 662 4043 dicitur
681 3986 723 4042 la·

126 4056 206 4111 otum
222 4069 302 4125 esse;
318 4071 352 4112 es
364 4072 420 4128 quo
435 4056 594 4114 ostenditur
606 4056 663 4115 ista
673 4074 724 4114 cu·

772 1159 848 1199 nam.
868 1164 882 1193 »
908 1142 988 1200 Unde
1005 1147 1034 1196 et
1052 1141 1172 1210 Cpitltuc
1192 1159 1200 1195 c
1222 1162 1236 1189 α
1256 1141 1359 1196 lituos

772 1214 961 1286 suscipiamus
973 1215 1082 1279 lesum,
1097 1227 1161 1266 curii
1175 1208 1250 1266 enlin
1267 1208 1358 1267 visita·

772 1286 843 1342 verit
873 1301 934 1353 nos,
960 1288 989 1340 et
1015 1280 1207 1355 potaverimus
1235 1296 1300 1361 euni
1328 1279 1358 1337 iii

772 1361 866 1413 mente
885 1360 914 1412 et
932 1354 1028 1420 corde,
1050 1359 1116 1410 tunc
1133 1367 1293 1408 enormium
1307 1367 1358 1408 iio·

771 1428 911 1499 luptatum
927 1432 1027 1483 aestum
1048 1423 1216 1493 exstinguet,
1234 1427 1263 1478 et
1280 1421 1357 1479 inco·

770 1499 861 1556 lunies
876 1497 969 1566 laniet,
988 1502 1020 1553 ut
1037 1493 1231 1551 ministremus
1247 1493 1284 1563 ei,
1303 1493 1359 1551 lioc

770 1576 814 1628 est
825 1571 886 1641 eJ'us
900 1567 1079 1640 beni-placita
1090 1581 1271 1638 peragamus.
1286 1584 1301 1614 >i

807 1665 822 1714 7
839 1644 927 1698 liuius
944 1655 1103 1696 siuiiiouis
1122 1655 1155 1693 er
1171 1651 1357 1692 iiiiiisrnirio·

770 1730 813 1768 iiis
839 1730 867 1768 in
892 1728 976 1768 sensu
997 1727 1097 1766 soniii
1116 1724 1303 1765 siouiricirio.
1321 1735 1359 1748 -

770 1782 916 1840 Moraliter
929 1788 1024 1839 autem
1039 1797 1090 1853 per
1107 1782 1160 1837 lioc
1175 1780 1259 1836 datur
1274 1775 1358 1834 intel·

770 1854 829 1925 ligi,
843 1854 920 1926 quod
935 1859 1002 1912 aule
1015 1851 1188 1910 curationem
1200 1867 1217 1907 a
1229 1853 1357 1922 peccato,

770 1943 828 1983 non
845 1932 888 1983 est
906 1932 1019 1997 gratum
1036 1923 1181 1981 serviuum
1196 1921 1357 1994 impensum

770 2000 844 2064 Deo;
858 1997 907 2054 sed
917 1999 1067 2070 poeuiteiis,
1076 2011 1161 2066 quam
1174 1993 1230 2049 cito
1243 1996 1358 2049 curatus

770 2075 814 2125 est
828 2085 845 2125 a
859 2069 937 2127 lebie
952 2066 1072 2140 peccati,
1085 2073 1142 2122 tam
1157 2065 1212 2144 cito
1227 2062 1312 2143 debet
1325 2076 1358 2119 so

770 2155 920 2210 occupare,
936 2145 965 2195 et
980 2137 1106 2194 totaliter
1121 2149 1275 2205 mancipari
1295 2147 1357 2213 sei·-

770 2210 838 2266 vitio
858 2208 919 2278 Dei,
937 2208 1094 2266 secundum
1115 2205 1184 2262 illud
1202 2202 1356 2275 Apostoli:

770 2284 849 2339 Sicut
868 2281 1035 2335 cohibuistis
1053 2277 1173 2332 membro
1192 2280 1284 2331 uestro
1299 2289 1357 2329 rer·

770 2356 828 2408 vire
841 2352 1034 2412 immunditia,
1050 2353 1075 2404 et
1089 2349 1236 2418 iniquitati
1250 2345 1288 2400 od
1301 2345 1357 2399 ini·

771 2426 919 2494 quitatem
935 2425 976 2478 ito
997 2437 1069 2476 nunc
1092 2419 1215 2474 exbibete
1236 2416 1359 2471 menbra

770 2500 860 2550 uestra
879 2496 982 2548 scrobe
994 2492 1114 2562 justitie
1132 2492 1162 2544 in
1176 2488 1358 2567 sanctificati·

771 2582 856 2623 onetn.
873 2563 901 2621 Si
916 2579 985 2635 ergo
1002 2561 1098 2618 anima
1112 2565 1163 2617 tua
1177 2559 1254 2616 lebre
1274 2563 1356 2638 vitio-

771 2652 833 2693 rum
849 2640 893 2692 est
903 2641 998 2706 eapta,
1011 2635 1128 2691 sanctos
1141 2631 1171 2688 iii
1183 2630 1359 2709 adjutorium

771 2713 851 2764 tuum
864 2705 972 2772 invoca,
989 2710 1134 2762 uteorum
1149 2708 1250 2774 rugitu
1264 2703 1360 2771 gratia

771 2777 821 2836 Dei
840 2784 919 2834 curet
937 2784 975 2846 te,
997 2777 1072 2848 quod
1091 2773 1184 2848 possis
1198 2771 1225 2830 ei
1244 2777 1271 2829 et
1287 2771 1359 2829 San·

772 2850 824 2906 ctis
836 2848 896 2907 suis
908 2854 1019 2931 gratam
1038 2847 1201 2905 servitutem
1214 2842 1359 2902 exhibere.

772 2924 804 2979 ln
819 2923 873 2978 boc
888 2928 974 2977 etiam
1020 2920 1075 2975 uod
1092 2917 1222 3000 discipuli
1241 2929 1360 2987 rogaro·

772 2998 906 3118 runtXro
922 2990 981 3060 illa,
999 2935 1088 3070 fiatur·
1103 2990 1186 3045 nobis
1200 2985 1363 3066 exemplum

773 3078 843 3120 oran
865 3061 874 3117 i
903 3077 954 3133 pro
984 3061 1106 3116 infirmis
1134 3061 1162 3114 et
1193 3059 1363 3112 necessitate

773 3133 875 3189 aliena.
892 3163 927 3174 -
942 3129 1068 3202 llystice,
1081 3127 1236 3207 secundum
1247 3125 1361 3205 dodoni,

773 3205 875 3261 domus
888 3201 963 3258 Petri
979 3206 1022 3258 est
1032 3197 1158 3256 Ecclesia
1167 3198 1203 3254 de
1213 3210 1362 3253 circumci-

774 3275 856 3332 sione
868 3274 929 3345 ejua
946 3271 1118 3346 apostolatui
1134 3266 1300 3334 commissa;
1315 3280 1365 3323 so·

775 3351 1050 3417 crusestsynoguga
1074 3357 1138 3413 qiiae
1152 3336 1364 3419 quodaminodo

776 3422 868 3474 mater
887 3422 931 3473 est
950 3413 1080 3472 Ecclesiae
1102 3414 1185 3470 Petro
1205 3423 1366 3466 commisse

776 3489 807 3545 iii
820 3504 889 3545 curn
902 3495 931 3544 et
942 3486 1080 3544 custodia.
1093 3487 1183 3542 llaecs
1204 3500 1220 3537 ii
1261 3496 1315 3552 oga
1327 3480 1367 3538 le-

778 3559 904 3628 bricitat,
915 3559 982 3630 quia
992 3556 1106 3614 invidie
1118 3498 1235 3612 esitius
1253 3555 1367 3621 aburat,

799 3646 954 3702 ersequens
969 3628 1137 3696 Ecclesiam
1154 3626 1235 3697 cujus
1250 3636 1368 3706 manum

779 3648 916 3760 Bomiuus
928 3700 1029 3772 tangit,
1041 3698 1154 3771 quando
1166 3697 1294 3754 cainalia
1303 3707 1369 3766 eJus

779 3789 867 3844 opera
891 3771 921 3828 iii
941 3771 1117 3843 spiritualem
1140 3768 1320 3846 intellectum·
1339 3767 1370 3846 et

781 3858 864 3901 usum
883 3840 1034 3910 convertit,
1055 3848 1083 3899 et
1106 3840 1147 3897 sic
1167 3844 1263 3896 erecta
1284 3850 1369 3892 mini·

782 3920 853 3972 strat
864 3913 894 3970 iii
902 3912 1058 3986 spiritu-
1066 3912 1211 3969 Moraliter
1220 3914 1314 3965 autem
1326 3921 1371 3962 so·

782 4002 848 4043 crus
861 3985 936 4042 Petri
953 3984 1119 4044 febricitans
1130 3987 1174 4039 est
1188 3995 1255 4035 caro
1269 3992 1371 4034 concii·

782 4056 913 4130 piscens;
929 4073 994 4114 cum
1008 4056 1086 4115 enini
1098 4057 1183 4112 bomo
1196 4049 1292 4107 calore
1308 4063 1373 4105 coii-
