2790 4912
100 253 146 307 292
459 245 571 298 rntlttl
597 244 714 299 Pluris
741 241 847 296 carus
876 240 980 294 XXXV

100 375 153 433 pro
172 355 304 424 inimicis,
329 361 357 412 et
376 354 416 411 eis
441 352 618 422 benedicere,
635 370 687 426 pro

120 435 207 488 nanto
231 428 261 484 in
280 425 464 499 generalitate
484 425 578 496 pepuli
596 422 687 481 inclu-

99 447 218 568 duntur,
233 504 277 556 est
306 502 487 580 preceptum,
513 495 583 551 sicut
611 497 688 568 quod

98 572 129 630 in
144 570 271 646 generali
286 568 436 625 dilectione
446 566 622 638 diligantur3
637 568 686 623 scd

100 645 131 701 in
146 641 260 716 speciali
284 641 339 696 ista
359 640 462 705 lacere,
478 654 536 694 non
555 643 598 694 est
607 655 687 767 <prce

100 710 605 792 ceptum,sedperlectionisAEtscien
628 726 687 779 um,

120 786 176 843 uod
191 786 394 852 chrysostomus
409 787 489 853 ponit
507 797 607 837 novem
624 798 688 854 gra·

100 803 164 925 aas,
184 854 337 912 secundum
361 869 505 910 accessum
533 854 568 910 ad
594 855 688 926 perle—

100 927 224 985 ctionem
239 924 365 981 mandati
393 925 486 996 hujus.
516 925 595 982 Unde
623 925 687 982 ait:

102 1018 116 1053 o
130 997 231 1054 Vidisti
247 1012 350 1067 nempe
361 996 476 1066 quantis
490 997 526 1053 ad
537 997 689 1068 perlectio-

101 1085 166 1127 nem
184 1068 320 1140 gradibus
337 1067 476 1136 ascendit,
498 1072 527 1124 et
551 1067 687 1139 quemad·

100 1141 217 1198 medum
233 1156 285 1195 nos
310 1139 340 1194 in
356 1138 448 1210 ipsum
467 1138 594 1195 veritatis
609 1155 689 1196 cacu-

100 1228 165 1269 men
182 1210 280 1267 statuit
293 1216 320 1266 et
333 1210 468 1282 paulatim
482 1210 512 1265 in
527 1210 620 1282 ipsum
636 1227 690 1267 coe·

100 1285 159 1340 lum
186 1281 312 1339 reducit:
344 1281 452 1352 primus
475 1280 482 1336 i
506 1281 562 1338 itur
583 1283 689 1355 gradus

100 1359 154 1425 est,
182 1369 362 1436 nequaquam
388 1354 424 1409 ad
442 1353 475 1409 lae
497 1353 600 1410 endum
617 1354 690 1427 prio-

100 1441 161 1483 rem
171 1442 269 1482 uentre
280 1443 286 1493 ;
299 1426 449 1492 secundus
462 1430 557 1481 utnon
568 1425 688 1498 amplius

100 1498 215 1564 referat,
241 1512 325 1578 quam
341 1497 448 1566 quoda
468 1496 588 1553 laedente
603 1497 688 1553 susti-

99 1567 176 1635 nuit;
194 1573 305 1635 tertius,
318 1569 446 1623 nelaesus
459 1568 543 1624 faciat
558 1568 606 1624 illa
625 1585 688 1640 qum

99 1653 201 1711 passus
214 1645 268 1706 est,
287 1638 336 1694 scd
352 1639 494 1710 quiescal3
512 1647 640 1711 quartus,
657 1646 687 1696 ut

101 1709 186 1767 etiem
203 1711 331 1782 praebeat
349 1710 474 1782 seipsum
500 1712 536 1766 ad
555 1711 687 1783 injuriam

100 1780 312 1849 sustinendam;
334 1781 459 1908 (Erimus,
483 1787 514 1839 ut
539 1783 624 1840 etiam
652 1784 688 1840 ad

98 1853 210 1925 majora
229 1869 258 1908 se
283 1868 342 1923 prae
365 1858 420 1921 ent,
441 1870 526 1926 quam
549 1857 608 1912 vult
626 1872 688 1912 esse

99 1923 147 1994 qui
167 1923 252 1991 lecit;
270 1928 373 1990 sertus,
402 1941 458 1980 non
477 1926 573 1982 odisse
588 1943 652 1983 eum
672 1943 689 1982 a

138 1993 224 2048 oista
261 1994 399 2064 erpetitur
416 2013 422 2063 ;
438 1996 585 2066 septimus,
601 1997 687 2053 etiam

97 2008 216 2134 ffliigere
240 2010 408 2144 Prudentem
432 2072 558 2136 octavus,
579 2069 686 2124 benefi-

98 2133 149 2192 ciis
177 2149 242 2191 eum
273 2135 395 2191 libenter
426 2137 555 2207 allicere;
584 2154 686 2208 nonus,

99 2205 185 2264 etiam
203 2208 292 2263 Deum
307 2223 359 2288 pro
372 2207 535 2265 adversario
552 2211 687 2281 depreca-

97 2277 133 2334 ri.
150 2298 164 2330 o
182 2278 351 2350 Persperrsti
371 2279 568 2338 celsitudinem
591 2283 687 2339 Plrilo-

98 2349 218 2422 sophiae,
236 2356 264 2408 et
282 2350 387 2407 idcirco
416 2357 473 2408 tam
500 2353 576 2410 claro
601 2355 688 2427 digna

97 2426 141 2478 est
154 2423 284 2495 praemis,
300 2424 367 2495 quia
378 2429 436 2480 tam
445 2441 550 2498 magno
566 2432 609 2482 est
624 2428 688 2483 sub

94 2493 171 2565 jecta
185 2501 337 2567 praecepto.
355 2497 424 2552 Nam
436 2503 464 2554 et
479 2500 628 2570 praemium
644 2498 686 2554 illi

96 2564 154 2622 lale
181 2569 327 2639 proponit,
348 2568 432 2639 quale
474 2586 581 2626 morum
599 2570 688 2628 omni·

95 2638 219 2718 nonulli
236 2657 242 2707 ;
261 2644 290 2695 ut
319 2639 427 2696 scilicet
450 2587 553 2698 florent
580 2642 687 2699 similes

96 2709 158 2776 Der,
173 2716 264 2780 prout
287 2714 382 2766 tamen
401 2713 563 2771 hominibus
579 2713 606 2770 id
625 2731 687 2770 esse

96 2778 235 2862 possibile·
254 2786 304 2836 est.
334 2781 422 2853 lgitnr
450 2785 686 2842 benefaciendum

96 2854 140 2906 est
160 2851 302 2915 omnibus,
333 2852 409 2922 quia,
430 2861 461 2911 ul
490 2855 559 2911 dicit
573 2859 684 2921 Seneca,

95 2935 181 2976 nemo
199 2937 256 2976 non
278 2937 342 2976 cum
366 2925 448 2978 alteri
475 2928 601 2996 prodest,
631 2929 685 2986 sibl

95 2989 212 3063 proluit.
229 2990 300 3057 Quia
320 3006 386 3048 vero
402 2995 538 3065 perfectio
554 2998 684 3056 dilectio-

94 3059 151 3128 nis,
179 3061 255 3117 ultra
283 3059 465 3120 dilectionem
494 3065 684 3140 inimicorum,

94 3148 151 3190 non
171 3137 263 3205 potest
279 3134 444 3204 procedere,
459 3135 524 3194 ideo
535 3144 685 3211 postquam

94 3204 229 3278 pracepit
255 3205 385 3263 inimicos
417 3208 546 3281 diligere,
584 3227 684 3269 conse·

95 3285 216 3354 quenter
240 3279 408 3352 subjungit:
438 3284 532 3338 Estote
558 3299 621 3353 erpo
638 3301 685 3341 uos

92 3355 219 3422 perfecti,
237 3355 309 3409 sieut
324 3357 349 3408 et
375 3351 456 3409 Peter
469 3359 557 3410 uester
571 3359 685 3414 coelestts

91 3426 231 3493 perfectus
260 3431 309 3494 est,
340 3440 402 3496 qum
430 3434 474 3482 est
502 3427 545 3483 lex
578 3431 684 3484 amoris

94 3496 299 3565 conservando,
316 3501 345 3552 ut
371 3497 505 3567 quaeratis
528 3499 614 3556 eliam
627 3499 682 3555 ini·

94 3563 176 3619 micis
204 3567 358 3636 prodesse;
375 3569 450 3639 quod
481 3571 570 3626 Deum
591 3572 683 3628 lacere

94 3634 276 3692 manifestum
298 3643 351 3706 est,
378 3640 425 3710 qui
442 3641 581 3699 beneficia
596 3643 680 3714 largi-

94 3708 141 3760 tur
154 3705 239 3762 eliam
256 3708 337 3765 malis
352 3709 533 3782 bominibus;
550 3714 590 3770 sic
606 3715 682 3786 quod

113 3782 210 3848 reptes
223 3793 321 3835 eorum
335 3781 484 3854 malitiam,
499 3802 556 3842 non
577 3787 683 3843 deserit

111 3916 117 3929 ι
131 3847 311 3930 nellcentiam
323 3852 398 3909 circa
413 3856 498 3925 ipsos,
512 3856 551 3912 ita
565 3874 617 3915 nce
633 3874 682 3915 res

93 3934 169 3975 circa
182 3921 322 3978 mimicos.
339 3925 420 3988 llam.
432 3930 585 3986 secundum
600 3931 683 4002 Chry·

92 3995 250 4060 sostomum,
281 3992 353 4051 sicut
379 3996 430 4052 lilii
458 4001 587 4058 carnales
602 4001 681 4058 simi·

92 4062 189 4120 lantur
215 4063 353 4146 patribus,
377 4066 406 4123 in
434 4068 529 4142 aliquo
554 4073 681 4146 corporis

92 4133 184 4206 signo,
214 4141 254 4194 ila
275 4135 325 4192 ulii
355 4136 527 4210 spirituales,
557 4146 614 4202 Deo
650 4146 680 4202 in

92 4209 255 4277 sanctitate3
276 4213 305 4266 et
319 4208 389 4266 omn
404 4226 457 4266 nos
476 4214 533 4269 Deo
548 4213 588 4271 ita
607 4216 680 4273 essi·

747 352 837 423 mitat,
852 351 925 408 sicut
939 350 1045 423 iniusta
1066 348 1241 408 iacientibus
1262 349 1337 422 igno-

746 440 836 493 scere,
857 428 885 479 et
899 439 951 495 pro
970 421 1013 479 eis
1027 437 1123 479 orare.

786 518 813 552 ιι
829 496 985 553 Cunissmm
999 512 1027 549 m
1042 511 1204 549 nmocnose
1218 512 1336 550 pronci-

747 586 790 623 ms
815 585 846 623 m
869 583 989 622 sonmms
1009 583 1152 622 rnnsmm:
1176 584 1289 622 nnnnsr.
1304 598 1337 606 -

748 642 781 695 Et
799 655 832 695 ar
871 637 892 693 it
908 638 962 693 boc
975 637 1104 709 exemplo
1120 638 1333 709 publicanorum

748 715 777 767 et
796 709 825 766 in
849 709 965 777 delium,
979 708 1026 779 qui
1047 725 1114 765 suos
1137 709 1248 765 amicos
1272 709 1332 764 dili·
1373 711 1394 779 ,⁴

748 786 819 853 gunt
835 786 864 837 et
880 781 921 836 eis
940 779 1132 837 benefaciunt.
1151 780 1179 838 Si
1203 797 1272 850 ergo
1292 797 1332 836 su
1346 820 1394 864 x,

769 870 800 910 ra
817 853 895 924 ipsos
910 852 1069 909 mercedem
1083 851 1270 908 beatitudinis
1287 868 1371 909 sex
1381 908 1394 933 ‹

749 869 841 980 famus
857 923 973 992 babere,
989 923 1125 980 debemus
1140 923 1206 995 plus
1220 929 1394 1007 ρτορίεῡξ

749 997 838 1052 Deum
861 995 965 1063 lacere,
989 994 1172 1051 dilectionem
1197 995 1278 1051 etiam
1294 1011 1373 1059 am

749 1066 1392 1141 inimicesextendendoSientmdtltqitiQ

749 1137 850 1208 inquit,
865 1143 976 1194 tantum
993 1153 1037 1193 ens
1059 1141 1109 1207 qui
1130 1155 1178 1193 uos
1193 1139 1305 1206 dilteunt
1317 1161 1356 1197 ε-
1378 1132 1393 1215 ‚3

768 1226 832 1264 unm
845 1209 992 1264 mercedem
1003 1209 1151 1278 babebitis,
1163 1210 1215 1266 hac
1227 1209 1378 1270 scilicet

749 1227 784 1336 ge
799 1296 885 1338 causa
899 1297 916 1336 a
929 1282 988 1336 Deo
998 1280 1028 1336 in
1044 1285 1151 1337 aeterna
1162 1282 1372 1348 s'italQuast

748 1351 856 1409 diceret
875 1370 881 1407 :
902 1351 1022 1407 Nullam.
1050 1353 1089 1408 De
1116 1352 1160 1408 bis
1183 1351 1254 1408 enim
1272 1350 1300 1407 di
1315 1349 1369 1402 ci

749 1429 842 1496 potest
858 1447 864 1480 :
881 1426 1048 1494 Recepernnt
1071 1425 1218 1479 mercedem
1240 1432 1365 1478 snum·

748 1495 824 1550 Talis
839 1510 962 1564 namque
982 1493 1095 1551 dilectio
1120 1500 1162 1550 est
1186 1493 1296 1551 naturali
1314 1498 1369 1544 ἒ,

749 1572 776 1623 et
792 1582 847 1622 non
863 1565 991 1638 procedit
1007 1566 1042 1622 de
1059 1566 1208 1634 charitate,
1225 1582 1281 1637 quae
1293 1563 1372 1620 30

747 1637 872 1694 extendit
893 1638 930 1694 ad
946 1653 1044 1693 omnes
1058 1637 1189 1694 homines
1202 1656 1210 1707 ;
1225 1643 1251 1694 et
1264 1637 1327 1693 ide
1346 1631 1376 1666 *Ὗ

747 1713 868 1764 nonest
893 1707 1048 1765 meritoria.
1077 1710 1131 1765 Sed
1154 1714 1247 1766 lamen
1270 1709 1345 1764 liv
1371 1697 1382 1733 ⁰

749 1784 871 1923 llltlb
885 1771 1392 1923 {liraldllrlttnllffl

748 1923 867 1994 diligere
889 1939 947 1979 non
974 1922 1124 1995 diligentes
1149 1929 1193 1980 est
1219 1924 1310 1997 gratia
1381 1960 1392 1969 -

750 2012 805 2050 non
822 1992 941 2067 diligere
961 1994 1110 2067 diligentes
1136 2001 1180 2051 est
1197 1994 1330 2067 perressit

748 2065 815 2123 tatis
829 2065 975 2134 maximae;
992 2082 1049 2121 non
1064 2065 1185 2137 diligere
1202 2084 1258 2123 non
1272 2066 1357 2122 dilif

748 2142 848 2208 gentes
871 2143 914 2193 est
940 2137 1163 2209 imperfectionis
1189 2139 1376 2196 humauaae

748 2213 822 2266 Etsi
835 2211 1025 2265 salutaveritis
1036 2211 1143 2277 {ratres
1156 2216 1260 2266 uestros
1275 2216 1384 2266 roos

750 2286 817 2343 tum.
834 2280 881 2352 qui
897 2280 993 2352 aliqua
1007 2281 1147 2338 affinitate
1162 2282 1256 2352 jnncti
1270 2287 1330 2338 sunt
1361 2256 1391 2317 Δ

747 2351 839 2419 vobis,
856 2351 883 2406 id
900 2358 943 2408 est
961 2352 1080 2408 salutem
1100 2352 1141 2409 eis
1158 2354 1330 2426 optaveritis,
1377 2370 1391 2395 ⁴

748 2440 779 2480 ac
796 2421 944 2480 charitalis
966 2430 994 2480 et
1017 2422 1179 2481 dilectionis
1201 2426 1331 2482 allectum

748 2494 789 2552 eis
812 2494 1006 2562 ostenderitis
1023 2497 1092 2566 qnid
1110 2499 1243 2568 emptius,
1260 2497 1332 2554 scili-

748 2572 792 2623 cet
803 2571 940 2637 quantum
955 2567 991 2622 ad
1005 2567 1208 2638 perlectionem
1220 2572 1333 2636 soritis?

747 2638 847 2696 Subdit
876 2644 970 2694 eutem
998 2658 1007 2693 :
1031 2642 1067 2694 Et
1095 2642 1121 2694 si
1148 2640 1333 2708 benefeceritis

746 2714 867 2778 tantum,
891 2711 934 2765 tris
964 2712 1014 2781 qut
1041 2711 1118 2766 uobis
1149 2711 1332 2778 benefaciunt,

747 2781 823 2852 quod
838 2786 881 2836 est
896 2780 983 2838 debiti
1004 2781 1153 2850 naturalis,
1171 2800 1205 2839 ex
1220 2791 1333 2856 accepto

746 2852 885 2908 beneficio
902 2869 962 2922 quae
979 2855 1056 2909 uobis
1071 2859 1110 2909 cst
1126 2860 1232 2923 pratia,
1249 2855 1279 2912 id
1293 2861 1334 2911 est

766 2923 822 2980 uod
852 2923 985 2980 meritum
1009 2923 1109 2996 gratiae
1129 2927 1206 2997 apud
1226 2928 1335 2984 Deum?

745 2940 830 3062 guasi
845 2994 975 3052 diceret:
994 2997 1117 3053 Nullum.
1135 3001 1233 3064 Nonne
1246 3005 1271 3054 et
1285 3001 1334 3054 Pu-

747 3067 850 3122 bliceni
871 3072 897 3121 et
924 3068 1043 3137 litbntci,
1057 3067 1085 3123 id
1100 3074 1143 3124 est
1170 3075 1334 3140 peccateres

746 3137 994 3208 ettamunster
1018 3143 1149 3209 sumunt?
1175 3141 1334 3211 Publiceni,

745 3208 793 3280 qui
806 3209 919 3281 publica
933 3209 1083 3282 vectigalia
1101 3210 1230 3284 exigunt,
1246 3230 1263 3269 a
1279 3215 1334 3268 Pu·

745 3280 803 3338 blio
816 3296 883 3352 rege
898 3282 1205 3340 Romanorumnomen
1216 3283 1333 3340 traxisse

745 3361 891 3432 dicuntum
909 3362 1019 3420 Ethnici
1033 3367 1155 3433 vero,ab
1169 3359 1243 3427 tens
1259 3368 1333 3423 Gne

745 3449 786 3501 ce,
802 3434 879 3505 quod
898 3451 964 3504 pens
979 3435 1077 3493 Latine
1097 3440 1142 3493 cst
1165 3435 1334 3510 interpreta-

744 3507 1335 3579 tum‚uocantur,quilalessuntutluerunt

743 3575 842 3648 geniti,
878 3576 985 3635 scilicet
1016 3579 1067 3636 sub
1096 3584 1224 3652 peccato.
1247 3584 1284 3637 Et
1310 3584 1335 3636 si

743 3653 868 3704 mutuum
889 3650 1021 3707 dederitis
1038 3650 1091 3715 bis,
1108 3668 1125 3706 a
1145 3652 1247 3722 quibus
1306 3669 1335 3708 r-

742 3723 813 3774 rota's
834 3723 962 3792 recipere,
978 3739 1039 3793 qna
1060 3725 1155 3792 pretio
1178 3729 1218 3778 est
1245 3740 1278 3779 uo
1299 3727 1332 3788 is,

743 3790 851 3847 scilicet
869 3793 945 3863 apud
969 3794 1082 3850 Deum?
1095 3793 1180 3861 Quasi
1197 3793 1307 3852 diceret
1325 3813 1332 3849 :

743 3862 833 3918 Nulla.
855 3865 936 3934 llam,
955 3869 987 3921 ut
1004 3863 1073 3921 dicit
1094 3865 1203 3935 Glosso,
1224 3883 1258 3922 e1
1280 3867 1334 3922 hoc

743 3933 803 3990 solo
840 3935 896 3991 nod
911 3937 1032 4007 speratis
1047 3936 1104 3993 reci
1126 3953 1186 4005 ere,
1203 3954 1262 3994 non
1278 3953 1330 4010 pro

743 4007 801 4062 neo
816 3950 900 4063 datis.
917 4008 996 4064 Unde
1016 4008 1051 4065 de
1072 3952 1179 4065 iniibus
1192 4008 1249 4065 diei
1268 4015 1330 4090 pot·

743 4081 786 4133 est
804 4094 810 4132 :
824 4081 991 4149 lleeeperunt
1001 4080 1150 4136 mercedem
1159 4096 1251 4146 suam,
1267 4095 1333 4151 qum

742 4163 791 4219 spe
807 4148 1002 4207 retributionis
1028 4151 1161 4208 bumanae
1189 4155 1330 4208 mutuant.

741 4222 813 4278 Nem
835 4226 860 4277 et
880 4228 1045 4294 peccatore,
1060 4222 1108 4295 qui
1133 4221 1259 4294 gratiam
1282 4221 1331 4278 Dei
