2790 4912
128 263 179 318 236

130 383 178 425 mo
197 383 276 440 ergo,
293 364 423 425 Herodes
437 368 577 424 loannem
592 363 719 421 incarce-

128 438 213 508 ravit,
229 455 262 496 ex
276 455 310 495 co
326 438 401 509 quod
417 435 510 510 ipsum
525 435 717 508 reprebende-

130 511 180 568 bat
205 510 241 566 de
267 507 436 576 Herodiade,
458 524 542 579 quam
567 507 647 564 lratri
665 522 718 563 suo

129 581 296 649 abstulerat,
312 586 340 637 et
360 579 424 636 ideo
446 581 482 636 ad
507 578 718 706 sogpestionem

130 651 299 710 Herodiadis
317 650 410 723 ipsum
435 650 464 706 in
478 649 561 706 viucu
575 654 597 706 is
612 649 715 732 posuit.

128 754 164 767 -
179 723 318 791 Secundo,
340 739 373 778 er
389 738 423 778 eo
444 721 519 793 quod
531 720 673 793 justinam
689 725 716 777 ct

130 793 302 866 baptismum
322 793 504 866 praedicabat,
520 798 548 849 et
567 792 631 849 ideo
646 792 720 872 mul-

127 867 308 938 tuspopulns
336 865 372 921 ad
391 867 533 921 loannem
561 864 598 921 ob
622 865 718 935 bapti-

130 951 223 992 smum
233 943 261 992 et
289 935 500 992 medicationem
512 934 636 1006 undique
650 949 718 990 con-

128 1007 244 1064 tinebat.
269 952 305 1063 ἓῑ
331 1009 434 1063 timens
461 1006 586 1062 Herodes
611 1021 647 1061 ne
673 1007 717 1062 sui

148 1078 236 1152 opuli,
257 1081 397 1135 loannem
426 1077 581 1149 sequentis,
601 1075 718 1148 dispen-

150 1149 207 1206 'um
229 1151 359 1219 baberet,
385 1153 413 1205 et
432 1151 469 1206 ob
486 1149 573 1206 verba
587 1149 717 1218 loannis,

127 1221 246 1349 sepeio,
263 1237 326 1277 cum
343 1225 418 1278 esset
432 1219 603 1292 alienigena,
618 1235 718 1276 exosus

151 1297 360 1364 arctoumque
384 1308 505 1364 aregno
521 1293 557 1348 ob
578 1291 718 1348 incestum

128 1363 257 1436 pelleret,
275 1366 413 1420 loannem
428 1363 639 1432 lunctenuit,et
656 1361 717 1418 vin·

114 1437 206 1492 'mum
224 1435 319 1507 posuit
347 1435 376 1491 in
399 1450 524 1502 carcere,
544 1450 602 1490 non
629 1449 718 1491 ausus

129 1520 193 1562 eum
209 1506 305 1562 statim
321 1505 495 1562 interlicere.
510 1536 545 1546 -
562 1504 668 1574 Tertio,
685 1520 718 1561 ex

127 1579 250 1647 eoquod
264 1580 393 1634 ioannes
409 1577 561 1648 quemdam
581 1591 718 1647 magnum

126 1662 224 1718 regem
240 1654 304 1720 post
315 1665 345 1704 se
357 1654 507 1705 venturum
521 1647 697 1718 predicabat
709 1665 716 1716 3

126 1722 234 1775 etcum
259 1719 379 1775 Romani
409 1719 590 1775 ordinassent
614 1735 650 1775 ne
666 1718 717 1774 ali-

127 1790 193 1861 quis
204 1789 264 1846 sine
282 1794 399 1847 senatus
415 1790 587 1847 auctoritate
601 1806 651 1846 rer
666 1806 716 1846 no·

127 1859 297 1930 minaretur,
314 1863 456 1918 ollensam
474 1863 595 1919 Caesaris
612 1860 718 1930 timuit,

127 1935 158 1988 et
172 1931 237 1987 ideo
253 1933 346 2002 ipsum
368 1931 565 1988 incarceravit.
581 1962 613 1973 -
630 1934 664 1986 Et
679 1932 720 1988 in-

128 2014 214 2072 super
232 2008 348 2073 propter
370 2002 424 2057 hoc
439 2007 483 2058 est
504 2008 603 2073 captus
630 2007 657 2058 et
673 2002 717 2058 in·

127 2077 288 2127 carceratus
298 2075 422 2129 loannes
435 2072 562 2143 Baptista
572 2071 638 2143 quia
649 2075 721 2130 Pba·

126 2140 213 2223 risaei‚
233 2148 351 2215 propter
369 2141 504 2199 invidiam
522 2144 557 2199 de
577 2143 715 2214 praedica-

124 2215 205 2269 tione
219 2212 308 2285 ipsius
322 2213 437 2276 turbati,
449 2219 601 2271 suaserant
613 2216 718 2272 llerodi

127 2287 159 2341 nt
182 2290 296 2357 caperet
316 2301 392 2354 cum,
412 2284 563 2343 incitantes
580 2287 720 2344 Herodem

131 2355 168 2413 ad
184 2358 245 2428 ejus
262 2374 308 2413 mo
316 2364 401 2414 rtem.

163 2430 301 2485 blasima
317 2433 482 2486 Heronums
492 2445 622 2485 occroere
634 2431 649 2486 J
671 2448 718 2486 urr-

126 2516 181 2556 uns
210 2519 352 2558 voneurrs.
384 2532 417 2543 -
442 2501 577 2556 Heraclius
606 2447 716 2566 augre,

126 2572 266 2640 adultera,
284 2574 475 2629 insidiabatur
493 2574 540 2628 itti
566 2592 574 2627 :
599 2572 719 2629 timebat

128 2643 205 2700 enim
223 2661 259 2700 ne
277 2645 415 2712 Herodes,
431 2644 467 2700 ad
484 2643 717 2715 predicationem

127 2714 255 2783 loannis,
268 2717 303 2771 dc
320 2721 496 2787 peccatosuo
512 2715 673 2786 poeniteret,
690 2721 718 2771 et

130 2799 192 2840 eam
216 2785 319 2841 marito
343 2802 394 2842 suo
420 2785 562 2855 redderet,
598 2785 626 2842 ui
653 2802 717 2842 eam

128 2853 202 2909 lortc
222 2855 378 2923 occideret;
397 2862 423 2910 et
440 2856 504 2911 ideo
524 2803 631 2912 volebat
645 2874 716 2923 eum,

128 2923 235 2980 scilicet
245 2927 384 2981 ioannem
394 2926 524 2989 occidere,
537 2932 716 3000 mortemque

129 2994 191 3064 eJus
200 2996 355 3120 puaerebat
368 3001 535 3121 nessoterot
546 2995 635 3066 idest,
651 3015 719 3069 quo·

130 3079 197 3120 nam
219 3071 281 3121 acto
292 3066 319 3120 ul
329 3081 416 3136 aggre
437 3064 717 3137 diposset,inveuire

130 3151 189 3192 non
208 3142 329 3208 poterat.
347 3137 467 3192 Herodes
489 3140 560 3193 enim
582 3141 717 3197 metuebat

128 3208 270 3275 loannem,
280 3224 343 3266 cum
356 3208 513 3266 reverendo
523 3211 625 3266 timore
636 3226 717 3267 mun·

128 3278 202 3337 dano
225 3280 269 3338 vel
288 3283 424 3349 humano,
441 3284 529 3337 scieris
547 3297 607 3336 eum
626 3286 715 3339 uirum

125 3352 243 3423 iustum,
263 3353 356 3425 quoad
375 3351 517 3421 homines,
535 3357 561 3407 et
579 3360 714 3420 sanctum,

129 3425 222 3496 quoad
241 3428 343 3494 Deum3
361 3431 387 3480 et
407 3425 662 3493 custodiebamus,
680 3442 716 3482 ne

128 3495 165 3575 ab
182 3496 341 3552 llcrodiade
361 3494 547 3564 occideretur,
566 3499 595 3552 et
614 3512 646 3552 ex
661 3497 716 3552 lroc

128 3578 190 3636 ipse
205 3566 330 3623 Herodes
349 3567 484 3623 damnum
510 3572 538 3622 et
556 3567 714 3638 periculum

128 3637 442 3706 pateretur:soloenim
453 3637 713 3706 metuabinterie-

128 3703 343 3788 ctioneloannis
355 3707 589 3779 tenebatur,quia
597 3713 714 3781 propter

126 3781 306 3836 sanctitatem
324 3780 396 3849 eius,
413 3795 476 3850 qnae
493 3784 555 3835 erat
572 3784 638 3835 nota
652 3785 712 3837 toto

126 3848 248 3922 populo,
264 3849 383 3905 timebat
400 3849 423 3905 si
441 3866 506 3906 eum
526 3850 712 3920 interficeret,

127 3933 165 3976 ne
179 3924 255 3974 totus
265 3920 385 3991 populus
396 3926 497 3977 contra
507 3936 572 3978 eum
583 3921 712 3994 insurge-

127 3994 186 4057 rct;
201 3989 268 4060 quia
280 4005 379 4046 omnes
389 3993 528 4048 loannem
542 3993 713 4119 Ἢὴοωηι

125 4134 224 4197 multa,
250 4131 356 4188 scilicet
378 4133 507 4257 {uadem
539 4070 714 4205 parazonbon

124 4201 304 4276 principalia,
312 4205 386 4272 suae
404 4202 642 4274 ot,simulatorie,
655 4222 714 4264 non

127 4065 256 4118 sanctum
283 4061 462 4132 reputabant.
489 4066 526 4120 Et
551 4080 569 4119 a

487 260 599 314 Pltllldl
625 259 741 314 esuris
770 258 872 313 CAPUT
899 257 1002 312 xxtll

775 379 808 420 ex
823 361 952 430 ueritate,
967 366 993 418 et
1009 362 1130 418 libenter
1144 377 1208 418 eum
1223 362 1350 433 eadm
1378 376 1389 419 ;

775 433 883 491 scilicet
899 433 1087 501 simulatorie,
1101 431 1132 489 id
1153 441 1197 489 est
1213 433 1308 491 audire
1318 434 1348 495 Ι·
1381 453 1386 467 ·

775 503 1352 566 malabatztotumenimistnderatsims'·
1375 526 1389 567 2

775 576 918 640 latorium,
932 580 963 632 ut
981 592 1014 632 ex
1029 575 1077 632 tali
1093 575 1194 632 auditu
1209 583 1237 633 et
1250 577 1340 635 obten-

795 645 1340 721 eratione,inaliquibusretineretpopo-

775 664 833 776 rum
848 735 866 775 a
880 717 1036 776 rebellione
1053 722 1155 775 contra
1168 719 1338 792 semetipsum

776 790 903 847 Herodes
917 806 952 860 po
974 789 1051 845 ulum
1070 794 1100 846 et
1116 789 1281 846 seditionem
1294 793 1337 863 ejus

776 805 1336 934 timebat;segamormulierissuperabat,

775 949 826 1006 pro
853 949 908 1004 quo
933 932 1019 988 etiam
1044 933 1134 989 Deum
1161 939 1225 1004 post
1261 934 1336 1003 nebat,

774 1003 841 1077 quia
866 1006 954 1060 Deum
977 1002 1006 1058 in
1033 1019 1119 1060 causa
1144 1020 1202 1060 non
1246 1004 1335 1063 abebat

775 1096 789 1128 (ι
805 1077 887 1143 Nam,
900 1074 1054 1131 secundum
1071 1074 1336 1148 Glirysostomrm,la·

774 1146 828 1204 cile
840 1145 934 1203 deviat
944 1162 962 1202 a
972 1145 1149 1272 jusiifia’ffffi
1160 1145 1190 1227 in
1202 1146 1338 1205 camisum

774 1220 875 1287 Deum,
887 1217 937 1274 sed
951 1218 1095 1273 hominem
1118 1218 1250 1273 ormrdat.
1262 1216 1337 1275 linas

775 1290 850 1346 enim
861 1288 911 1346 Dei
923 1287 1040 1359 corrigit
1046 1305 1055 1356 ;
1069 1287 1255 1345 timorautem
1264 1285 1335 1345 bsai·

774 1376 843 1417 num
864 1359 998 1431 peccandi
1018 1359 1116 1416 dillert
1137 1359 1336 1426 facultatemst

775 1431 971 1503 operationem
989 1446 1047 1487 non
1066 1431 1170 1497 aufert,
1189 1431 1238 1487 sed
1256 1428 1334 1486 mind
1387 1498 1389 1503 Ι

774 1504 961 1571 uoluntatem,
972 1501 1062 1558 donec
1075 1501 1181 1559 habeat
1196 1498 1333 1573 opportuni·

774 1579 862 1630 tatem
876 1574 921 1629 vel
937 1572 1115 1629 occasionem
1132 1590 1141 1628 ε
1158 1573 1272 1630 undeet
1383 1570 1389 1581 “

775 1584 1333 1773 {trutinaeulmei
1385 1684 1389 1731 ι

776 1758 958 1869 perficiata’d
983 1786 1090 1868 malum
1115 1731 1246 1867 cogua'g.
1265 1728 1333 1840 Sugfluu
1382 1748 1389 1777 Ι

775 1874 850 1915 enim
866 1860 915 1914 Der
929 1861 972 1914 est
986 1863 1072 1914 timor
1086 1872 1135 1928 qur
1152 1861 1279 1912 nocentes
1290 1869 1332 1933 cor

776 1928 853 2000 rigit,
867 1930 946 2001 lugat
959 1927 1089 1996 crimina,
1104 1926 1288 1984 innocentiam
1300 1930 1333 1980 tu·

775 2000 847 2068 buit,
860 2003 1004 2071 perpetem
1017 1999 1128 2056 conlert
1140 1999 1298 2054 facultatem
1310 2013 1334 2050 :r

776 2072 838 2127 baec
856 2073 1070 2141 chrysostomus.
1087 2072 1143 2126 lste
1159 2068 1209 2141 qui
1222 2071 1338 2126 loannem

776 2141 867 2199 tenuit
888 2147 916 2198 et
936 2140 1033 2213 ligavit
1050 2140 1081 2196 in
1096 2157 1223 2208 carcere,
1238 2130 1342 2209 eoquod

776 2208 1347 2294 demalissuiseumarguebatcharitatira

776 2290 804 2341 et
828 2284 876 2356 qui
903 2283 1007 2340 similia
1029 2285 1147 2352 iaciunt,
1167 2282 1274 2339 similes
1294 2278 1353 2336 sunl

775 2354 959 2427 phreneticis,
976 2354 1022 2426 qui
1040 2353 1118 2426 pium
1137 2354 1278 2410 medicum
1294 2366 1355 2423 per·

776 2433 872 2483 cutere
886 2425 929 2483 vel
945 2425 1074 2482 occidere
1087 2430 1229 2496 quarunt.
1283 2487 1284 2490 Ἴ

811 2521 826 2571 7
851 2499 890 2554 lis
909 2514 1074 2553 ronsraums
1101 2513 1181 2552 uiuis
1205 2511 1356 2551 poscumus.

776 2602 809 2610 —
823 2568 978 2626 Considera
990 2584 1064 2624 nunc
1079 2567 1223 2639 quomodo
1237 2569 1358 2625 loannes

775 2641 866 2711 magis
880 2640 994 2696 volebat
1008 2640 1076 2709 Deo,
1095 2653 1181 2709 quam
1198 2637 1358 2695 bominibus

774 2712 904 2784 placere,
938 2709 1085 2782 magisque
1119 2709 1241 2766 timebat
1274 2710 1358 2765 mum

774 2799 859 2855 quam
888 2781 1019 2838 homines
1048 2780 1219 2848 offendere3
1244 2781 1358 2853 ejusque

774 2853 902 2926 exemplo
934 2868 1047 2935 semper
1079 2852 1115 2908 ad
1147 2853 1239 2933 licum
1271 2848 1359 2921 magis

774 2941 860 2997 quam
873 2924 909 2982 ad
924 2925 1055 2980 hommes
1067 2923 1247 2994 aspiciendo,
1259 2922 1290 2978 in
1305 2935 1360 2978 om·

774 2996 858 3053 nibus
873 2994 923 3052 Dei
942 2993 1152 3066 beneplacitum
1168 2994 1270 3062 iacias,
1284 3000 1315 3050 et
1326 2992 1360 3049 ab

773 3070 835 3139 ejus
844 3068 953 3124 otiensa
965 3065 1126 3123 omnimode
1136 3065 1296 3123 abstineas.
1309 3064 1362 3121 Un-

773 3140 809 3195 de
822 3139 897 3195 idem
911 3140 1116 3208 Glrysostomus
1131 3157 1140 3192 ε
1155 3158 1169 3189 ι(
1183 3138 1256 3193 Cum
1268 3152 1288 3192 a
1297 3150 1359 3207 per·

774 3209 890 3266 niciosis
905 3208 973 3281 quid
992 3209 1116 3280 patimur
1131 3207 1311 3275 bominibus,
1324 3203 1360 3262 ad

772 3281 928 3354 principem
945 3285 1074 3336 nostrum
1091 3278 1318 3347 consideremus,
1332 3280 1359 3333 et

772 3356 1031 3409 consummatorem
1053 3349 1131 3419 ildei,
1147 3356 1176 3408 et
1192 3348 1361 3421 quoniame

773 3423 855 3481 malis
867 3422 1040 3490 bominibus,
1052 3427 1080 3478 et
1092 3420 1230 3493 quoniam
1245 3424 1360 3493 propter

771 3495 931 3563 veritatem,
944 3499 972 3550 et
993 3492 1128 3565 quoniam
1150 3498 1269 3566 propter
1283 3505 1358 3549 eum.

772 3566 801 3624 Si
816 3566 892 3623 enim
912 3566 966 3621 boc
982 3563 1248 3635 excogitaverimus,
1264 3561 1360 3620 omnia

771 3637 865 3694 lacilia
884 3640 971 3694 erunt
991 3641 1020 3692 et
1042 3634 1205 3707 portabilia.
1228 3633 1258 3692 si
1282 3632 1358 3690 enim

770 3725 821 3781 pro
831 3707 1001 3765 amabilibus
1012 3705 1075 3778 quis
1084 3705 1196 3778 patiens
1207 3705 1357 3777 gloriatur,

770 3785 799 3836 et
816 3784 933 3852 propter
951 3780 1058 3846 Deum,
1078 3777 1103 3833 si
1126 3776 1255 3850 patiatur
1277 3774 1357 3857 quid·

770 3867 866 3923 quam,
879 3849 1013 3922 suscipiet
1024 3863 1150 3906 sensum.
1164 3847 1193 3906 Si
1206 3847 1286 3904 enim
1297 3859 1357 3919 ipsa

771 3939 831 3978 rem
844 3918 1286 3993 reprobabilissimam,videlicet
1298 3932 1357 3999 cru-

770 4009 842 4062 cem,
866 3991 986 4064 gloriam
1006 3993 1136 4059 vocabat,
1156 3991 1247 4047 multo
1267 4001 1356 4061 magis

770 4081 823 4122 nos
835 4064 876 4120 ita
890 4061 1003 4135 disponi
1016 4067 1138 4144 oportet.
1154 4062 1177 4119 0
1217 4065 1275 4117 rtet
1288 4076 1317 4142 e·

770 4135 983 4201 cumdebemns
995 4132 1063 4204 qmd
1076 4132 1136 4206 pati
1146 4132 1176 4189 in
1197 4132 1318 4189 electabr
1329 4145 1355 4199 e,

770 4222 829 4262 non
843 4206 966 4274 labores,
976 4203 1026 4261 sed
1039 4220 1160 4262 coronas
1173 4203 1354 4275 excogitare:
