2790 4912
114 301 166 358 274
471 299 582 354 ruina
609 298 732 355 rlnrls
759 293 862 349 olrur
888 290 1005 345 xxxlv

118 405 226 468 euteris
239 412 269 464 et
282 403 395 473 defluis,
410 402 459 475 qui
469 404 556 460 debes
573 401 706 458 assistere
758 413 830 469 ouae3
844 401 870 452 et
885 399 935 468 qui
950 397 1057 477 inique·
1067 397 1154 464 perit
1176 394 1326 451 benedicite

119 477 415 548 terribilemque
433 490 538 547 ponere
566 473 706 530 rationem
760 469 816 528 Sed
839 472 867 525 et
887 482 929 523 ree
950 482 992 549 eis
1009 481 1058 538 qm
1080 466 1123 523 sie
1142 466 1276 548 laudant,
1291 482 1326 539 qu

118 552 155 609 de
169 549 301 608 omnibus
315 547 361 604 bie
375 544 508 617 operatis.
525 564 539 597 e
558 543 706 613 Vavobis,
759 542 927 622 plus'uoeet
952 536 1252 620 linguatadulatorrs,
1273 554 1326 610 qua

118 639 180 680 etna
198 621 386 676 benedixerint
399 618 476 672 vebia
489 617 620 678 nomime
635 613 707 670 scili·
760 611 874 684 gladius
890 614 1091 682 persecutoris.
1108 610 1165 677 Qur
1183 625 1263 666 emm
1281 610 1326 667 rna'

119 698 164 751 eet
184 691 328 749 adulando
350 704 384 744 ac
409 686 563 756 laudando,
579 690 608 742 et
621 685 709 742 extol·
760 681 910 765 agentibus
924 680 1072 748 adulatur,
1086 680 1225 752 pulvinar
1240 682 1326 741 subu

118 763 203 820 leudo
221 777 271 817 vos
288 777 340 833 per
353 758 523 831 applausum
542 757 639 814 talem.
656 773 706 813 uu·
760 759 836 881 fue·
851 750 1020 834 dormientia
1051 751 1145 833 pouit,
1175 758 1207 808 ut
1239 752 1326 834 fulcita

116 833 238 915 trientes
253 848 302 888 vos
316 832 347 913 ἰρ
361 829 454 899 malis,
468 834 501 886 ut
516 827 583 885 ceci
601 827 707 884 ellicia·
770 824 894 906 nudibus
908 840 938 879 1n
952 823 1036 904 malrs
1051 830 1226 904 requiescat.
1241 825 1268 880 Sr
1282 838 1326 906 ⁰5!

115 908 476 1033 ltlalttlltlttttlll
491 904 707 1043 illllbel‘it
760 894 1326 1048 lallttllnllalltllttllztlu

118 1047 274 1103 bominibus
301 1048 449 1117 placerem,
477 1048 572 1098 salama
603 1043 707 1099 Christi
760 1038 840 1095 tandi
856 1040 922 1093 suut
937 1052 985 1107 qur
1000 1037 1037 1093 ab
1048 1036 1214 1094 homrmbus
1225 1037 1325 1098 adulat

115 1133 170 1174 non
184 1133 314 1173 essen...
328 1116 482 1174 seeundum
489 1116 545 1170 bae
560 1116 644 1179 etim,
659 1115 706 1181 to·
760 1109 802 1166 rie
817 1106 1034 1165 benedicuntur.
1056 1109 1160 1178 blagna
1172 1107 1282 1179 quidem
1295 1110 1326 1168 Ι]

120 1189 230 1245 ciebant
240 1188 485 1259 pseudoprophetia
496 1190 591 1256 potres
604 1200 705 1248 eorum
760 1181 804 1237 ira
814 1185 859 1237 est
875 1185 903 1236 et
917 1178 998 1248 ultio,
1014 1179 1091 1250 quod
1109 1179 1252 1250 peccatori
1268 1179 1325 1240 dee

117 1259 168 1332 qui
186 1259 393 1316 benedicebant
411 1255 468 1312 illis
483 1254 637 1328 prophetis,
657 1253 707 1326 qui
760 1250 909 1318 correctio,
925 1255 954 1307 et
969 1249 1050 1330 adest
1064 1250 1202 1318 adulatio,
1221 1249 1294 1321 quasi
1318 1274 1325 1307 c

118 1332 155 1388 ob
178 1331 351 1402 captandum
372 1327 449 1399 vulgi
471 1328 607 1393 savorem,
627 1325 706 1382 etad
760 1324 952 1394 benegesto:
970 1336 1037 1392 qma
1052 1321 1114 1393 ipsa
1124 1321 1281 1378 adulatione
1295 1339 1325 1381 n

117 1402 280 1459 babendum
315 1400 410 1473 populi
450 1398 631 1482 applausum,
671 1397 706 1453 de
760 1394 845 1450 tritur
866 1393 895 1449 iu
910 1393 952 1449 cul
974 1408 1002 1461 a,
1022 1399 1049 1449 ot
1077 1394 1214 1464 majorem
1241 1393 1323 1451 leret

119 1474 204 1530 corde
220 1489 282 1541 suo,
299 1489 355 1528 nou
370 1471 405 1527 de
420 1469 528 1542 Spiritu
543 1474 571 1526 et
584 1484 635 1525 ore
650 1469 705 1524 Do·
760 1465 796 1547 ad
810 1480 935 1545 poenam:
956 1409 1011 1520 Xan
1028 1464 1185 1521 sententias
1200 1466 1282 1546 butas
1295 1481 1325 1538 p

118 1543 200 1611 mini,
219 1543 430 1616 prophetabant
454 1541 568 1598 laisum.
595 1542 629 1596 Et
652 1540 708 1595 boc
760 1541 812 1605 mt,
833 1539 982 1592 ntverrtas
1002 1540 1126 1605 quatuor
1141 1536 1325 1593 beatitudruu

119 1621 163 1671 est
183 1616 258 1686 quod
278 1613 428 1671 Psalmisla
451 1612 580 1682 deplorat
605 1627 612 1666 ι
633 1612 706 1678 Quo·
761 1623 833 1680 quas
855 1608 1028 1688 anteposuit,
1044 1607 1150 1663 elarius
1170 1623 1221 1678 per
1237 1621 1325 1678 oppos

117 1688 194 1741 niam
220 1686 353 1742 laudetur
379 1687 410 1741 in
434 1684 580 1740 maderiis
609 1685 708 1738 anima
761 1685 820 1736 tarn
834 1679 1049 1735 damnationem
1061 1678 1212 1735 elueescat.

683 1882 813 1944 ORATIO

153 2060 271 2117 Domine
287 2062 355 2116 lesu
369 2059 491 2129 Christe,
509 2058 556 2131 qui
575 2067 605 2115 ul
624 2056 727 2116 altiora
741 2059 876 2115 virtutum
894 2057 1018 2115 culmina
1032 2058 1163 2127 doceres,
1178 2057 1207 2115 iu
1224 2065 1323 2115 moulan

120 2147 184 2190 cum
199 2130 344 2202 discipulis
359 2130 522 2198 ascendisti,
539 2128 635 2203 ibique
650 2129 842 2186 beatitudines
859 2132 888 2187 et
902 2129 1020 2187 virtutes
1034 2130 1171 2187 sublimes
1189 2129 1294 2187 doctristi
1300 2138 1319 2186 et

116 2200 235 2277 praemia
249 2200 368 2274 siugulis
376 2200 562 2273 congruentia
575 2201 781 2273 promisisti,da
797 2200 1018 2284 mibi2lragili,ut
1029 2208 1108 2259 tuam
1117 2201 1313 2263 vocemaudieflt

119 2275 248 2333 studeam
260 2290 312 2346 per
325 2273 459 2330 virtutum
479 2272 644 2330 exercitium
673 2274 779 2330 habere
805 2278 949 2342 meritum,
966 2279 1116 2346 quatenus,
1144 2281 1171 2330 te
1186 2274 1310 2339 miseraute

116 2362 275 2418 consequar
299 2350 327 2403 et
354 2344 513 2418 praemium.
529 2348 584 2402 Fae
610 2349 642 2401 ut
654 2345 840 2401 considerans
856 2344 1026 2415 mercedem,
1045 2362 1117 2418 opus
1141 2343 1265 2401 mercedis
1275 2356 1310 2398 non

118 2435 259 2488 recusem,
276 2417 326 2475 sed
341 2434 405 2501 spes
420 2423 534 2475 aterum
552 2416 651 2500 salutis
665 2417 775 2488 mitiget
783 2415 816 2498 in
829 2432 875 2473 me
889 2417 1017 2474 dolorem
1032 2416 1179 2473 medicinae
1191 2411 1307 2488 prasentia

118 2496 147 2548 et
171 2491 307 2547 accendat
323 2506 449 2547 anrmunr
469 2490 504 2546 acl
525 2490 684 2546 claritatem
712 2505 815 2561 operis.
842 2490 896 2546 Fae
911 2505 957 2545 me
972 2489 1109 2545 miserum
1126 2505 1200 2545 nune
1219 2490 1306 2548 beatum

119 2561 296 2689 beatinxline
321 2562 372 2619 viae
387 2561 586 2635 pergratiam,
601 2566 629 2618 et
641 2560 757 2618 tandem
771 2560 899 2631 beatum,
913 2559 1090 2619 beatitudine
1104 2559 1202 2633 patriae
1214 2574 1256 2633 per
1270 2554 1306 2628 plo

118 2647 202 2690 uam.
242 2649 318 2690 men.

584 2919 723 2991 CAPUT
752 2919 894 2990 XXXIV

116 3130 260 3179 SERblONlS
275 3132 306 3177 ΙΝ
323 3131 424 3178 MONTE
437 3131 655 3182 communale:
673 3137 753 3189 QUOD
775 3139 910 3185 ruffinam
929 3139 1049 3185 DEBENT
1066 3140 1181 3186 LUCERE
1197 3127 1308 3186 ornabit

157 3230 305 3294 sunbona,
316 3231 355 3276 nt·
366 3230 446 3286 QUOD
461 3231 604 3279 CHRISTUS
617 3232 676 3279 NON
687 3235 777 3282 venir
789 3237 888 3284 Labant
901 3237 1044 3297 sonum,
1059 3238 1115 3284 seb
1128 3232 1283 3284 ADOELEBE·

601 3391 726 3450 blatthaei
743 3407 806 3467 cap.
826 3395 859 3451 V.

151 3606 162 3642 1
179 3586 317 3642 Arosrom
335 3603 368 3643 rr
381 3601 501 3643 rnnmrr
514 3602 616 3644 ramea
631 3605 700 3645 corr·
751 3588 864 3646 debetis
889 3589 920 3648 in
945 3589 1180 3649 tribulationibus
1207 3586 1312 3646 deucere

113 3672 255 3712 amanam
273 3674 341 3713 saur.
360 3687 394 3699 -
422 3661 456 3715 Et
475 3660 543 3730 quia
562 3659 700 3717 Dominus
752 3660 820 3732 quia
835 3661 1069 3720 delectusvester
1090 3662 1189 3719 multis
1203 3662 1309 3718 esselot

111 3725 240 3807 hortatus
264 3734 307 3783 est
320 3729 485 3810 'Apostolos
504 3729 540 3787 ad
554 3730 699 3789 sustiueri·
751 3732 828 3789 casio
842 3733 944 3792 ruinae.
955 3737 1009 3792 Vos
1019 3733 1095 3790 enim
1107 3737 1174 3790 estis
1187 3735 1230 3789 sal
1241 3737 1311 3803 lm}

112 3796 181 3853 dum
200 3799 409 3879 tribulationes,
430 3817 505 3857 nune
524 3817 699 3874 consequen·
750 3820 798 3859 ooo
831 3809 896 3861 estis
923 3808 974 3863 tue
999 3806 1111 3873 mandi,
1142 3821 1191 3862 vos
1211 3801 1270 3861 estis
1289 3809 1313 3852 st

111 3870 156 3924 ter
167 3873 248 3939 poml
262 3876 385 3939 quatuor
399 3871 613 3942 similitudines,
627 3873 700 3930 seili—
751 3873 823 3932 vitas
854 3892 941 3948 supra
965 3881 1091 3934 montem
1110 3875 1214 3948 posita,
1237 3880 1260 3931 et
1283 3871 1313 3924 lu·

110 3942 157 4020 cet
171 3940 363 4010 comparando
382 3958 431 3998 eos
447 3943 510 4013 sali,
526 3943 593 4014 luci,
604 3944 702 4002 civita·
750 3962 836 4003 cerua
847 3963 934 4021 supra
947 3942 1316 4020 candelabrumposita.l'ob

110 4012 144 4092 tr,
160 4013 189 4092 et
207 4009 341 4079 lucernae,
361 4012 464 4137 quibus
483 4014 561 4096 ipsos
576 4016 701 4073 ostendit
749 4016 878 4090 inquam,
907 4020 985 4089 estis,
1012 4019 1042 4076 id
1063 4023 1107 4076 est
1133 4035 1197 4076 esse
1220 4009 1317 4075 debetis

111 4081 284 4163 similesnt
301 4097 353 4154 per
376 4098 420 4138 roc
443 4087 648 4158 rutellrgaulse
669 4086 699 4146 iu
749 4091 818 4146 Duae
867 4090 947 4148 rime
975 4089 1178 4148 similitudines
1206 4088 1319 4147 dicuutur

110 4152 355 4234 tribulationibus·
371 4152 476 4234 debere
508 4158 601 4231 magis
638 4174 700 4217 esse
749 4176 827 4233 pera
862 4162 1041 4231 rmationem,
1056 4152 1319 4244 inquibusesteudi·

110 4224 261 4286 formello
288 4240 312 4282 sr
329 4239 372 4281 ers
396 4222 504 4285 moeret
531 4245 539 4285 ι
566 4231 629 4287 Νοιι
650 4246 700 4288 ves
747 4236 795 4289 tur
817 4233 855 4291 ad
868 4233 938 4307 quid
963 4240 1044 4302 auut;
1065 4249 1134 4306 qma
1150 4232 1188 4291 ad
1203 4229 1320 4291 eondiou·
