<?xml version="1.0" encoding="UTF-8"?>
<!DOCTYPE html PUBLIC "-//W3C//DTD XHTML 1.0 Transitional//EN"
    "http://www.w3.org/TR/xhtml1/DTD/xhtml1-transitional.dtd">
<html xmlns="http://www.w3.org/1999/xhtml" xml:lang="en" lang="en">
 <head>
  <title>
</title>
<meta http-equiv="Content-Type" content="text/html;charset=utf-8" />
  <meta name='ocr-system' content='tesseract 3.04.00' />
  <meta name='ocr-capabilities' content='ocr_page ocr_carea ocr_par ocr_line ocrx_word'/>
</head>
<body>
  <div class='ocr_page' id='page_1' title='image "./vitajesuchristi02ludogoog_0018.png"; bbox 0 0 2790 4912; ppageno 0'>
   <div class='ocr_carea' id='block_1_1' title="bbox 379 403 1038 459">
    <p class='ocr_par' dir='ltr' id='par_1_1' title="bbox 379 403 1038 459">
     <span class='ocr_line' id='line_1_1' title="bbox 379 403 1038 459; baseline -0.009 0"><span class='ocrx_word' id='word_1_1' title='bbox 379 406 565 459; x_wconf 78' lang='lat' dir='ltr'><strong>rttooetttt&#39;u</strong></span> <span class='ocrx_word' id='word_1_2' title='bbox 594 406 625 458; x_wconf 79' lang='lat' dir='ltr'><strong>tl</strong></span> <span class='ocrx_word' id='word_1_3' title='bbox 652 406 758 459; x_wconf 77' lang='lat' dir='ltr'><strong>ttrltt</strong></span> <span class='ocrx_word' id='word_1_4' title='bbox 786 405 863 457; x_wconf 83' lang='lat' dir='ltr'><strong>JESU</strong></span> <span class='ocrx_word' id='word_1_5' title='bbox 892 403 1038 456; x_wconf 82' lang='lat' dir='ltr'><strong>ClilllSTl.</strong></span> 
     </span>
    </p>
   </div>
   <div class='ocr_carea' id='block_1_2' title="bbox 63 508 676 1868">
    <p class='ocr_par' dir='ltr' id='par_1_2' title="bbox 63 508 676 1868">
     <span class='ocr_line' id='line_1_2' title="bbox 76 508 676 592; baseline 0.007 -28"><span class='ocrx_word' id='word_1_6' title='bbox 76 508 140 566; x_wconf 78' lang='lat' dir='ltr'><strong>ntae</strong></span> <span class='ocrx_word' id='word_1_7' title='bbox 152 511 263 584; x_wconf 86' lang='lat' dir='ltr'><strong>ipsius,</strong></span> <span class='ocrx_word' id='word_1_8' title='bbox 282 510 434 568; x_wconf 76' lang='lat' dir='ltr'><strong>adducitur</strong></span> <span class='ocrx_word' id='word_1_9' title='bbox 453 510 551 568; x_wconf 91' lang='lat' dir='ltr'><strong>anima</strong></span> <span class='ocrx_word' id='word_1_10' title='bbox 567 511 595 567; x_wconf 92' lang='lat' dir='ltr'><strong>iu</strong></span> <span class='ocrx_word' id='word_1_11' title='bbox 614 512 676 592; x_wconf 66' lang='lat' dir='ltr'><strong>eius</strong></span> 
     </span>
     <span class='ocr_line' id='line_1_3' title="bbox 83 581 675 662; baseline 0 -24"><span class='ocrx_word' id='word_1_12' title='bbox 83 596 221 662; x_wconf 78' lang='lat' dir='ltr'><strong>amorem,</strong></span> <span class='ocrx_word' id='word_1_13' title='bbox 237 597 274 639; x_wconf 92' lang='lat' dir='ltr'><strong>ac</strong></span> <span class='ocrx_word' id='word_1_14' title='bbox 293 581 495 640; x_wconf 82' lang='lat' dir='ltr'><strong>confidentiam</strong></span> <span class='ocrx_word' id='word_1_15' title='bbox 510 590 539 639; x_wconf 89' lang='lat' dir='ltr'><strong>et</strong></span> <span class='ocrx_word' id='word_1_16' title='bbox 552 583 675 639; x_wconf 87' lang='lat' dir='ltr'><strong>lamiba-</strong></span> 
     </span>
     <span class='ocr_line' id='line_1_4' title="bbox 89 653 675 726; baseline 0.003 -18"><span class='ocrx_word' id='word_1_17' title='bbox 89 656 196 710; x_wconf 83' lang='lat' dir='ltr'><strong>nlalem</strong></span> <span class='ocrx_word' id='word_1_18' title='bbox 221 654 294 711; x_wconf 86' lang='lat' dir='ltr'><strong>:ita</strong></span> <span class='ocrx_word' id='word_1_19' title='bbox 310 655 386 726; x_wconf 93' lang='lat' dir='ltr'><strong>quod</strong></span> <span class='ocrx_word' id='word_1_20' title='bbox 412 653 554 711; x_wconf 75' lang='lat' dir='ltr'><strong>stabilitur</strong></span> <span class='ocrx_word' id='word_1_21' title='bbox 576 658 675 710; x_wconf 87' lang='lat' dir='ltr'><strong>eontra</strong></span> 
     </span>
     <span class='ocr_line' id='line_1_5' title="bbox 95 725 676 807; baseline 0.005 -30"><span class='ocrx_word' id='word_1_22' title='bbox 95 739 158 781; x_wconf 81' lang='lat' dir='ltr'><strong>rana</strong></span> <span class='ocrx_word' id='word_1_23' title='bbox 175 730 207 781; x_wconf 87' lang='lat' dir='ltr'><strong>et</strong></span> <span class='ocrx_word' id='word_1_24' title='bbox 227 725 349 794; x_wconf 88' lang='lat' dir='ltr'><strong>caduca,</strong></span> <span class='ocrx_word' id='word_1_25' title='bbox 366 730 397 782; x_wconf 94' lang='lat' dir='ltr'><strong>ut</strong></span> <span class='ocrx_word' id='word_1_26' title='bbox 419 742 454 782; x_wconf 90' lang='lat' dir='ltr'><strong>ea</strong></span> <span class='ocrx_word' id='word_1_27' title='bbox 474 725 631 807; x_wconf 84' lang='lat' dir='ltr'><strong>vilipendat</strong></span> <span class='ocrx_word' id='word_1_28' title='bbox 647 730 676 780; x_wconf 94' lang='lat' dir='ltr'><strong>et</strong></span> 
     </span>
     <span class='ocr_line' id='line_1_6' title="bbox 63 796 675 877; baseline 0.002 -27"><span class='ocrx_word' id='word_1_29' title='bbox 63 860 67 869; x_wconf 45' lang='grc'><strong>,</strong></span> <span class='ocrx_word' id='word_1_30' title='bbox 100 800 262 877; x_wconf 76' lang='lat' dir='ltr'><strong>antemna13</strong></span> <span class='ocrx_word' id='word_1_31' title='bbox 271 801 304 853; x_wconf 88' lang='lat' dir='ltr'><strong>ut</strong></span> <span class='ocrx_word' id='word_1_32' title='bbox 310 802 388 868; x_wconf 88' lang='lat' dir='ltr'><strong>patet</strong></span> <span class='ocrx_word' id='word_1_33' title='bbox 398 796 427 852; x_wconf 94' lang='lat' dir='ltr'><strong>in</strong></span> <span class='ocrx_word' id='word_1_34' title='bbox 439 796 578 869; x_wconf 84' lang='lat' dir='ltr'><strong>praedrcla</strong></span> <span class='ocrx_word' id='word_1_35' title='bbox 591 797 675 853; x_wconf 86' lang='lat' dir='ltr'><strong>beata</strong></span> 
     </span>
     <span class='ocr_line' id='line_1_7' title="bbox 63 867 676 943; baseline -0.002 -19"><span class='ocrx_word' id='word_1_36' title='bbox 63 886 71 943; x_wconf 51' lang='lat' dir='ltr'><strong>g-</strong></span> <span class='ocrx_word' id='word_1_37' title='bbox 104 867 207 937; x_wconf 81' lang='lat' dir='ltr'><strong>Uecrlia,</strong></span> <span class='ocrx_word' id='word_1_38' title='bbox 234 884 298 940; x_wconf 85' lang='lat' dir='ltr'><strong>quae</strong></span> <span class='ocrx_word' id='word_1_39' title='bbox 323 867 364 924; x_wconf 89' lang='lat' dir='ltr'><strong>ita</strong></span> <span class='ocrx_word' id='word_1_40' title='bbox 388 884 437 925; x_wconf 93' lang='lat' dir='ltr'><strong>cor</strong></span> <span class='ocrx_word' id='word_1_41' title='bbox 460 884 542 925; x_wconf 90' lang='lat' dir='ltr'><strong>suum</strong></span> <span class='ocrx_word' id='word_1_42' title='bbox 565 868 601 924; x_wconf 88' lang='lat' dir='ltr'><strong>de</strong></span> <span class='ocrx_word' id='word_1_43' title='bbox 617 867 676 923; x_wconf 86' lang='lat' dir='ltr'><strong>rita</strong></span> 
     </span>
     <span class='ocr_line' id='line_1_8' title="bbox 63 937 674 1066; baseline 0.005 -74"><span class='ocrx_word' id='word_1_44' title='bbox 63 948 70 1007; x_wconf 70' lang='lat'><strong>,-</strong></span> <span class='ocrx_word' id='word_1_45' title='bbox 106 937 189 1020; x_wconf 80' lang='lat' dir='ltr'><strong>Christi</strong></span> <span class='ocrx_word' id='word_1_46' title='bbox 218 938 397 1011; x_wconf 86' lang='lat' dir='ltr'><strong>repleverat,</strong></span> <span class='ocrx_word' id='word_1_47' title='bbox 420 939 496 1010; x_wconf 92' lang='lat' dir='ltr'><strong>quod</strong></span> <span class='ocrx_word' id='word_1_48' title='bbox 524 938 554 994; x_wconf 91' lang='lat' dir='ltr'><strong>in</strong></span> <span class='ocrx_word' id='word_1_49' title='bbox 582 938 674 1066; x_wconf 62' lang='lat' dir='ltr'><strong>ipsam</strong></span> 
     </span>
     <span class='ocr_line' id='line_1_9' title="bbox 63 1010 674 1082; baseline 0.007 -20"><span class='ocrx_word' id='word_1_50' title='bbox 63 1014 73 1077; x_wconf 66' lang='grc' dir='ltr'>ξ</span> <span class='ocrx_word' id='word_1_51' title='bbox 108 1023 163 1064; x_wconf 81' lang='lat' dir='ltr'><strong>rana</strong></span> <span class='ocrx_word' id='word_1_52' title='bbox 177 1015 287 1067; x_wconf 78' lang='lat' dir='ltr'><strong>intrare</strong></span> <span class='ocrx_word' id='word_1_53' title='bbox 303 1027 363 1067; x_wconf 91' lang='lat' dir='ltr'><strong>non</strong></span> <span class='ocrx_word' id='word_1_54' title='bbox 384 1013 527 1082; x_wconf 88' lang='lat' dir='ltr'><strong>poteraut.</strong></span> <span class='ocrx_word' id='word_1_55' title='bbox 543 1011 585 1066; x_wconf 95' lang='lat' dir='ltr'><strong>Un</strong></span> <span class='ocrx_word' id='word_1_56' title='bbox 607 1026 623 1066; x_wconf 92' lang='lat' dir='ltr'><strong>e</strong></span> <span class='ocrx_word' id='word_1_57' title='bbox 645 1010 674 1066; x_wconf 91' lang='lat' dir='ltr'><strong>in</strong></span> 
     </span>
     <span class='ocr_line' id='line_1_10' title="bbox 63 1080 673 1164; baseline 0.005 -29"><span class='ocrx_word' id='word_1_58' title='bbox 63 1080 70 1103; x_wconf 72' lang='lat'><em>¹</em></span> <span class='ocrx_word' id='word_1_59' title='bbox 109 1094 190 1152; x_wconf 89' lang='lat' dir='ltr'><strong>pompa</strong></span> <span class='ocrx_word' id='word_1_60' title='bbox 204 1081 380 1164; x_wconf 77' lang='lat' dir='ltr'><strong>nuptiarum,</strong></span> <span class='ocrx_word' id='word_1_61' title='bbox 396 1080 442 1138; x_wconf 94' lang='lat' dir='ltr'><strong>ubi</strong></span> <span class='ocrx_word' id='word_1_62' title='bbox 468 1086 511 1138; x_wconf 89' lang='lat' dir='ltr'><strong>tot</strong></span> <span class='ocrx_word' id='word_1_63' title='bbox 534 1097 608 1137; x_wconf 83' lang='lat' dir='ltr'><strong>rana</strong></span> <span class='ocrx_word' id='word_1_64' title='bbox 624 1098 673 1154; x_wconf 82' lang='lat' dir='ltr'><strong>ge·</strong></span> 
     </span>
     <span class='ocr_line' id='line_1_11' title="bbox 111 1151 673 1231; baseline 0.004 -25"><span class='ocrx_word' id='word_1_65' title='bbox 111 1157 199 1231; x_wconf 75' lang='lat' dir='ltr'><strong>untur,</strong></span> <span class='ocrx_word' id='word_1_66' title='bbox 208 1159 343 1221; x_wconf 80' lang='lat' dir='ltr'><strong>existens,</strong></span> <span class='ocrx_word' id='word_1_67' title='bbox 352 1151 534 1209; x_wconf 76' lang='lat' dir='ltr'><strong>cantantibus</strong></span> <span class='ocrx_word' id='word_1_68' title='bbox 546 1168 580 1208; x_wconf 92' lang='lat' dir='ltr'><strong>or</strong></span> <span class='ocrx_word' id='word_1_69' title='bbox 599 1153 673 1221; x_wconf 87' lang='lat' dir='ltr'><strong>anis,</strong></span> 
     </span>
     <span class='ocr_line' id='line_1_12' title="bbox 63 1168 675 1352; baseline 0.003 -3"><span class='ocrx_word' id='word_1_70' title='bbox 63 1258 74 1349; x_wconf 73' lang='lat' dir='ltr'><strong>t</strong></span> <span class='ocrx_word' id='word_1_71' title='bbox 112 1168 675 1352; x_wconf 55' lang='lat' dir='ltr'><strong>sternelhalh</strong></span> 
     </span>
     <span class='ocr_line' id='line_1_13' title="bbox 68 1336 514 1376; baseline 0 -17"><span class='ocrx_word' id='word_1_72' title='bbox 68 1354 76 1375; x_wconf 60' lang='lat'><em>5</em></span> <span class='ocrx_word' id='word_1_73' title='bbox 118 1364 123 1376; x_wconf 51' lang='lat'><strong>·</strong></span> <span class='ocrx_word' id='word_1_74' title='bbox 172 1337 178 1363; x_wconf 77' lang='lat' dir='ltr'><strong>r</strong></span> <span class='ocrx_word' id='word_1_75' title='bbox 290 1337 298 1349; x_wconf 90' lang='lat'><strong>·</strong></span> <span class='ocrx_word' id='word_1_76' title='bbox 375 1337 384 1360; x_wconf 75' lang='lat' dir='ltr'><strong>r</strong></span> <span class='ocrx_word' id='word_1_77' title='bbox 504 1336 514 1359; x_wconf 71' lang='lat' dir='ltr'><strong>a</strong></span> 
     </span>
     <span class='ocr_line' id='line_1_14' title="bbox 63 1366 673 1443; baseline 0.003 -22"><span class='ocrx_word' id='word_1_78' title='bbox 63 1378 75 1431; x_wconf 74' lang='lat' dir='ltr'><strong>t</strong></span> <span class='ocrx_word' id='word_1_79' title='bbox 114 1367 301 1443; x_wconf 63' lang='lat' dir='ltr'><strong>lamentatore,</strong></span> <span class='ocrx_word' id='word_1_80' title='bbox 314 1366 589 1433; x_wconf 75' lang='lat' dir='ltr'><strong>utaoacoasrmder.</strong></span> <span class='ocrx_word' id='word_1_81' title='bbox 605 1369 673 1423; x_wconf 86' lang='lat' dir='ltr'><strong>For-</strong></span> 
     </span>
     <span class='ocr_line' id='line_1_15' title="bbox 63 1434 673 1509; baseline 0.01 -20"><span class='ocrx_word' id='word_1_82' title='bbox 63 1434 76 1489; x_wconf 82' lang='lat' dir='ltr'><strong>i</strong></span> <span class='ocrx_word' id='word_1_83' title='bbox 115 1434 209 1492; x_wconf 74' lang='lat' dir='ltr'><strong>hiatur</strong></span> <span class='ocrx_word' id='word_1_84' title='bbox 226 1453 340 1509; x_wconf 90' lang='lat' dir='ltr'><strong>quoque</strong></span> <span class='ocrx_word' id='word_1_85' title='bbox 353 1441 453 1493; x_wconf 89' lang='lat' dir='ltr'><strong>contra</strong></span> <span class='ocrx_word' id='word_1_86' title='bbox 463 1436 673 1507; x_wconf 83' lang='lat' dir='ltr'><strong>tribulationes,</strong></span> 
     </span>
     <span class='ocr_line' id='line_1_16' title="bbox 63 1492 674 1577; baseline 0.007 -17"><span class='ocrx_word' id='word_1_87' title='bbox 63 1492 79 1573; x_wconf 64' lang='lat' dir='ltr'><strong>d</strong></span> <span class='ocrx_word' id='word_1_88' title='bbox 117 1507 270 1577; x_wconf 78' lang='lat' dir='ltr'><strong>demersa,</strong></span> <span class='ocrx_word' id='word_1_89' title='bbox 300 1513 332 1564; x_wconf 91' lang='lat' dir='ltr'><strong>ut</strong></span> <span class='ocrx_word' id='word_1_90' title='bbox 355 1524 391 1565; x_wconf 89' lang='lat' dir='ltr'><strong>ea</strong></span> <span class='ocrx_word' id='word_1_91' title='bbox 409 1506 503 1565; x_wconf 89' lang='lat' dir='ltr'><strong>minus</strong></span> <span class='ocrx_word' id='word_1_92' title='bbox 526 1507 627 1565; x_wconf 87' lang='lat' dir='ltr'><strong>timeat</strong></span> <span class='ocrx_word' id='word_1_93' title='bbox 645 1514 674 1566; x_wconf 87' lang='lat' dir='ltr'><strong>et</strong></span> 
     </span>
     <span class='ocr_line' id='line_1_17' title="bbox 63 1576 673 1723; baseline 0.026 -32"><span class='ocrx_word' id='word_1_94' title='bbox 63 1576 81 1691; x_wconf 80' lang='lat' dir='ltr'><strong>l</strong></span> <span class='ocrx_word' id='word_1_95' title='bbox 117 1577 577 1723; x_wconf 58' lang='lat' dir='ltr'><strong>rier‘rlhrsulu</strong></span> <span class='ocrx_word' id='word_1_96' title='bbox 594 1580 673 1708; x_wconf 75' lang='lat' dir='ltr'><strong>lm</strong></span> 
     </span>
     <span class='ocr_line' id='line_1_18' title="bbox 64 1718 672 1795; baseline 0.013 -24"><span class='ocrx_word' id='word_1_97' title='bbox 64 1736 76 1772; x_wconf 68' lang='lat' dir='ltr'><strong>s</strong></span> <span class='ocrx_word' id='word_1_98' title='bbox 117 1718 215 1778; x_wconf 78' lang='lat' dir='ltr'><strong>ababa</strong></span> <span class='ocrx_word' id='word_1_99' title='bbox 227 1736 293 1778; x_wconf 88' lang='lat' dir='ltr'><strong>mea</strong></span> <span class='ocrx_word' id='word_1_100' title='bbox 309 1721 339 1777; x_wconf 94' lang='lat' dir='ltr'><strong>in</strong></span> <span class='ocrx_word' id='word_1_101' title='bbox 362 1721 550 1780; x_wconf 77' lang='lat' dir='ltr'><strong>foraminibus</strong></span> <span class='ocrx_word' id='word_1_102' title='bbox 572 1728 672 1795; x_wconf 89' lang='lat' dir='ltr'><strong>petrae,</strong></span> 
     </span>
     <span class='ocr_line' id='line_1_19' title="bbox 63 1790 673 1868; baseline 0.015 -26"><span class='ocrx_word' id='word_1_103' title='bbox 63 1808 76 1842; x_wconf 75' lang='lat' dir='ltr'><strong>s</strong></span> <span class='ocrx_word' id='word_1_104' title='bbox 116 1790 202 1868; x_wconf 88' lang='lat' dir='ltr'><strong>quodin</strong></span> <span class='ocrx_word' id='word_1_105' title='bbox 214 1792 318 1850; x_wconf 90' lang='lat' dir='ltr'><strong>Christi</strong></span> <span class='ocrx_word' id='word_1_106' title='bbox 333 1793 498 1850; x_wconf 79' lang='lat' dir='ltr'><strong>vulneribus</strong></span> <span class='ocrx_word' id='word_1_107' title='bbox 512 1798 573 1850; x_wconf 90' lang='lat' dir='ltr'><strong>tota</strong></span> <span class='ocrx_word' id='word_1_108' title='bbox 589 1795 673 1851; x_wconf 88' lang='lat' dir='ltr'><strong>devo-</strong></span> 
     </span>
    </p>
   </div>
   <div class='ocr_carea' id='block_1_3' title="bbox 728 505 1321 1859">
    <p class='ocr_par' dir='ltr' id='par_1_3' title="bbox 728 505 1321 1859">
     <span class='ocr_line' id='line_1_20' title="bbox 732 505 1320 594; baseline -0.015 -26"><span class='ocrx_word' id='word_1_109' title='bbox 732 509 873 594; x_wconf 89' lang='lat' dir='ltr'><strong>passionis</strong></span> <span class='ocrx_word' id='word_1_110' title='bbox 888 507 1002 574; x_wconf 84' lang='lat' dir='ltr'><strong>Christi,</strong></span> <span class='ocrx_word' id='word_1_111' title='bbox 1019 523 1119 563; x_wconf 91' lang='lat' dir='ltr'><strong>eorum</strong></span> <span class='ocrx_word' id='word_1_112' title='bbox 1137 505 1240 562; x_wconf 76' lang='lat' dir='ltr'><strong>animae</strong></span> <span class='ocrx_word' id='word_1_113' title='bbox 1262 520 1320 560; x_wconf 88' lang='lat' dir='ltr'><strong>non</strong></span> 
     </span>
     <span class='ocr_line' id='line_1_21' title="bbox 732 576 1321 651; baseline -0.012 -13"><span class='ocrx_word' id='word_1_114' title='bbox 732 597 870 638; x_wconf 90' lang='lat' dir='ltr'><strong>meorum</strong></span> <span class='ocrx_word' id='word_1_115' title='bbox 880 578 1046 651; x_wconf 82' lang='lat' dir='ltr'><strong>corporibus</strong></span> <span class='ocrx_word' id='word_1_116' title='bbox 1056 583 1085 634; x_wconf 92' lang='lat' dir='ltr'><strong>et</strong></span> <span class='ocrx_word' id='word_1_117' title='bbox 1097 576 1261 646; x_wconf 77' lang='lat' dir='ltr'><strong>visceribus,</strong></span> <span class='ocrx_word' id='word_1_118' title='bbox 1271 576 1321 632; x_wconf 91' lang='lat' dir='ltr'><strong>sed</strong></span> 
     </span>
     <span class='ocr_line' id='line_1_22' title="bbox 732 649 1321 710; baseline -0.014 -1"><span class='ocrx_word' id='word_1_119' title='bbox 732 651 835 710; x_wconf 91' lang='lat' dir='ltr'><strong>Christi</strong></span> <span class='ocrx_word' id='word_1_120' title='bbox 862 650 948 708; x_wconf 87' lang='lat' dir='ltr'><strong>luisse</strong></span> <span class='ocrx_word' id='word_1_121' title='bbox 977 656 1004 706; x_wconf 90' lang='lat' dir='ltr'><strong>et</strong></span> <span class='ocrx_word' id='word_1_122' title='bbox 1029 664 1090 706; x_wconf 83' lang='lat' dir='ltr'><strong>esse</strong></span> <span class='ocrx_word' id='word_1_123' title='bbox 1113 649 1253 704; x_wconf 85' lang='lat' dir='ltr'><strong>ridentur.</strong></span> <span class='ocrx_word' id='word_1_124' title='bbox 1273 649 1321 702; x_wconf 91' lang='lat' dir='ltr'><strong>ln-</strong></span> 
     </span>
     <span class='ocr_line' id='line_1_23' title="bbox 732 721 1320 781; baseline -0.012 -1"><span class='ocrx_word' id='word_1_125' title='bbox 732 723 850 781; x_wconf 91' lang='lat' dir='ltr'><strong>struilur</strong></span> <span class='ocrx_word' id='word_1_126' title='bbox 862 729 961 779; x_wconf 90' lang='lat' dir='ltr'><strong>contra</strong></span> <span class='ocrx_word' id='word_1_127' title='bbox 974 721 1098 777; x_wconf 88' lang='lat' dir='ltr'><strong>hostium</strong></span> <span class='ocrx_word' id='word_1_128' title='bbox 1108 724 1283 776; x_wconf 87' lang='lat' dir='ltr'><strong>tentamenta</strong></span> <span class='ocrx_word' id='word_1_129' title='bbox 1292 724 1320 774; x_wconf 90' lang='lat' dir='ltr'><strong>el</strong></span> 
     </span>
     <span class='ocr_line' id='line_1_24' title="bbox 730 789 1318 863; baseline -0.007 -12"><span class='ocrx_word' id='word_1_130' title='bbox 730 794 809 863; x_wconf 80' lang='lat' dir='ltr'><strong>vitia,</strong></span> <span class='ocrx_word' id='word_1_131' title='bbox 832 800 861 851; x_wconf 89' lang='lat' dir='ltr'><strong>ut</strong></span> <span class='ocrx_word' id='word_1_132' title='bbox 884 793 913 849; x_wconf 92' lang='lat' dir='ltr'><strong>in</strong></span> <span class='ocrx_word' id='word_1_133' title='bbox 939 791 1076 849; x_wconf 84' lang='lat' dir='ltr'><strong>faciendis</strong></span> <span class='ocrx_word' id='word_1_134' title='bbox 1094 797 1122 847; x_wconf 90' lang='lat' dir='ltr'><strong>et</strong></span> <span class='ocrx_word' id='word_1_135' title='bbox 1142 789 1318 857; x_wconf 87' lang='lat' dir='ltr'><strong>omittendis,</strong></span> 
     </span>
     <span class='ocr_line' id='line_1_25' title="bbox 731 861 1319 923; baseline -0.009 -1"><span class='ocrx_word' id='word_1_136' title='bbox 731 882 828 923; x_wconf 90' lang='lat' dir='ltr'><strong>errare</strong></span> <span class='ocrx_word' id='word_1_137' title='bbox 846 871 896 922; x_wconf 90' lang='lat' dir='ltr'><strong>aut</strong></span> <span class='ocrx_word' id='word_1_138' title='bbox 910 864 968 921; x_wconf 87' lang='lat' dir='ltr'><strong>lalli</strong></span> <span class='ocrx_word' id='word_1_139' title='bbox 990 880 1047 919; x_wconf 92' lang='lat' dir='ltr'><strong>non</strong></span> <span class='ocrx_word' id='word_1_140' title='bbox 1061 863 1152 919; x_wconf 83' lang='lat' dir='ltr'><strong>valcat</strong></span> <span class='ocrx_word' id='word_1_141' title='bbox 1169 880 1176 916; x_wconf 92' lang='lat'>:</span> <span class='ocrx_word' id='word_1_142' title='bbox 1196 878 1261 918; x_wconf 89' lang='lat' dir='ltr'><strong>cum</strong></span> <span class='ocrx_word' id='word_1_143' title='bbox 1279 861 1319 918; x_wconf 87' lang='lat' dir='ltr'><strong>ihi</strong></span> 
     </span>
     <span class='ocr_line' id='line_1_26' title="bbox 730 932 1320 1008; baseline -0.003 -16"><span class='ocrx_word' id='word_1_144' title='bbox 730 936 935 1008; x_wconf 80' lang='lat' dir='ltr'><strong>perfectionem</strong></span> <span class='ocrx_word' id='word_1_145' title='bbox 960 934 1088 991; x_wconf 91' lang='lat' dir='ltr'><strong>omnium</strong></span> <span class='ocrx_word' id='word_1_146' title='bbox 1113 932 1248 990; x_wconf 90' lang='lat' dir='ltr'><strong>virtulum</strong></span> <span class='ocrx_word' id='word_1_147' title='bbox 1272 949 1320 990; x_wconf 90' lang='lat' dir='ltr'><strong>re-</strong></span> 
     </span>
     <span class='ocr_line' id='line_1_27' title="bbox 731 1004 1319 1080; baseline -0.005 -16"><span class='ocrx_word' id='word_1_148' title='bbox 731 1007 832 1080; x_wconf 89' lang='lat' dir='ltr'><strong>periat.</strong></span> <span class='ocrx_word' id='word_1_149' title='bbox 849 1010 919 1065; x_wconf 88' lang='lat' dir='ltr'><strong>Nam</strong></span> <span class='ocrx_word' id='word_1_150' title='bbox 939 1004 1123 1078; x_wconf 67' lang='lat' dir='ltr'><strong>paupertatis</strong></span> <span class='ocrx_word' id='word_1_151' title='bbox 1138 1004 1319 1072; x_wconf 88' lang='lat' dir='ltr'><strong>humilitatis,</strong></span> 
     </span>
     <span class='ocr_line' id='line_1_28' title="bbox 730 1075 1318 1148; baseline -0.005 -13"><span class='ocrx_word' id='word_1_152' title='bbox 730 1075 1318 1148; x_wconf 87' lang='lat' dir='ltr'><strong>charitalis,mansuetudinis,ohedienliae,</strong></span> 
     </span>
     <span class='ocr_line' id='line_1_29' title="bbox 729 1147 1318 1223; baseline -0.007 -16"><span class='ocrx_word' id='word_1_153' title='bbox 729 1156 758 1207; x_wconf 90' lang='lat' dir='ltr'><strong>et</strong></span> <span class='ocrx_word' id='word_1_154' title='bbox 776 1149 932 1223; x_wconf 71' lang='lat' dir='ltr'><strong>patientiae,</strong></span> <span class='ocrx_word' id='word_1_155' title='bbox 951 1153 1167 1220; x_wconf 90' lang='lat' dir='ltr'><strong>ceterarumque</strong></span> <span class='ocrx_word' id='word_1_156' title='bbox 1184 1147 1318 1204; x_wconf 79' lang='lat' dir='ltr'><strong>virtulum</strong></span> 
     </span>
     <span class='ocr_line' id='line_1_30' title="bbox 729 1219 1319 1306; baseline -0.005 -29"><span class='ocrx_word' id='word_1_157' title='bbox 729 1224 869 1306; x_wconf 80' lang='lat' dir='ltr'><strong>exempla,</strong></span> <span class='ocrx_word' id='word_1_158' title='bbox 890 1230 918 1279; x_wconf 89' lang='lat' dir='ltr'><strong>et</strong></span> <span class='ocrx_word' id='word_1_159' title='bbox 931 1219 1102 1287; x_wconf 89' lang='lat' dir='ltr'><strong>doctrinam,</strong></span> <span class='ocrx_word' id='word_1_160' title='bbox 1122 1235 1261 1289; x_wconf 77' lang='lat' dir='ltr'><strong>nusquam</strong></span> <span class='ocrx_word' id='word_1_161' title='bbox 1278 1219 1319 1275; x_wconf 90' lang='lat' dir='ltr'><strong>sic</strong></span> 
     </span>
     <span class='ocr_line' id='line_1_31' title="bbox 728 1290 1318 1359; baseline -0.003 -11"><span class='ocrx_word' id='word_1_162' title='bbox 728 1310 867 1359; x_wconf 82' lang='lat' dir='ltr'><strong>mremes,</strong></span> <span class='ocrx_word' id='word_1_163' title='bbox 884 1293 956 1349; x_wconf 90' lang='lat' dir='ltr'><strong>sicut</strong></span> <span class='ocrx_word' id='word_1_164' title='bbox 973 1291 1003 1347; x_wconf 91' lang='lat' dir='ltr'><strong>in</strong></span> <span class='ocrx_word' id='word_1_165' title='bbox 1022 1290 1080 1346; x_wconf 85' lang='lat' dir='ltr'><strong>rita</strong></span> <span class='ocrx_word' id='word_1_166' title='bbox 1099 1290 1208 1346; x_wconf 89' lang='lat' dir='ltr'><strong>Uomiui</strong></span> <span class='ocrx_word' id='word_1_167' title='bbox 1228 1290 1318 1346; x_wconf 84' lang='lat' dir='ltr'><strong>virtu-</strong></span> 
     </span>
     <span class='ocr_line' id='line_1_32' title="bbox 729 1360 1317 1435; baseline -0.007 -15"><span class='ocrx_word' id='word_1_168' title='bbox 729 1370 801 1420; x_wconf 89' lang='lat' dir='ltr'><strong>tum.</strong></span> <span class='ocrx_word' id='word_1_169' title='bbox 818 1362 958 1435; x_wconf 89' lang='lat' dir='ltr'><strong>Quidquid</strong></span> <span class='ocrx_word' id='word_1_170' title='bbox 972 1362 1048 1418; x_wconf 90' lang='lat' dir='ltr'><strong>enim</strong></span> <span class='ocrx_word' id='word_1_171' title='bbox 1063 1360 1197 1417; x_wconf 83' lang='lat' dir='ltr'><strong>virtutum</strong></span> <span class='ocrx_word' id='word_1_172' title='bbox 1217 1360 1247 1416; x_wconf 92' lang='lat' dir='ltr'><strong>in</strong></span> <span class='ocrx_word' id='word_1_173' title='bbox 1266 1363 1317 1417; x_wconf 84' lang='lat' dir='ltr'><strong>Ec-</strong></span> 
     </span>
     <span class='ocr_line' id='line_1_33' title="bbox 730 1432 1319 1503; baseline -0.007 -12"><span class='ocrx_word' id='word_1_174' title='bbox 730 1436 817 1492; x_wconf 89' lang='lat' dir='ltr'><strong>clesia</strong></span> <span class='ocrx_word' id='word_1_175' title='bbox 845 1436 976 1502; x_wconf 89' lang='lat' dir='ltr'><strong>habetur,</strong></span> <span class='ocrx_word' id='word_1_176' title='bbox 995 1434 1032 1488; x_wconf 88' lang='lat' dir='ltr'><strong>ab</strong></span> <span class='ocrx_word' id='word_1_177' title='bbox 1055 1432 1117 1503; x_wconf 91' lang='lat' dir='ltr'><strong>ipso</strong></span> <span class='ocrx_word' id='word_1_178' title='bbox 1137 1433 1247 1488; x_wconf 68' lang='lat' dir='ltr'><strong>Clu-isto</strong></span> <span class='ocrx_word' id='word_1_179' title='bbox 1267 1448 1319 1502; x_wconf 92' lang='lat' dir='ltr'><strong>per</strong></span> 
     </span>
     <span class='ocr_line' id='line_1_34' title="bbox 730 1502 1318 1579; baseline -0.009 -17"><span class='ocrx_word' id='word_1_180' title='bbox 730 1507 858 1579; x_wconf 81' lang='lat' dir='ltr'><strong>exempla</strong></span> <span class='ocrx_word' id='word_1_181' title='bbox 872 1520 990 1578; x_wconf 89' lang='lat' dir='ltr'><strong>operum</strong></span> <span class='ocrx_word' id='word_1_182' title='bbox 1005 1502 1080 1559; x_wconf 94' lang='lat' dir='ltr'><strong>illius</strong></span> <span class='ocrx_word' id='word_1_183' title='bbox 1091 1503 1221 1558; x_wconf 88' lang='lat' dir='ltr'><strong>trabitur.</strong></span> <span class='ocrx_word' id='word_1_184' title='bbox 1240 1503 1318 1558; x_wconf 85' lang='lat' dir='ltr'><strong>Unde</strong></span> 
     </span>
     <span class='ocr_line' id='line_1_35' title="bbox 728 1571 1317 1643; baseline -0.012 -9"><span class='ocrx_word' id='word_1_185' title='bbox 728 1579 907 1634; x_wconf 73' lang='lat' dir='ltr'><strong>bobardus:</strong></span> <span class='ocrx_word' id='word_1_186' title='bbox 925 1573 1024 1643; x_wconf 86' lang='lat' dir='ltr'><strong>«Quid</strong></span> <span class='ocrx_word' id='word_1_187' title='bbox 1039 1573 1119 1630; x_wconf 88' lang='lat' dir='ltr'><strong>robis</strong></span> <span class='ocrx_word' id='word_1_188' title='bbox 1134 1587 1197 1629; x_wconf 91' lang='lat' dir='ltr'><strong>cum</strong></span> <span class='ocrx_word' id='word_1_189' title='bbox 1208 1571 1317 1629; x_wconf 88' lang='lat' dir='ltr'><strong>virtuti-</strong></span> 
     </span>
     <span class='ocr_line' id='line_1_36' title="bbox 729 1643 1316 1721; baseline -0.007 -16"><span class='ocrx_word' id='word_1_190' title='bbox 729 1649 792 1717; x_wconf 88' lang='lat' dir='ltr'><strong>bus,</strong></span> <span class='ocrx_word' id='word_1_191' title='bbox 812 1649 861 1721; x_wconf 93' lang='lat' dir='ltr'><strong>qui</strong></span> <span class='ocrx_word' id='word_1_192' title='bbox 881 1647 931 1705; x_wconf 88' lang='lat' dir='ltr'><strong>Uei</strong></span> <span class='ocrx_word' id='word_1_193' title='bbox 952 1646 1085 1703; x_wconf 81' lang='lat' dir='ltr'><strong>virtutem</strong></span> <span class='ocrx_word' id='word_1_194' title='bbox 1107 1643 1211 1701; x_wconf 87' lang='lat' dir='ltr'><strong>Christi</strong></span> <span class='ocrx_word' id='word_1_195' title='bbox 1235 1643 1316 1715; x_wconf 86' lang='lat' dir='ltr'><strong>igno·</strong></span> 
     </span>
     <span class='ocr_line' id='line_1_37' title="bbox 729 1716 1316 1789; baseline -0.009 -13"><span class='ocrx_word' id='word_1_196' title='bbox 729 1721 819 1777; x_wconf 83' lang='lat' dir='ltr'><strong>ratisl</strong></span> <span class='ocrx_word' id='word_1_197' title='bbox 833 1720 965 1788; x_wconf 88' lang='lat' dir='ltr'><strong>Ubinam,</strong></span> <span class='ocrx_word' id='word_1_198' title='bbox 983 1732 1090 1789; x_wconf 66' lang='lat' dir='ltr'><strong>quaeso,</strong></span> <span class='ocrx_word' id='word_1_199' title='bbox 1107 1732 1174 1772; x_wconf 89' lang='lat' dir='ltr'><strong>rora</strong></span> <span class='ocrx_word' id='word_1_200' title='bbox 1191 1716 1316 1786; x_wconf 87' lang='lat' dir='ltr'><strong>pruden-</strong></span> 
     </span>
     <span class='ocr_line' id='line_1_38' title="bbox 728 1787 1317 1859; baseline -0.005 -13"><span class='ocrx_word' id='word_1_201' title='bbox 728 1790 778 1859; x_wconf 87' lang='lat' dir='ltr'><strong>tia,</strong></span> <span class='ocrx_word' id='word_1_202' title='bbox 815 1792 848 1848; x_wconf 88' lang='lat' dir='ltr'><strong>&#39;si</strong></span> <span class='ocrx_word' id='word_1_203' title='bbox 861 1791 890 1848; x_wconf 90' lang='lat' dir='ltr'><strong>in</strong></span> <span class='ocrx_word' id='word_1_204' title='bbox 905 1789 1007 1850; x_wconf 89' lang='lat' dir='ltr'><strong>Christi</strong></span> <span class='ocrx_word' id='word_1_205' title='bbox 1022 1787 1173 1844; x_wconf 78' lang='lat' dir='ltr'><strong>doctrina?</strong></span> <span class='ocrx_word' id='word_1_206' title='bbox 1184 1787 1236 1844; x_wconf 91' lang='lat' dir='ltr'><strong>Ubi</strong></span> <span class='ocrx_word' id='word_1_207' title='bbox 1249 1802 1317 1843; x_wconf 86' lang='lat' dir='ltr'><strong>vera</strong></span> 
     </span>
    </p>
   </div>
   <div class='ocr_carea' id='block_1_4' title="bbox 68 1857 1317 1992">
    <p class='ocr_par' dir='ltr' id='par_1_4' title="bbox 68 1857 1317 1992">
     <span class='ocr_line' id='line_1_39' title="bbox 68 1857 1317 1992; baseline -0.001 -78"><span class='ocrx_word' id='word_1_208' title='bbox 68 1863 76 1900; x_wconf 76' lang='lat'><strong>⁴-</strong></span> <span class='ocrx_word' id='word_1_209' title='bbox 115 1863 318 1932; x_wconf 75' lang='lat' dir='ltr'><strong>honeret-satur,</strong></span> <span class='ocrx_word' id='word_1_210' title='bbox 341 1868 369 1921; x_wconf 89' lang='lat' dir='ltr'><strong>et</strong></span> <span class='ocrx_word' id='word_1_211' title='bbox 396 1863 457 1992; x_wconf 45' lang='lat' dir='ltr'><strong>jugi</strong></span> <span class='ocrx_word' id='word_1_212' title='bbox 485 1865 672 1923; x_wconf 88' lang='lat' dir='ltr'><strong>meditatione</strong></span> <span class='ocrx_word' id='word_1_213' title='bbox 724 1862 795 1934; x_wconf 87' lang='lat' dir='ltr'><strong>justi</strong></span> <span class='ocrx_word' id='word_1_214' title='bbox 810 1863 846 1931; x_wconf 90' lang='lat' dir='ltr'><strong>ia,</strong></span> <span class='ocrx_word' id='word_1_215' title='bbox 863 1862 919 1919; x_wconf 89' lang='lat' dir='ltr'><strong>nisi</strong></span> <span class='ocrx_word' id='word_1_216' title='bbox 938 1863 967 1918; x_wconf 93' lang='lat' dir='ltr'><strong>in</strong></span> <span class='ocrx_word' id='word_1_217' title='bbox 985 1859 1088 1919; x_wconf 92' lang='lat' dir='ltr'><strong>Christi</strong></span> <span class='ocrx_word' id='word_1_218' title='bbox 1104 1857 1317 1915; x_wconf 79' lang='lat' dir='ltr'><strong>misericordia?</strong></span> 
     </span>
    </p>
   </div>
   <div class='ocr_carea' id='block_1_5' title="bbox 63 1928 672 4430">
    <p class='ocr_par' dir='ltr' id='par_1_5' title="bbox 63 1928 672 2861">
     <span class='ocr_line' id='line_1_40' title="bbox 70 1928 672 2014; baseline 0.017 -31"><span class='ocrx_word' id='word_1_219' title='bbox 70 1948 75 1984; x_wconf 71' lang='lat' dir='ltr'><strong>r</strong></span> <span class='ocrx_word' id='word_1_220' title='bbox 116 1928 247 2014; x_wconf 79' lang='lat' dir='ltr'><strong>demoretur</strong></span> <span class='ocrx_word' id='word_1_221' title='bbox 261 1935 290 1991; x_wconf 93' lang='lat' dir='ltr'><strong>in</strong></span> <span class='ocrx_word' id='word_1_222' title='bbox 306 1934 372 1991; x_wconf 88' lang='lat' dir='ltr'><strong>illis.</strong></span> <span class='ocrx_word' id='word_1_223' title='bbox 387 1938 417 1991; x_wconf 92' lang='lat' dir='ltr'><strong>ln</strong></span> <span class='ocrx_word' id='word_1_224' title='bbox 441 1952 456 1992; x_wconf 92' lang='lat' dir='ltr'><strong>e</strong></span> <span class='ocrx_word' id='word_1_225' title='bbox 471 1936 589 2009; x_wconf 84' lang='lat' dir='ltr'><strong>martyri</strong></span> <span class='ocrx_word' id='word_1_226' title='bbox 601 1937 672 1994; x_wconf 90' lang='lat' dir='ltr'><strong>tole-</strong></span> 
     </span>
     <span class='ocr_line' id='line_1_41' title="bbox 63 2005 672 2086; baseline 0.016 -31"><span class='ocrx_word' id='word_1_227' title='bbox 63 2024 72 2055; x_wconf 76' lang='lat'>:</span> <span class='ocrx_word' id='word_1_228' title='bbox 115 2011 190 2086; x_wconf 58' lang='lat' dir='ltr'><strong>nuum</strong></span> <span class='ocrx_word' id='word_1_229' title='bbox 204 2005 272 2063; x_wconf 92' lang='lat' dir='ltr'><strong>inde</strong></span> <span class='ocrx_word' id='word_1_230' title='bbox 293 2006 333 2063; x_wconf 91' lang='lat' dir='ltr'><strong>illi</strong></span> <span class='ocrx_word' id='word_1_231' title='bbox 353 2006 458 2064; x_wconf 87' lang='lat' dir='ltr'><strong>ssdueia</strong></span> <span class='ocrx_word' id='word_1_232' title='bbox 474 2024 578 2079; x_wconf 82' lang='lat' dir='ltr'><strong>magna</strong></span> <span class='ocrx_word' id='word_1_233' title='bbox 596 2009 672 2080; x_wconf 90' lang='lat' dir='ltr'><strong>apud</strong></span> 
     </span>
     <span class='ocr_line' id='line_1_42' title="bbox 63 2072 672 2137; baseline 0.021 -14"><span class='ocrx_word' id='word_1_234' title='bbox 63 2089 71 2125; x_wconf 83' lang='lat'><strong>÷·.</strong></span> <span class='ocrx_word' id='word_1_235' title='bbox 114 2072 267 2136; x_wconf 83' lang='lat' dir='ltr'><strong>lituumum.</strong></span> <span class='ocrx_word' id='word_1_236' title='bbox 280 2079 347 2135; x_wconf 89' lang='lat' dir='ltr'><strong>Vult</strong></span> <span class='ocrx_word' id='word_1_237' title='bbox 357 2078 422 2135; x_wconf 91' lang='lat' dir='ltr'><strong>beni</strong></span> <span class='ocrx_word' id='word_1_238' title='bbox 445 2096 497 2137; x_wconf 92' lang='lat' dir='ltr'><strong>uus</strong></span> <span class='ocrx_word' id='word_1_239' title='bbox 511 2080 567 2136; x_wconf 85' lang='lat' dir='ltr'><strong>dux</strong></span> <span class='ocrx_word' id='word_1_240' title='bbox 576 2079 672 2137; x_wconf 86' lang='lat' dir='ltr'><strong>devoti</strong></span> 
     </span>
     <span class='ocr_line' id='line_1_43' title="bbox 63 2095 671 2227; baseline 0.018 -30"><span class='ocrx_word' id='word_1_241' title='bbox 63 2162 69 2197; x_wconf 65' lang='lat' dir='ltr'><strong>r</strong></span> <span class='ocrx_word' id='word_1_242' title='bbox 114 2143 182 2227; x_wconf 81' lang='lat' dir='ltr'><strong>militis</strong></span> <span class='ocrx_word' id='word_1_243' title='bbox 197 2149 306 2206; x_wconf 78' lang='lat' dir='ltr'><strong>vultum</strong></span> <span class='ocrx_word' id='word_1_244' title='bbox 325 2155 354 2206; x_wconf 90' lang='lat' dir='ltr'><strong>et</strong></span> <span class='ocrx_word' id='word_1_245' title='bbox 371 2095 468 2207; x_wconf 54' lang='lat' dir='ltr'><strong>ocufos</strong></span> <span class='ocrx_word' id='word_1_246' title='bbox 487 2151 516 2206; x_wconf 92' lang='lat' dir='ltr'><strong>in</strong></span> <span class='ocrx_word' id='word_1_247' title='bbox 535 2167 587 2207; x_wconf 86' lang='lat' dir='ltr'><strong>sua</strong></span> <span class='ocrx_word' id='word_1_248' title='bbox 606 2167 671 2208; x_wconf 88' lang='lat' dir='ltr'><strong>sus·</strong></span> 
     </span>
     <span class='ocr_line' id='line_1_44' title="bbox 63 2215 672 2279; baseline 0.02 -12"><span class='ocrx_word' id='word_1_249' title='bbox 63 2235 66 2268; x_wconf 74' lang='grc' dir='ltr'><em>ε</em></span> <span class='ocrx_word' id='word_1_250' title='bbox 114 2215 154 2273; x_wconf 85' lang='lat' dir='ltr'><strong>toth</strong></span> <span class='ocrx_word' id='word_1_251' title='bbox 173 2220 316 2277; x_wconf 73' lang='lat' dir='ltr'><strong>vulnera:</strong></span> <span class='ocrx_word' id='word_1_252' title='bbox 338 2226 368 2278; x_wconf 90' lang='lat' dir='ltr'><strong>ul</strong></span> <span class='ocrx_word' id='word_1_253' title='bbox 387 2220 462 2278; x_wconf 88' lang='lat' dir='ltr'><strong>illius</strong></span> <span class='ocrx_word' id='word_1_254' title='bbox 481 2237 514 2278; x_wconf 86' lang='lat' dir='ltr'><strong>ex</strong></span> <span class='ocrx_word' id='word_1_255' title='bbox 536 2223 590 2279; x_wconf 88' lang='lat' dir='ltr'><strong>hoc</strong></span> <span class='ocrx_word' id='word_1_256' title='bbox 608 2221 672 2279; x_wconf 90' lang='lat' dir='ltr'><strong>ani·</strong></span> 
     </span>
     <span class='ocr_line' id='line_1_45' title="bbox 113 2291 672 2364; baseline 0.016 -23"><span class='ocrx_word' id='word_1_257' title='bbox 113 2298 166 2344; x_wconf 84' lang='lat' dir='ltr'><strong>uun</strong></span> <span class='ocrx_word' id='word_1_258' title='bbox 184 2291 286 2362; x_wconf 77' lang='lat' dir='ltr'><strong>erigat,</strong></span> <span class='ocrx_word' id='word_1_259' title='bbox 305 2295 335 2348; x_wconf 89' lang='lat' dir='ltr'><strong>et</strong></span> <span class='ocrx_word' id='word_1_260' title='bbox 350 2293 479 2364; x_wconf 85' lang='lat' dir='ltr'><strong>exemplo</strong></span> <span class='ocrx_word' id='word_1_261' title='bbox 504 2293 547 2350; x_wconf 90' lang='lat' dir='ltr'><strong>sui</strong></span> <span class='ocrx_word' id='word_1_262' title='bbox 568 2293 672 2350; x_wconf 90' lang='lat' dir='ltr'><strong>reddat</strong></span> 
     </span>
     <span class='ocr_line' id='line_1_46' title="bbox 113 2356 671 2422; baseline 0.02 -11"><span class='ocrx_word' id='word_1_263' title='bbox 113 2356 317 2419; x_wconf 82' lang='lat' dir='ltr'><strong>adlolerandum</strong></span> <span class='ocrx_word' id='word_1_264' title='bbox 340 2362 497 2420; x_wconf 79' lang='lat' dir='ltr'><strong>fortiorem.</strong></span> <span class='ocrx_word' id='word_1_265' title='bbox 520 2363 671 2422; x_wconf 84' lang='lat' dir='ltr'><strong>Enimvero</strong></span> 
     </span>
     <span class='ocr_line' id='line_1_47' title="bbox 112 2433 672 2515; baseline 0.014 -30"><span class='ocrx_word' id='word_1_266' title='bbox 112 2439 150 2504; x_wconf 72' lang='lat' dir='ltr'><strong>pon</strong></span> <span class='ocrx_word' id='word_1_267' title='bbox 167 2433 267 2515; x_wconf 78' lang='lat' dir='ltr'><strong>sentiet</strong></span> <span class='ocrx_word' id='word_1_268' title='bbox 286 2450 348 2502; x_wconf 88' lang='lat' dir='ltr'><strong>sua,</strong></span> <span class='ocrx_word' id='word_1_269' title='bbox 365 2435 433 2491; x_wconf 90' lang='lat' dir='ltr'><strong>dum</strong></span> <span class='ocrx_word' id='word_1_270' title='bbox 454 2434 531 2491; x_wconf 89' lang='lat' dir='ltr'><strong>illius</strong></span> <span class='ocrx_word' id='word_1_271' title='bbox 551 2435 672 2493; x_wconf 76' lang='lat' dir='ltr'><strong>vulnera</strong></span> 
     </span>
     <span class='ocr_line' id='line_1_48' title="bbox 111 2504 671 2579; baseline 0.009 -20"><span class='ocrx_word' id='word_1_272' title='bbox 111 2504 245 2579; x_wconf 72' lang='lat' dir='ltr'><strong>ubetem.</strong></span> <span class='ocrx_word' id='word_1_273' title='bbox 269 2506 331 2562; x_wconf 87' lang='lat' dir='ltr'><strong>Stat</strong></span> <span class='ocrx_word' id='word_1_274' title='bbox 346 2510 454 2576; x_wconf 86' lang='lat' dir='ltr'><strong>martyr</strong></span> <span class='ocrx_word' id='word_1_275' title='bbox 467 2504 627 2577; x_wconf 86' lang='lat' dir='ltr'><strong>tripudians</strong></span> <span class='ocrx_word' id='word_1_276' title='bbox 642 2513 671 2564; x_wconf 91' lang='lat' dir='ltr'><strong>et</strong></span> 
     </span>
     <span class='ocr_line' id='line_1_49' title="bbox 111 2570 669 2648; baseline 0.02 -24"><span class='ocrx_word' id='word_1_277' title='bbox 111 2570 269 2648; x_wconf 84' lang='lat' dir='ltr'><strong>theuphans,</strong></span> <span class='ocrx_word' id='word_1_278' title='bbox 291 2581 352 2633; x_wconf 92' lang='lat' dir='ltr'><strong>toto</strong></span> <span class='ocrx_word' id='word_1_279' title='bbox 375 2576 441 2633; x_wconf 90' lang='lat' dir='ltr'><strong>licet</strong></span> <span class='ocrx_word' id='word_1_280' title='bbox 463 2577 587 2634; x_wconf 89' lang='lat' dir='ltr'><strong>lacerato</strong></span> <span class='ocrx_word' id='word_1_281' title='bbox 607 2594 669 2635; x_wconf 92' lang='lat' dir='ltr'><strong>cor·</strong></span> 
     </span>
     <span class='ocr_line' id='line_1_50' title="bbox 111 2647 671 2713; baseline 0.011 -13"><span class='ocrx_word' id='word_1_282' title='bbox 111 2648 166 2713; x_wconf 78' lang='lat' dir='ltr'><strong>tare,</strong></span> <span class='ocrx_word' id='word_1_283' title='bbox 183 2654 213 2704; x_wconf 89' lang='lat' dir='ltr'><strong>et</strong></span> <span class='ocrx_word' id='word_1_284' title='bbox 226 2649 353 2704; x_wconf 87' lang='lat' dir='ltr'><strong>rimante</strong></span> <span class='ocrx_word' id='word_1_285' title='bbox 380 2647 471 2705; x_wconf 89' lang='lat' dir='ltr'><strong>latera</strong></span> <span class='ocrx_word' id='word_1_286' title='bbox 489 2648 565 2705; x_wconf 84' lang='lat' dir='ltr'><strong>terro</strong></span> <span class='ocrx_word' id='word_1_287' title='bbox 586 2666 593 2705; x_wconf 92' lang='lat'>:</span> <span class='ocrx_word' id='word_1_288' title='bbox 618 2665 671 2706; x_wconf 87' lang='lat' dir='ltr'><strong>nec</strong></span> 
     </span>
     <span class='ocr_line' id='line_1_51' title="bbox 112 2716 669 2786; baseline 0.016 -16"><span class='ocrx_word' id='word_1_289' title='bbox 112 2716 366 2786; x_wconf 69' lang='lat' dir='ltr'><strong>pusterulenses</strong></span> <span class='ocrx_word' id='word_1_290' title='bbox 385 2718 515 2776; x_wconf 90' lang='lat' dir='ltr'><strong>hilariter</strong></span> <span class='ocrx_word' id='word_1_291' title='bbox 528 2736 640 2777; x_wconf 87' lang='lat' dir='ltr'><strong>sacrum</strong></span> <span class='ocrx_word' id='word_1_292' title='bbox 654 2738 669 2779; x_wconf 93' lang='lat' dir='ltr'><strong>e</strong></span> 
     </span>
     <span class='ocr_line' id='line_1_52' title="bbox 113 2789 669 2861; baseline 0.014 -20"><span class='ocrx_word' id='word_1_293' title='bbox 113 2793 170 2843; x_wconf 75' lang='lat' dir='ltr'><strong>arne</strong></span> <span class='ocrx_word' id='word_1_294' title='bbox 183 2805 233 2846; x_wconf 85' lang='lat' dir='ltr'><strong>sua</strong></span> <span class='ocrx_word' id='word_1_295' title='bbox 248 2789 440 2861; x_wconf 87' lang='lat' dir='ltr'><strong>circumspicit</strong></span> <span class='ocrx_word' id='word_1_296' title='bbox 453 2790 571 2848; x_wconf 87' lang='lat' dir='ltr'><strong>ebullire</strong></span> <span class='ocrx_word' id='word_1_297' title='bbox 586 2808 669 2849; x_wconf 88' lang='lat' dir='ltr'><strong>eruo·</strong></span> 
     </span>
    </p>

    <p class='ocr_par' dir='ltr' id='par_1_6' title="bbox 81 2860 670 3289">
     <span class='ocr_line' id='line_1_53' title="bbox 81 2860 670 2936; baseline 0.017 -26"><span class='ocrx_word' id='word_1_298' title='bbox 81 2924 84 2929; x_wconf 20' lang='lat'>¹</span> <span class='ocrx_word' id='word_1_299' title='bbox 112 2864 160 2912; x_wconf 79' lang='lat' dir='ltr'><strong>reu</strong></span> <span class='ocrx_word' id='word_1_300' title='bbox 171 2860 218 2917; x_wconf 86' lang='lat' dir='ltr'><strong>Ubi</strong></span> <span class='ocrx_word' id='word_1_301' title='bbox 235 2876 305 2932; x_wconf 81' lang='lat' dir='ltr'><strong>ergo</strong></span> <span class='ocrx_word' id='word_1_302' title='bbox 320 2866 388 2918; x_wconf 92' lang='lat' dir='ltr'><strong>tunc</strong></span> <span class='ocrx_word' id='word_1_303' title='bbox 406 2861 502 2919; x_wconf 88' lang='lat' dir='ltr'><strong>anima</strong></span> <span class='ocrx_word' id='word_1_304' title='bbox 517 2864 670 2936; x_wconf 79' lang='lat' dir='ltr'><strong>martyris?</strong></span> 
     </span>
     <span class='ocr_line' id='line_1_54' title="bbox 113 2921 669 3013; baseline 0.016 -30"><span class='ocrx_word' id='word_1_305' title='bbox 113 2921 669 3013; x_wconf 68' lang='lat' dir='ltr'><strong>dcnpeintuto,nempeinPetra,nempe</strong></span> 
     </span>
     <span class='ocr_line' id='line_1_55' title="bbox 112 3004 668 3062; baseline 0.011 -6"><span class='ocrx_word' id='word_1_306' title='bbox 112 3006 131 3050; x_wconf 86' lang='lat' dir='ltr'><strong>u</strong></span> <span class='ocrx_word' id='word_1_307' title='bbox 143 3004 282 3060; x_wconf 86' lang='lat' dir='ltr'><strong>uscenbus</strong></span> <span class='ocrx_word' id='word_1_308' title='bbox 301 3005 371 3060; x_wconf 81' lang='lat' dir='ltr'><strong>lesu</strong></span> <span class='ocrx_word' id='word_1_309' title='bbox 399 3004 565 3062; x_wconf 83' lang='lat' dir='ltr'><strong>vulneribus</strong></span> <span class='ocrx_word' id='word_1_310' title='bbox 583 3006 668 3062; x_wconf 91' lang='lat' dir='ltr'><strong>nimi·</strong></span> 
     </span>
     <span class='ocr_line' id='line_1_56' title="bbox 111 3046 669 3156; baseline 0.011 -27"><span class='ocrx_word' id='word_1_311' title='bbox 111 3077 153 3148; x_wconf 69' lang='lat' dir='ltr'><strong>flu</strong></span> <span class='ocrx_word' id='word_1_312' title='bbox 166 3073 324 3156; x_wconf 75' lang='lat' dir='ltr'><strong>patentibus</strong></span> <span class='ocrx_word' id='word_1_313' title='bbox 345 3046 611 3134; x_wconf 73' lang='lat' dir='ltr'><strong>adintroeundum.</strong></span> <span class='ocrx_word' id='word_1_314' title='bbox 639 3077 669 3135; x_wconf 88' lang='lat' dir='ltr'><strong>Si</strong></span> 
     </span>
     <span class='ocr_line' id='line_1_57' title="bbox 111 3146 668 3216; baseline 0.022 -23"><span class='ocrx_word' id='word_1_315' title='bbox 111 3146 668 3216; x_wconf 79' lang='lat' dir='ltr'><strong>euntnsursessetvisceribus,serutans</strong></span> 
     </span>
     <span class='ocr_line' id='line_1_58' title="bbox 111 3212 667 3289; baseline 0.018 -23"><span class='ocrx_word' id='word_1_316' title='bbox 111 3212 238 3278; x_wconf 65' lang='lat' dir='ltr'><strong>talamum</strong></span> <span class='ocrx_word' id='word_1_317' title='bbox 250 3216 381 3289; x_wconf 86' lang='lat' dir='ltr'><strong>prolecto</strong></span> <span class='ocrx_word' id='word_1_318' title='bbox 394 3218 522 3285; x_wconf 88' lang='lat' dir='ltr'><strong>sentiret,</strong></span> <span class='ocrx_word' id='word_1_319' title='bbox 538 3219 667 3276; x_wconf 92' lang='lat' dir='ltr'><strong>dolorem</strong></span> 
     </span>
    </p>

    <p class='ocr_par' dir='ltr' id='par_1_7' title="bbox 63 3285 669 4430">
     <span class='ocr_line' id='line_1_59' title="bbox 63 3285 665 3365; baseline 0.013 -26"><span class='ocrx_word' id='word_1_320' title='bbox 63 3308 65 3365; x_wconf 69' lang='lat'>;</span> <span class='ocrx_word' id='word_1_321' title='bbox 111 3285 252 3356; x_wconf 75' lang='lat' dir='ltr'><strong>traferret,</strong></span> <span class='ocrx_word' id='word_1_322' title='bbox 275 3288 473 3346; x_wconf 84' lang='lat' dir='ltr'><strong>succumberet</strong></span> <span class='ocrx_word' id='word_1_323' title='bbox 492 3295 521 3346; x_wconf 90' lang='lat' dir='ltr'><strong>et</strong></span> <span class='ocrx_word' id='word_1_324' title='bbox 539 3298 665 3362; x_wconf 76' lang='lat' dir='ltr'><strong>negaret.</strong></span> 
     </span>
     <span class='ocr_line' id='line_1_60' title="bbox 63 3345 668 3441; baseline 0.017 -32"><span class='ocrx_word' id='word_1_325' title='bbox 63 3376 65 3409; x_wconf 85' lang='grc' dir='ltr'>ι</span> <span class='ocrx_word' id='word_1_326' title='bbox 110 3345 318 3441; x_wconf 68' lang='lat' dir='ltr'><strong>lucescente</strong></span> <span class='ocrx_word' id='word_1_327' title='bbox 336 3360 421 3416; x_wconf 90' lang='lat' dir='ltr'><strong>Petra</strong></span> <span class='ocrx_word' id='word_1_328' title='bbox 439 3360 582 3430; x_wconf 89' lang='lat' dir='ltr'><strong>habitans,</strong></span> <span class='ocrx_word' id='word_1_329' title='bbox 598 3362 668 3434; x_wconf 92' lang='lat' dir='ltr'><strong>quid</strong></span> 
     </span>
     <span class='ocr_line' id='line_1_61' title="bbox 63 3429 669 3502; baseline 0.01 -18"><span class='ocrx_word' id='word_1_330' title='bbox 63 3440 65 3463; x_wconf 73' lang='lat'>⁵</span> <span class='ocrx_word' id='word_1_331' title='bbox 108 3430 182 3485; x_wconf 76' lang='lat' dir='ltr'><strong>Uetus</strong></span> <span class='ocrx_word' id='word_1_332' title='bbox 196 3445 220 3485; x_wconf 85' lang='lat' dir='ltr'><strong>st</strong></span> <span class='ocrx_word' id='word_1_333' title='bbox 235 3446 266 3486; x_wconf 89' lang='lat' dir='ltr'><strong>m</strong></span> <span class='ocrx_word' id='word_1_334' title='bbox 281 3429 398 3487; x_wconf 93' lang='lat' dir='ltr'><strong>modum</strong></span> <span class='ocrx_word' id='word_1_335' title='bbox 416 3437 506 3502; x_wconf 77' lang='lat' dir='ltr'><strong>petrus</strong></span> <span class='ocrx_word' id='word_1_336' title='bbox 519 3432 669 3490; x_wconf 83' lang='lat' dir='ltr'><strong>duruerit?</strong></span> 
     </span>
     <span class='ocr_line' id='line_1_62' title="bbox 107 3489 666 3576; baseline 0.014 -23"><span class='ocrx_word' id='word_1_337' title='bbox 107 3489 144 3552; x_wconf 72' lang='lat' dir='ltr'><strong>Sed</strong></span> <span class='ocrx_word' id='word_1_338' title='bbox 155 3516 242 3573; x_wconf 89' lang='lat' dir='ltr'><strong>neque</strong></span> <span class='ocrx_word' id='word_1_339' title='bbox 258 3500 363 3558; x_wconf 90' lang='lat' dir='ltr'><strong>mirum</strong></span> <span class='ocrx_word' id='word_1_340' title='bbox 379 3500 403 3558; x_wconf 92' lang='lat' dir='ltr'><strong>si</strong></span> <span class='ocrx_word' id='word_1_341' title='bbox 420 3502 482 3558; x_wconf 81' lang='lat' dir='ltr'><strong>exul</strong></span> <span class='ocrx_word' id='word_1_342' title='bbox 501 3519 520 3559; x_wconf 91' lang='lat' dir='ltr'><strong>a</strong></span> <span class='ocrx_word' id='word_1_343' title='bbox 536 3519 666 3576; x_wconf 90' lang='lat' dir='ltr'><strong>corpore,</strong></span> 
     </span>
     <span class='ocr_line' id='line_1_63' title="bbox 104 3560 668 3651; baseline 0.012 -26"><span class='ocrx_word' id='word_1_344' title='bbox 104 3560 193 3651; x_wconf 70' lang='lat' dir='ltr'><strong>dolores</strong></span> <span class='ocrx_word' id='word_1_345' title='bbox 203 3588 261 3629; x_wconf 93' lang='lat' dir='ltr'><strong>non</strong></span> <span class='ocrx_word' id='word_1_346' title='bbox 270 3572 378 3629; x_wconf 88' lang='lat' dir='ltr'><strong>sentiat</strong></span> <span class='ocrx_word' id='word_1_347' title='bbox 389 3574 533 3645; x_wconf 78' lang='lat' dir='ltr'><strong>corporis3</strong></span> <span class='ocrx_word' id='word_1_348' title='bbox 550 3591 603 3631; x_wconf 92' lang='lat' dir='ltr'><strong>nec</strong></span> <span class='ocrx_word' id='word_1_349' title='bbox 614 3576 668 3633; x_wconf 91' lang='lat' dir='ltr'><strong>hoc</strong></span> 
     </span>
     <span class='ocr_line' id='line_1_64' title="bbox 102 3631 668 3721; baseline 0.019 -29"><span class='ocrx_word' id='word_1_350' title='bbox 102 3631 150 3721; x_wconf 76' lang='lat' dir='ltr'><strong>ierit</strong></span> <span class='ocrx_word' id='word_1_351' title='bbox 170 3647 280 3715; x_wconf 89' lang='lat' dir='ltr'><strong>stupor,</strong></span> <span class='ocrx_word' id='word_1_352' title='bbox 294 3645 345 3700; x_wconf 90' lang='lat' dir='ltr'><strong>sed</strong></span> <span class='ocrx_word' id='word_1_353' title='bbox 367 3659 472 3701; x_wconf 91' lang='lat' dir='ltr'><strong>amor:</strong></span> <span class='ocrx_word' id='word_1_354' title='bbox 493 3645 668 3703; x_wconf 89' lang='lat' dir='ltr'><strong>submittitur</strong></span> 
     </span>
     <span class='ocr_line' id='line_1_65' title="bbox 99 3715 668 3784; baseline 0.012 -17"><span class='ocrx_word' id='word_1_355' title='bbox 99 3719 156 3770; x_wconf 77' lang='lat' dir='ltr'><strong>urm</strong></span> <span class='ocrx_word' id='word_1_356' title='bbox 166 3729 343 3783; x_wconf 90' lang='lat' dir='ltr'><strong>sensus,non</strong></span> <span class='ocrx_word' id='word_1_357' title='bbox 354 3715 508 3784; x_wconf 81' lang='lat' dir='ltr'><strong>amittitur3</strong></span> <span class='ocrx_word' id='word_1_358' title='bbox 523 3732 576 3773; x_wconf 89' lang='lat' dir='ltr'><strong>nec</strong></span> <span class='ocrx_word' id='word_1_359' title='bbox 587 3718 668 3774; x_wconf 89' lang='lat' dir='ltr'><strong>deest</strong></span> 
     </span>
     <span class='ocr_line' id='line_1_66' title="bbox 96 3777 667 3867; baseline 0.012 -29"><span class='ocrx_word' id='word_1_360' title='bbox 96 3777 228 3867; x_wconf 72' lang='lat' dir='ltr'><strong>dolensed</strong></span> <span class='ocrx_word' id='word_1_361' title='bbox 239 3787 441 3844; x_wconf 89' lang='lat' dir='ltr'><strong>contemnitur.</strong></span> <span class='ocrx_word' id='word_1_362' title='bbox 453 3790 527 3859; x_wconf 79' lang='lat' dir='ltr'><strong>Urgo</strong></span> <span class='ocrx_word' id='word_1_363' title='bbox 539 3804 572 3844; x_wconf 80' lang='lat' dir='ltr'><strong>en</strong></span> <span class='ocrx_word' id='word_1_364' title='bbox 583 3789 667 3846; x_wconf 89' lang='lat' dir='ltr'><strong>Petra</strong></span> 
     </span>
     <span class='ocr_line' id='line_1_67' title="bbox 92 3855 665 3916; baseline 0.005 -3"><span class='ocrx_word' id='word_1_365' title='bbox 92 3861 153 3913; x_wconf 76' lang='lat' dir='ltr'><strong>bart</strong></span> <span class='ocrx_word' id='word_1_366' title='bbox 196 3855 379 3915; x_wconf 87' lang='lat' dir='ltr'><strong>slorlitudo:</strong></span> <span class='ocrx_word' id='word_1_367' title='bbox 396 3877 410 3912; x_wconf 76' lang='lat' dir='ltr'><strong>r</strong></span> <span class='ocrx_word' id='word_1_368' title='bbox 426 3859 665 3916; x_wconf 84' lang='lat' dir='ltr'><strong>haecBemurdus.</strong></span> 
     </span>
     <span class='ocr_line' id='line_1_68' title="bbox 115 3931 666 3991; baseline 0.007 -6"><span class='ocrx_word' id='word_1_369' title='bbox 115 3931 131 3985; x_wconf 78' lang='grc'>8</span> <span class='ocrx_word' id='word_1_370' title='bbox 161 3945 279 3984; x_wconf 76' lang='lat' dir='ltr'><strong>maurmt</strong></span> <span class='ocrx_word' id='word_1_371' title='bbox 288 3946 392 3986; x_wconf 80' lang='lat' dir='ltr'><strong>ouurnu</strong></span> <span class='ocrx_word' id='word_1_372' title='bbox 407 3947 530 3987; x_wconf 75' lang='lat' dir='ltr'><strong>exerens</strong></span> <span class='ocrx_word' id='word_1_373' title='bbox 544 3949 571 3986; x_wconf 81' lang='lat' dir='ltr'><strong>ru</strong></span> <span class='ocrx_word' id='word_1_374' title='bbox 585 3933 666 3991; x_wconf 79' lang='lat' dir='ltr'><strong>Cant-</strong></span> 
     </span>
     <span class='ocr_line' id='line_1_69' title="bbox 87 3999 666 4083; baseline 0.007 -27"><span class='ocrx_word' id='word_1_375' title='bbox 87 4015 135 4057; x_wconf 67' lang='grc' dir='ltr'><strong>πο.</strong></span> <span class='ocrx_word' id='word_1_376' title='bbox 155 4029 192 4042; x_wconf 91' lang='grc'>-</span> <span class='ocrx_word' id='word_1_377' title='bbox 209 3999 279 4056; x_wconf 89' lang='lat' dir='ltr'><strong>tude</strong></span> <span class='ocrx_word' id='word_1_378' title='bbox 299 4015 411 4083; x_wconf 86' lang='lat' dir='ltr'><strong>quoque</strong></span> <span class='ocrx_word' id='word_1_379' title='bbox 429 4007 474 4058; x_wconf 88' lang='lat' dir='ltr'><strong>est</strong></span> <span class='ocrx_word' id='word_1_380' title='bbox 494 4001 570 4074; x_wconf 91' lang='lat' dir='ltr'><strong>quod</strong></span> <span class='ocrx_word' id='word_1_381' title='bbox 585 4003 666 4061; x_wconf 90' lang='lat' dir='ltr'><strong>multi</strong></span> 
     </span>
     <span class='ocr_line' id='line_1_70' title="bbox 85 4069 666 4143; baseline 0.005 -14"><span class='ocrx_word' id='word_1_382' title='bbox 85 4069 275 4139; x_wconf 70' lang='lat' dir='ltr'><strong>inmemores,</strong></span> <span class='ocrx_word' id='word_1_383' title='bbox 290 4075 320 4127; x_wconf 89' lang='lat' dir='ltr'><strong>et</strong></span> <span class='ocrx_word' id='word_1_384' title='bbox 333 4077 419 4128; x_wconf 82' lang='lat' dir='ltr'><strong>etiam</strong></span> <span class='ocrx_word' id='word_1_385' title='bbox 438 4073 497 4143; x_wconf 87' lang='lat' dir='ltr'><strong>atii,</strong></span> <span class='ocrx_word' id='word_1_386' title='bbox 512 4073 542 4130; x_wconf 91' lang='lat' dir='ltr'><strong>iu</strong></span> <span class='ocrx_word' id='word_1_387' title='bbox 561 4073 666 4132; x_wconf 89' lang='lat' dir='ltr'><strong>labori-</strong></span> 
     </span>
     <span class='ocr_line' id='line_1_71' title="bbox 80 4140 669 4225; baseline 0.003 -24"><span class='ocrx_word' id='word_1_388' title='bbox 80 4141 138 4213; x_wconf 89' lang='lat' dir='ltr'><strong>bus,</strong></span> <span class='ocrx_word' id='word_1_389' title='bbox 152 4146 183 4225; x_wconf 71' lang='lat' dir='ltr'><strong>et</strong></span> <span class='ocrx_word' id='word_1_390' title='bbox 196 4140 442 4212; x_wconf 88' lang='lat' dir='ltr'><strong>tribulationibus,</strong></span> <span class='ocrx_word' id='word_1_391' title='bbox 457 4150 486 4201; x_wconf 88' lang='lat' dir='ltr'><strong>ot</strong></span> <span class='ocrx_word' id='word_1_392' title='bbox 497 4145 669 4203; x_wconf 82' lang='lat' dir='ltr'><strong>infirmitati·</strong></span> 
     </span>
     <span class='ocr_line' id='line_1_72' title="bbox 78 4213 668 4295; baseline 0.007 -24"><span class='ocrx_word' id='word_1_393' title='bbox 78 4213 125 4272; x_wconf 88' lang='lat' dir='ltr'><strong>bus</strong></span> <span class='ocrx_word' id='word_1_394' title='bbox 138 4229 213 4281; x_wconf 79' lang='lat' dir='ltr'><strong>aurs,</strong></span> <span class='ocrx_word' id='word_1_395' title='bbox 230 4228 288 4295; x_wconf 79' lang='lat' dir='ltr'><strong>non</strong></span> <span class='ocrx_word' id='word_1_396' title='bbox 304 4213 397 4270; x_wconf 90' lang='lat' dir='ltr'><strong>solum</strong></span> <span class='ocrx_word' id='word_1_397' title='bbox 408 4214 558 4286; x_wconf 89' lang='lat' dir='ltr'><strong>patientes,</strong></span> <span class='ocrx_word' id='word_1_398' title='bbox 573 4218 624 4275; x_wconf 90' lang='lat' dir='ltr'><strong>sed</strong></span> <span class='ocrx_word' id='word_1_399' title='bbox 640 4224 668 4275; x_wconf 92' lang='lat' dir='ltr'><strong>et</strong></span> 
     </span>
     <span class='ocr_line' id='line_1_73' title="bbox 77 4283 665 4359; baseline 0.003 -15"><span class='ocrx_word' id='word_1_400' title='bbox 77 4286 183 4344; x_wconf 82' lang='lat' dir='ltr'><strong>hilares</strong></span> <span class='ocrx_word' id='word_1_401' title='bbox 211 4283 299 4341; x_wconf 78' lang='lat' dir='ltr'><strong>iussae</strong></span> <span class='ocrx_word' id='word_1_402' title='bbox 324 4288 354 4342; x_wconf 87' lang='lat' dir='ltr'><strong>et</strong></span> <span class='ocrx_word' id='word_1_403' title='bbox 378 4300 443 4342; x_wconf 84' lang='lat' dir='ltr'><strong>essa</strong></span> <span class='ocrx_word' id='word_1_404' title='bbox 471 4287 665 4359; x_wconf 78' lang='lat' dir='ltr'><strong>reperiuntur3</strong></span> 
     </span>
     <span class='ocr_line' id='line_1_74' title="bbox 74 4353 668 4430; baseline 0.007 -17"><span class='ocrx_word' id='word_1_405' title='bbox 74 4357 141 4430; x_wconf 86' lang='lat' dir='ltr'><strong>qnia</strong></span> <span class='ocrx_word' id='word_1_406' title='bbox 160 4370 197 4414; x_wconf 85' lang='lat' dir='ltr'><strong>ex</strong></span> <span class='ocrx_word' id='word_1_407' title='bbox 222 4353 325 4413; x_wconf 78' lang='lat' dir='ltr'><strong>devota</strong></span> <span class='ocrx_word' id='word_1_408' title='bbox 347 4355 533 4416; x_wconf 87' lang='lat' dir='ltr'><strong>meditatione</strong></span> <span class='ocrx_word' id='word_1_409' title='bbox 555 4359 620 4416; x_wconf 81' lang='lat' dir='ltr'><strong>ritae</strong></span> <span class='ocrx_word' id='word_1_410' title='bbox 638 4365 668 4417; x_wconf 84' lang='lat' dir='ltr'><strong>et</strong></span> 
     </span>
    </p>
   </div>
   <div class='ocr_carea' id='block_1_6' title="bbox 722 1928 1345 4427">
    <p class='ocr_par' dir='ltr' id='par_1_8' title="bbox 722 1928 1345 4427">
     <span class='ocr_line' id='line_1_75' title="bbox 728 1928 1317 2006; baseline -0.008 -16"><span class='ocrx_word' id='word_1_411' title='bbox 728 1933 780 1991; x_wconf 90' lang='lat' dir='ltr'><strong>Ubi</strong></span> <span class='ocrx_word' id='word_1_412' title='bbox 796 1951 863 1992; x_wconf 88' lang='lat' dir='ltr'><strong>vera</strong></span> <span class='ocrx_word' id='word_1_413' title='bbox 879 1931 1080 2006; x_wconf 86' lang='lat' dir='ltr'><strong>temperantia,</strong></span> <span class='ocrx_word' id='word_1_414' title='bbox 1098 1930 1151 1986; x_wconf 92' lang='lat' dir='ltr'><strong>nisi</strong></span> <span class='ocrx_word' id='word_1_415' title='bbox 1167 1929 1197 1986; x_wconf 91' lang='lat' dir='ltr'><strong>in</strong></span> <span class='ocrx_word' id='word_1_416' title='bbox 1213 1928 1317 1986; x_wconf 82' lang='lat' dir='ltr'><strong>Christi</strong></span> 
     </span>
     <span class='ocr_line' id='line_1_76' title="bbox 728 2000 1316 2067; baseline -0.009 -7"><span class='ocrx_word' id='word_1_417' title='bbox 728 2004 806 2062; x_wconf 83' lang='lat' dir='ltr'><strong>rita?</strong></span> <span class='ocrx_word' id='word_1_418' title='bbox 832 2005 884 2063; x_wconf 91' lang='lat' dir='ltr'><strong>Ubi</strong></span> <span class='ocrx_word' id='word_1_419' title='bbox 913 2022 982 2063; x_wconf 85' lang='lat' dir='ltr'><strong>rera</strong></span> <span class='ocrx_word' id='word_1_420' title='bbox 1013 2001 1172 2067; x_wconf 83' lang='lat' dir='ltr'><strong>fortitudo,</strong></span> <span class='ocrx_word' id='word_1_421' title='bbox 1198 2000 1252 2057; x_wconf 90' lang='lat' dir='ltr'><strong>nisi</strong></span> <span class='ocrx_word' id='word_1_422' title='bbox 1285 2000 1316 2056; x_wconf 92' lang='lat' dir='ltr'><strong>in</strong></span> 
     </span>
     <span class='ocr_line' id='line_1_77' title="bbox 728 2071 1317 2149; baseline -0.012 -15"><span class='ocrx_word' id='word_1_423' title='bbox 728 2077 830 2134; x_wconf 87' lang='lat' dir='ltr'><strong>Christi</strong></span> <span class='ocrx_word' id='word_1_424' title='bbox 850 2076 1002 2149; x_wconf 75' lang='lat' dir='ltr'><strong>passionei</strong></span> <span class='ocrx_word' id='word_1_425' title='bbox 1018 2073 1076 2132; x_wconf 88' lang='lat' dir='ltr'><strong>Soli</strong></span> <span class='ocrx_word' id='word_1_426' title='bbox 1091 2072 1178 2143; x_wconf 86' lang='lat' dir='ltr'><strong>igitur</strong></span> <span class='ocrx_word' id='word_1_427' title='bbox 1192 2071 1240 2144; x_wconf 92' lang='lat' dir='ltr'><strong>qui</strong></span> <span class='ocrx_word' id='word_1_428' title='bbox 1255 2072 1317 2143; x_wconf 87' lang='lat' dir='ltr'><strong>ejus</strong></span> 
     </span>
     <span class='ocr_line' id='line_1_78' title="bbox 727 2142 1316 2216; baseline -0.01 -12"><span class='ocrx_word' id='word_1_429' title='bbox 727 2146 856 2205; x_wconf 86' lang='lat' dir='ltr'><strong>doctrina</strong></span> <span class='ocrx_word' id='word_1_430' title='bbox 875 2148 975 2206; x_wconf 92' lang='lat' dir='ltr'><strong>imbuti</strong></span> <span class='ocrx_word' id='word_1_431' title='bbox 1002 2149 1078 2212; x_wconf 91' lang='lat' dir='ltr'><strong>sunt,</strong></span> <span class='ocrx_word' id='word_1_432' title='bbox 1101 2144 1257 2216; x_wconf 85' lang='lat' dir='ltr'><strong>prudentes</strong></span> <span class='ocrx_word' id='word_1_433' title='bbox 1273 2142 1316 2199; x_wconf 91' lang='lat' dir='ltr'><strong>di-</strong></span> 
     </span>
     <span class='ocr_line' id='line_1_79' title="bbox 727 2215 1316 2290; baseline -0.01 -15"><span class='ocrx_word' id='word_1_434' title='bbox 727 2219 810 2276; x_wconf 91' lang='lat' dir='ltr'><strong>cendi</strong></span> <span class='ocrx_word' id='word_1_435' title='bbox 837 2225 912 2277; x_wconf 92' lang='lat' dir='ltr'><strong>suut.</strong></span> <span class='ocrx_word' id='word_1_436' title='bbox 944 2218 1002 2276; x_wconf 91' lang='lat' dir='ltr'><strong>Soli</strong></span> <span class='ocrx_word' id='word_1_437' title='bbox 1027 2215 1108 2290; x_wconf 90' lang='lat' dir='ltr'><strong>justi,</strong></span> <span class='ocrx_word' id='word_1_438' title='bbox 1128 2215 1176 2286; x_wconf 89' lang='lat' dir='ltr'><strong>qui</strong></span> <span class='ocrx_word' id='word_1_439' title='bbox 1196 2215 1231 2270; x_wconf 90' lang='lat' dir='ltr'><strong>de</strong></span> <span class='ocrx_word' id='word_1_440' title='bbox 1256 2215 1316 2286; x_wconf 76' lang='lat' dir='ltr'><strong>eJus</strong></span> 
     </span>
     <span class='ocr_line' id='line_1_80' title="bbox 727 2290 1316 2359; baseline -0.012 -12"><span class='ocrx_word' id='word_1_441' title='bbox 727 2290 922 2348; x_wconf 89' lang='lat' dir='ltr'><strong>misericordia</strong></span> <span class='ocrx_word' id='word_1_442' title='bbox 931 2290 1045 2348; x_wconf 86' lang='lat' dir='ltr'><strong>reniam</strong></span> <span class='ocrx_word' id='word_1_443' title='bbox 1060 2293 1240 2359; x_wconf 89' lang='lat' dir='ltr'><strong>peccatorum</strong></span> <span class='ocrx_word' id='word_1_444' title='bbox 1250 2301 1316 2341; x_wconf 87' lang='lat' dir='ltr'><strong>ron·</strong></span> 
     </span>
     <span class='ocr_line' id='line_1_81' title="bbox 727 2355 1314 2428; baseline -0.012 -10"><span class='ocrx_word' id='word_1_445' title='bbox 727 2362 815 2418; x_wconf 90' lang='lat' dir='ltr'><strong>secuti</strong></span> <span class='ocrx_word' id='word_1_446' title='bbox 845 2366 921 2419; x_wconf 91' lang='lat' dir='ltr'><strong>sunt.</strong></span> <span class='ocrx_word' id='word_1_447' title='bbox 952 2361 1009 2419; x_wconf 91' lang='lat' dir='ltr'><strong>Soli</strong></span> <span class='ocrx_word' id='word_1_448' title='bbox 1040 2363 1244 2428; x_wconf 87' lang='lat' dir='ltr'><strong>temperantes,</strong></span> <span class='ocrx_word' id='word_1_449' title='bbox 1267 2355 1314 2428; x_wconf 92' lang='lat' dir='ltr'><strong>qui</strong></span> 
     </span>
     <span class='ocr_line' id='line_1_82' title="bbox 726 2428 1314 2505; baseline -0.01 -16"><span class='ocrx_word' id='word_1_450' title='bbox 726 2434 881 2505; x_wconf 85' lang='lat' dir='ltr'><strong>ejusvitam</strong></span> <span class='ocrx_word' id='word_1_451' title='bbox 893 2431 998 2489; x_wconf 91' lang='lat' dir='ltr'><strong>imitari</strong></span> <span class='ocrx_word' id='word_1_452' title='bbox 1010 2430 1132 2489; x_wconf 90' lang='lat' dir='ltr'><strong>student.</strong></span> <span class='ocrx_word' id='word_1_453' title='bbox 1146 2428 1202 2485; x_wconf 90' lang='lat' dir='ltr'><strong>Soli</strong></span> <span class='ocrx_word' id='word_1_454' title='bbox 1215 2429 1314 2496; x_wconf 84' lang='lat' dir='ltr'><strong>sortes,</strong></span> 
     </span>
     <span class='ocr_line' id='line_1_83' title="bbox 726 2499 1316 2576; baseline -0.01 -15"><span class='ocrx_word' id='word_1_455' title='bbox 726 2503 773 2575; x_wconf 90' lang='lat' dir='ltr'><strong>qui</strong></span> <span class='ocrx_word' id='word_1_456' title='bbox 791 2505 852 2576; x_wconf 85' lang='lat' dir='ltr'><strong>ejus</strong></span> <span class='ocrx_word' id='word_1_457' title='bbox 867 2503 1015 2575; x_wconf 77' lang='lat' dir='ltr'><strong>sapientire</strong></span> <span class='ocrx_word' id='word_1_458' title='bbox 1032 2499 1214 2571; x_wconf 79' lang='lat' dir='ltr'><strong>etpatientiae</strong></span> <span class='ocrx_word' id='word_1_459' title='bbox 1230 2499 1316 2555; x_wconf 91' lang='lat' dir='ltr'><strong>docu-</strong></span> 
     </span>
     <span class='ocr_line' id='line_1_84' title="bbox 726 2569 1312 2631; baseline -0.012 0"><span class='ocrx_word' id='word_1_460' title='bbox 726 2581 823 2631; x_wconf 90' lang='lat' dir='ltr'><strong>menta</strong></span> <span class='ocrx_word' id='word_1_461' title='bbox 847 2574 959 2631; x_wconf 87' lang='lat' dir='ltr'><strong>lortiter</strong></span> <span class='ocrx_word' id='word_1_462' title='bbox 991 2573 1020 2628; x_wconf 93' lang='lat' dir='ltr'><strong>in</strong></span> <span class='ocrx_word' id='word_1_463' title='bbox 1050 2569 1177 2626; x_wconf 85' lang='lat' dir='ltr'><strong>adversis</strong></span> <span class='ocrx_word' id='word_1_464' title='bbox 1205 2573 1312 2624; x_wconf 90' lang='lat' dir='ltr'><strong>tenent.</strong></span> 
     </span>
     <span class='ocr_line' id='line_1_85' title="bbox 726 2639 1313 2717; baseline -0.014 -15"><span class='ocrx_word' id='word_1_465' title='bbox 726 2648 870 2702; x_wconf 87' lang='lat' dir='ltr'><strong>Incassum</strong></span> <span class='ocrx_word' id='word_1_466' title='bbox 898 2644 1018 2717; x_wconf 92' lang='lat' dir='ltr'><strong>proinde</strong></span> <span class='ocrx_word' id='word_1_467' title='bbox 1056 2640 1121 2713; x_wconf 87' lang='lat' dir='ltr'><strong>quis</strong></span> <span class='ocrx_word' id='word_1_468' title='bbox 1150 2641 1259 2696; x_wconf 86' lang='lat' dir='ltr'><strong>laborat</strong></span> <span class='ocrx_word' id='word_1_469' title='bbox 1285 2639 1313 2695; x_wconf 91' lang='lat' dir='ltr'><strong>in</strong></span> 
     </span>
     <span class='ocr_line' id='line_1_86' title="bbox 725 2711 1315 2789; baseline -0.017 -15"><span class='ocrx_word' id='word_1_470' title='bbox 725 2715 911 2789; x_wconf 84' lang='lat' dir='ltr'><strong>acquisitione</strong></span> <span class='ocrx_word' id='word_1_471' title='bbox 927 2715 1072 2781; x_wconf 87' lang='lat' dir='ltr'><strong>virtutum,</strong></span> <span class='ocrx_word' id='word_1_472' title='bbox 1092 2711 1115 2768; x_wconf 93' lang='lat' dir='ltr'><strong>si</strong></span> <span class='ocrx_word' id='word_1_473' title='bbox 1135 2711 1249 2767; x_wconf 89' lang='lat' dir='ltr'><strong>aliunde</strong></span> <span class='ocrx_word' id='word_1_474' title='bbox 1267 2726 1315 2767; x_wconf 72' lang='lat' dir='ltr'><strong>eas</strong></span> 
     </span>
     <span class='ocr_line' id='line_1_87' title="bbox 726 2782 1313 2861; baseline -0.019 -15"><span class='ocrx_word' id='word_1_475' title='bbox 726 2789 883 2860; x_wconf 88' lang='lat' dir='ltr'><strong>sperandas</strong></span> <span class='ocrx_word' id='word_1_476' title='bbox 911 2793 1002 2861; x_wconf 88' lang='lat' dir='ltr'><strong>putat,</strong></span> <span class='ocrx_word' id='word_1_477' title='bbox 1032 2800 1118 2856; x_wconf 90' lang='lat' dir='ltr'><strong>quam</strong></span> <span class='ocrx_word' id='word_1_478' title='bbox 1147 2800 1164 2839; x_wconf 87' lang='lat' dir='ltr'><strong>a</strong></span> <span class='ocrx_word' id='word_1_479' title='bbox 1193 2782 1313 2840; x_wconf 86' lang='lat' dir='ltr'><strong>Domino</strong></span> 
     </span>
     <span class='ocr_line' id='line_1_88' title="bbox 725 2854 1315 2931; baseline -0.01 -15"><span class='ocrx_word' id='word_1_480' title='bbox 725 2861 861 2917; x_wconf 81' lang='lat' dir='ltr'><strong>virtutum</strong></span> <span class='ocrx_word' id='word_1_481' title='bbox 889 2877 896 2916; x_wconf 88' lang='lat'>:</span> <span class='ocrx_word' id='word_1_482' title='bbox 926 2860 1006 2931; x_wconf 87' lang='lat' dir='ltr'><strong>cujus</strong></span> <span class='ocrx_word' id='word_1_483' title='bbox 1024 2856 1164 2924; x_wconf 90' lang='lat' dir='ltr'><strong>doctrina,</strong></span> <span class='ocrx_word' id='word_1_484' title='bbox 1190 2854 1315 2911; x_wconf 87' lang='lat' dir='ltr'><strong>semina·</strong></span> 
     </span>
     <span class='ocr_line' id='line_1_89' title="bbox 725 2926 1313 3004; baseline -0.012 -16"><span class='ocrx_word' id='word_1_485' title='bbox 725 2932 798 2989; x_wconf 92' lang='lat' dir='ltr'><strong>rium</strong></span> <span class='ocrx_word' id='word_1_486' title='bbox 812 2930 987 3004; x_wconf 74' lang='lat' dir='ltr'><strong>prudentieu3</strong></span> <span class='ocrx_word' id='word_1_487' title='bbox 1007 2929 1087 3000; x_wconf 90' lang='lat' dir='ltr'><strong>cujus</strong></span> <span class='ocrx_word' id='word_1_488' title='bbox 1106 2926 1313 2991; x_wconf 88' lang='lat' dir='ltr'><strong>misericordia,</strong></span> 
     </span>
     <span class='ocr_line' id='line_1_90' title="bbox 725 2999 1312 3076; baseline -0.015 -16"><span class='ocrx_word' id='word_1_489' title='bbox 725 3019 796 3076; x_wconf 89' lang='lat' dir='ltr'><strong>opus</strong></span> <span class='ocrx_word' id='word_1_490' title='bbox 818 3003 953 3073; x_wconf 85' lang='lat' dir='ltr'><strong>justitiae;</strong></span> <span class='ocrx_word' id='word_1_491' title='bbox 969 3001 1051 3073; x_wconf 87' lang='lat' dir='ltr'><strong>eujus</strong></span> <span class='ocrx_word' id='word_1_492' title='bbox 1075 2999 1144 3067; x_wconf 82' lang='lat' dir='ltr'><strong>rita,</strong></span> <span class='ocrx_word' id='word_1_493' title='bbox 1168 3000 1312 3069; x_wconf 90' lang='lat' dir='ltr'><strong>speculum</strong></span> 
     </span>
     <span class='ocr_line' id='line_1_91' title="bbox 723 3070 1313 3156; baseline -0.015 -25"><span class='ocrx_word' id='word_1_494' title='bbox 723 3074 934 3156; x_wconf 82' lang='lat' dir='ltr'><strong>temperantiae;</strong></span> <span class='ocrx_word' id='word_1_495' title='bbox 949 3074 1029 3145; x_wconf 89' lang='lat' dir='ltr'><strong>cujus</strong></span> <span class='ocrx_word' id='word_1_496' title='bbox 1041 3088 1129 3141; x_wconf 87' lang='lat' dir='ltr'><strong>mors,</strong></span> <span class='ocrx_word' id='word_1_497' title='bbox 1144 3070 1256 3142; x_wconf 85' lang='lat' dir='ltr'><strong>insigne</strong></span> <span class='ocrx_word' id='word_1_498' title='bbox 1270 3072 1313 3124; x_wconf 90' lang='lat' dir='ltr'><strong>est</strong></span> 
     </span>
     <span class='ocr_line' id='line_1_92' title="bbox 724 3143 1311 3210; baseline -0.015 -8"><span class='ocrx_word' id='word_1_499' title='bbox 724 3145 907 3202; x_wconf 78' lang='lat' dir='ltr'><strong>fortitudinis.</strong></span> <span class='ocrx_word' id='word_1_500' title='bbox 928 3165 942 3195; x_wconf 86' lang='lat'>»</span> <span class='ocrx_word' id='word_1_501' title='bbox 972 3144 1050 3200; x_wconf 93' lang='lat' dir='ltr'><strong>Unde</strong></span> <span class='ocrx_word' id='word_1_502' title='bbox 1078 3149 1107 3199; x_wconf 89' lang='lat' dir='ltr'><strong>et</strong></span> <span class='ocrx_word' id='word_1_503' title='bbox 1132 3143 1311 3210; x_wconf 79' lang='lat' dir='ltr'><strong>Greporius:</strong></span> 
     </span>
     <span class='ocr_line' id='line_1_93' title="bbox 726 3215 1311 3288; baseline -0.003 -20"><span class='ocrx_word' id='word_1_504' title='bbox 726 3215 1311 3288; x_wconf 81' lang='lat' dir='ltr'><strong>«Quidestquoddileclumsuumsponsa,</strong></span> 
     </span>
     <span class='ocr_line' id='line_1_94' title="bbox 725 3284 1313 3361; baseline -0.017 -15"><span class='ocrx_word' id='word_1_505' title='bbox 725 3305 782 3345; x_wconf 93' lang='lat' dir='ltr'><strong>non</strong></span> <span class='ocrx_word' id='word_1_506' title='bbox 802 3290 958 3361; x_wconf 83' lang='lat' dir='ltr'><strong>myrrham,</strong></span> <span class='ocrx_word' id='word_1_507' title='bbox 975 3286 1026 3342; x_wconf 92' lang='lat' dir='ltr'><strong>sed</strong></span> <span class='ocrx_word' id='word_1_508' title='bbox 1050 3284 1214 3340; x_wconf 78' lang='lat' dir='ltr'><strong>fasciculum</strong></span> <span class='ocrx_word' id='word_1_509' title='bbox 1239 3297 1313 3352; x_wconf 84' lang='lat' dir='ltr'><strong>myr-</strong></span> 
     </span>
     <span class='ocr_line' id='line_1_95' title="bbox 724 3355 1312 3426; baseline -0.014 -9"><span class='ocrx_word' id='word_1_510' title='bbox 724 3362 783 3417; x_wconf 75' lang='lat' dir='ltr'><strong>rhae</strong></span> <span class='ocrx_word' id='word_1_511' title='bbox 798 3358 950 3415; x_wconf 75' lang='lat' dir='ltr'><strong>nominati</strong></span> <span class='ocrx_word' id='word_1_512' title='bbox 965 3357 1018 3413; x_wconf 90' lang='lat' dir='ltr'><strong>nisi</strong></span> <span class='ocrx_word' id='word_1_513' title='bbox 1037 3356 1113 3426; x_wconf 88' lang='lat' dir='ltr'><strong>quod</strong></span> <span class='ocrx_word' id='word_1_514' title='bbox 1128 3355 1195 3410; x_wconf 92' lang='lat' dir='ltr'><strong>dum</strong></span> <span class='ocrx_word' id='word_1_515' title='bbox 1213 3357 1312 3409; x_wconf 87' lang='lat' dir='ltr'><strong>sancta</strong></span> 
     </span>
     <span class='ocr_line' id='line_1_96' title="bbox 725 3425 1312 3505; baseline -0.017 -16"><span class='ocrx_word' id='word_1_516' title='bbox 725 3447 805 3489; x_wconf 91' lang='lat' dir='ltr'><strong>mens</strong></span> <span class='ocrx_word' id='word_1_517' title='bbox 815 3430 918 3487; x_wconf 86' lang='lat' dir='ltr'><strong>Christi</strong></span> <span class='ocrx_word' id='word_1_518' title='bbox 931 3427 1017 3484; x_wconf 83' lang='lat' dir='ltr'><strong>vitam</strong></span> <span class='ocrx_word' id='word_1_519' title='bbox 1028 3443 1060 3483; x_wconf 82' lang='lat' dir='ltr'><strong>er</strong></span> <span class='ocrx_word' id='word_1_520' title='bbox 1071 3425 1149 3481; x_wconf 91' lang='lat' dir='ltr'><strong>omui</strong></span> <span class='ocrx_word' id='word_1_521' title='bbox 1159 3429 1312 3505; x_wconf 80' lang='lat' dir='ltr'><strong>partecon-</strong></span> 
     </span>
     <span class='ocr_line' id='line_1_97' title="bbox 724 3495 1312 3571; baseline -0.015 -12"><span class='ocrx_word' id='word_1_522' title='bbox 724 3495 1312 3571; x_wconf 81' lang='lat' dir='ltr'><strong>siderat,contraomniavitiaerejusrmi-</strong></span> 
     </span>
     <span class='ocr_line' id='line_1_98' title="bbox 724 3572 1311 3642; baseline -0.014 -12"><span class='ocrx_word' id='word_1_523' title='bbox 724 3573 845 3642; x_wconf 89' lang='lat' dir='ltr'><strong>tatione,</strong></span> <span class='ocrx_word' id='word_1_524' title='bbox 880 3572 1000 3628; x_wconf 89' lang='lat' dir='ltr'><strong>virtutes</strong></span> <span class='ocrx_word' id='word_1_525' title='bbox 1024 3573 1216 3641; x_wconf 84' lang='lat' dir='ltr'><strong>repugnantes</strong></span> <span class='ocrx_word' id='word_1_526' title='bbox 1241 3583 1311 3623; x_wconf 89' lang='lat' dir='ltr'><strong>con-</strong></span> 
     </span>
     <span class='ocr_line' id='line_1_99' title="bbox 722 3638 1312 3719; baseline -0.012 -16"><span class='ocrx_word' id='word_1_527' title='bbox 722 3648 850 3719; x_wconf 79' lang='lat' dir='ltr'><strong>gregat:</strong></span> <span class='ocrx_word' id='word_1_528' title='bbox 878 3660 912 3700; x_wconf 83' lang='lat' dir='ltr'><strong>ex</strong></span> <span class='ocrx_word' id='word_1_529' title='bbox 939 3643 1041 3715; x_wconf 89' lang='lat' dir='ltr'><strong>quibus</strong></span> <span class='ocrx_word' id='word_1_530' title='bbox 1066 3640 1118 3697; x_wconf 92' lang='lat' dir='ltr'><strong>sibi</strong></span> <span class='ocrx_word' id='word_1_531' title='bbox 1145 3638 1312 3696; x_wconf 80' lang='lat' dir='ltr'><strong>fasciculum</strong></span> 
     </span>
     <span class='ocr_line' id='line_1_100' title="bbox 723 3712 1311 3789; baseline -0.012 -16"><span class='ocrx_word' id='word_1_532' title='bbox 723 3723 811 3789; x_wconf 87' lang='lat' dir='ltr'><strong>aptat,</strong></span> <span class='ocrx_word' id='word_1_533' title='bbox 832 3732 888 3787; x_wconf 92' lang='lat' dir='ltr'><strong>quo</strong></span> <span class='ocrx_word' id='word_1_534' title='bbox 912 3713 1006 3771; x_wconf 91' lang='lat' dir='ltr'><strong>carnis</strong></span> <span class='ocrx_word' id='word_1_535' title='bbox 1027 3728 1084 3769; x_wconf 84' lang='lat' dir='ltr'><strong>suae</strong></span> <span class='ocrx_word' id='word_1_536' title='bbox 1108 3712 1311 3784; x_wconf 89' lang='lat' dir='ltr'><strong>sempiternam</strong></span> 
     </span>
     <span class='ocr_line' id='line_1_101' title="bbox 722 3782 1312 3860; baseline -0.01 -16"><span class='ocrx_word' id='word_1_537' title='bbox 722 3786 903 3860; x_wconf 88' lang='lat' dir='ltr'><strong>putredinem</strong></span> <span class='ocrx_word' id='word_1_538' title='bbox 925 3788 1079 3856; x_wconf 77' lang='lat' dir='ltr'><strong>abstergat.</strong></span> <span class='ocrx_word' id='word_1_539' title='bbox 1095 3805 1109 3834; x_wconf 75' lang='lat' dir='ltr'><strong>o</strong></span> <span class='ocrx_word' id='word_1_540' title='bbox 1127 3784 1205 3840; x_wconf 89' lang='lat' dir='ltr'><strong>Unde</strong></span> <span class='ocrx_word' id='word_1_541' title='bbox 1224 3782 1312 3839; x_wconf 90' lang='lat' dir='ltr'><strong>etiam</strong></span> 
     </span>
     <span class='ocr_line' id='line_1_102' title="bbox 723 3855 1312 3928; baseline -0.01 -12"><span class='ocrx_word' id='word_1_542' title='bbox 723 3862 920 3928; x_wconf 78' lang='lat' dir='ltr'><strong>Aupusttnus:</strong></span> <span class='ocrx_word' id='word_1_543' title='bbox 945 3880 959 3909; x_wconf 90' lang='lat'>«</span> <span class='ocrx_word' id='word_1_544' title='bbox 975 3857 1043 3914; x_wconf 93' lang='lat' dir='ltr'><strong>Cum</strong></span> <span class='ocrx_word' id='word_1_545' title='bbox 1067 3855 1200 3912; x_wconf 89' lang='lat' dir='ltr'><strong>omnibus</strong></span> <span class='ocrx_word' id='word_1_546' title='bbox 1219 3855 1312 3911; x_wconf 91' lang='lat' dir='ltr'><strong>modis</strong></span> 
     </span>
     <span class='ocr_line' id='line_1_103' title="bbox 724 3927 1312 3998; baseline -0.01 -11"><span class='ocrx_word' id='word_1_547' title='bbox 724 3931 872 3988; x_wconf 86' lang='lat' dir='ltr'><strong>medeatur</strong></span> <span class='ocrx_word' id='word_1_548' title='bbox 880 3927 984 3985; x_wconf 88' lang='lat' dir='ltr'><strong>animis</strong></span> <span class='ocrx_word' id='word_1_549' title='bbox 996 3930 1080 3995; x_wconf 87' lang='lat' dir='ltr'><strong>Ueus,</strong></span> <span class='ocrx_word' id='word_1_550' title='bbox 1089 3943 1140 3998; x_wconf 93' lang='lat' dir='ltr'><strong>pro</strong></span> <span class='ocrx_word' id='word_1_551' title='bbox 1151 3932 1312 3998; x_wconf 87' lang='lat' dir='ltr'><strong>temporum</strong></span> 
     </span>
     <span class='ocr_line' id='line_1_104' title="bbox 723 3997 1313 4126; baseline -0.01 -68"><span class='ocrx_word' id='word_1_552' title='bbox 723 4000 994 4086; x_wconf 87' lang='lat' dir='ltr'><strong>opportunitatibus,</strong></span> <span class='ocrx_word' id='word_1_553' title='bbox 1006 4015 1069 4071; x_wconf 84' lang='lat' dir='ltr'><strong>quae</strong></span> <span class='ocrx_word' id='word_1_554' title='bbox 1085 3998 1157 4054; x_wconf 91' lang='lat' dir='ltr'><strong>mira</strong></span> <span class='ocrx_word' id='word_1_555' title='bbox 1171 3997 1313 4126; x_wconf 58' lang='lat' dir='ltr'><strong>sapientia</strong></span> 
     </span>
     <span class='ocr_line' id='line_1_105' title="bbox 723 4069 1312 4147; baseline -0.014 -16"><span class='ocrx_word' id='word_1_556' title='bbox 723 4090 785 4147; x_wconf 71' lang='lat' dir='ltr'><strong>ejus</strong></span> <span class='ocrx_word' id='word_1_557' title='bbox 803 4072 990 4140; x_wconf 88' lang='lat' dir='ltr'><strong>ordinantur;</strong></span> <span class='ocrx_word' id='word_1_558' title='bbox 1008 4070 1188 4127; x_wconf 91' lang='lat' dir='ltr'><strong>nullomodo</strong></span> <span class='ocrx_word' id='word_1_559' title='bbox 1223 4069 1312 4126; x_wconf 88' lang='lat' dir='ltr'><strong>cueli-</strong></span> 
     </span>
     <span class='ocr_line' id='line_1_106' title="bbox 723 4143 1312 4213; baseline -0.012 -11"><span class='ocrx_word' id='word_1_560' title='bbox 723 4144 833 4203; x_wconf 90' lang='lat' dir='ltr'><strong>centius</strong></span> <span class='ocrx_word' id='word_1_561' title='bbox 864 4143 1018 4201; x_wconf 83' lang='lat' dir='ltr'><strong>consuluit·</strong></span> <span class='ocrx_word' id='word_1_562' title='bbox 1034 4143 1132 4213; x_wconf 84' lang='lat' dir='ltr'><strong>generi</strong></span> <span class='ocrx_word' id='word_1_563' title='bbox 1162 4143 1312 4204; x_wconf 88' lang='lat' dir='ltr'><strong>humano,</strong></span> 
     </span>
     <span class='ocr_line' id='line_1_107' title="bbox 723 4210 1311 4289; baseline -0.022 -14"><span class='ocrx_word' id='word_1_564' title='bbox 723 4234 809 4289; x_wconf 86' lang='lat' dir='ltr'><strong>quam</strong></span> <span class='ocrx_word' id='word_1_565' title='bbox 822 4231 888 4273; x_wconf 91' lang='lat' dir='ltr'><strong>cum</strong></span> <span class='ocrx_word' id='word_1_566' title='bbox 903 4215 965 4288; x_wconf 88' lang='lat' dir='ltr'><strong>ipsa</strong></span> <span class='ocrx_word' id='word_1_567' title='bbox 979 4213 1029 4271; x_wconf 88' lang='lat' dir='ltr'><strong>Dei</strong></span> <span class='ocrx_word' id='word_1_568' title='bbox 1044 4212 1195 4285; x_wconf 86' lang='lat' dir='ltr'><strong>sapientia,</strong></span> <span class='ocrx_word' id='word_1_569' title='bbox 1213 4210 1242 4267; x_wconf 89' lang='lat' dir='ltr'><strong>id</strong></span> <span class='ocrx_word' id='word_1_570' title='bbox 1258 4215 1311 4288; x_wconf 74' lang='lat' dir='ltr'><strong>est,</strong></span> 
     </span>
     <span class='ocr_line' id='line_1_108' title="bbox 723 4282 1311 4358; baseline -0.024 -12"><span class='ocrx_word' id='word_1_571' title='bbox 723 4289 810 4346; x_wconf 86' lang='lat' dir='ltr'><strong>Filius</strong></span> <span class='ocrx_word' id='word_1_572' title='bbox 839 4287 948 4356; x_wconf 88' lang='lat' dir='ltr'><strong>unicus,</strong></span> <span class='ocrx_word' id='word_1_573' title='bbox 961 4282 1210 4342; x_wconf 88' lang='lat' dir='ltr'><strong>consubstantialis</strong></span> <span class='ocrx_word' id='word_1_574' title='bbox 1235 4282 1311 4358; x_wconf 79' lang='lat' dir='ltr'><strong>Patri</strong></span> 
     </span>
     <span class='ocr_line' id='line_1_109' title="bbox 722 4353 1345 4427; baseline -0.019 -10"><span class='ocrx_word' id='word_1_575' title='bbox 722 4365 751 4418; x_wconf 89' lang='lat' dir='ltr'><strong>et</strong></span> <span class='ocrx_word' id='word_1_576' title='bbox 766 4363 934 4426; x_wconf 75' lang='lat' dir='ltr'><strong>coaeternus,</strong></span> <span class='ocrx_word' id='word_1_577' title='bbox 946 4362 1037 4427; x_wconf 81' lang='lat' dir='ltr'><strong>totum</strong></span> <span class='ocrx_word' id='word_1_578' title='bbox 1057 4353 1203 4412; x_wconf 93' lang='lat' dir='ltr'><strong>hominem</strong></span> <span class='ocrx_word' id='word_1_579' title='bbox 1221 4364 1312 4408; x_wconf 85' lang='lat' dir='ltr'><strong>suscr-</strong></span> <span class='ocrx_word' id='word_1_580' title='bbox 1342 4398 1345 4405; x_wconf 91' lang='lat'><em>.</em></span> 
     </span>
    </p>
   </div>
   <div class='ocr_carea' id='block_1_7' title="bbox 0 0 1400 4912">
    <p class='ocr_par' dir='ltr' id='par_1_9' title="bbox 0 0 1400 4912">
     <span class='ocr_line' id='line_1_110' title="bbox 0 0 1400 4912; baseline 0 3"><span class='ocrx_word' id='word_1_581' title='bbox 0 0 1400 4912; x_wconf 95' lang='lat' dir='ltr'><strong> </strong></span> 
     </span>
    </p>
   </div>
  </div>
 </body>
</html>
