2790 4912
66 112 111 171 tet
442 108 555 164 butun
581 109 697 165 riuus
725 110 827 167 CAPUT
853 111 917 166 xlx

61 215 207 275 enarravit
234 215 353 288 quidde
374 211 522 273 Trinitatis
543 215 653 273 unitate
706 214 862 287 piationem
879 217 1104 289 properandum,
1121 219 1206 293 quibus
1218 238 1250 281 a,
1297 182 1328 256 -e

60 289 254 359 sentiendum,
263 286 386 360 qualiter
400 287 438 344 ad
451 287 514 360 ejus
528 290 655 345 contem·-
707 287 783 345 tibus
797 286 836 345 sit
849 288 1085 361 perveniendum.
1101 312 1116 343 »ι
1314 292 1318 301 ·

613 477 743 536 ORATIO

96 639 215 698 Domine
236 640 304 694 Jesu
328 636 449 707 Christe,
470 635 521 696 Fili
538 635 586 694 Dei
601 635 669 706 riri,
683 634 730 707 qui
746 651 777 694 es
792 635 840 693 lux
852 651 931 705 vera,
946 653 1009 709 qua
1022 637 1164 698 illuminat
1176 651 1275 701 omnem
1336 650 1362 691 ³⁶
1381 649 1385 686 :

58 711 205 781 hominem
222 709 383 767 venientem
399 708 428 765 in
447 711 522 767 hunc
537 708 684 777 mundum,
702 723 755 778 ego
775 707 863 765 miser
879 708 927 780 qui
946 710 1077 767 tenebris
1093 711 1187 769 densis
1202 713 1275 771 oblu-
1353 723 1378 763 ζ

61 798 136 849 scor,
152 788 179 838 te
193 782 293 851 adoro,
309 781 467 852 deprecans
487 778 712 837 misericordiam
727 783 816 848 tuam,
831 783 863 837 ut
881 779 1008 837 animam
1027 797 1123 839 meam
1140 782 1282 851 illumines.
1353 814 1385 825 ·-

59 859 184 911 mentem
200 852 346 921 informes,
362 851 550 925 cogitationes
569 851 715 921 disponas,
730 866 832 908 sensus
850 866 1018 925 componas,
1039 868 1183 912 sermones
1195 860 1220 912 et
1229 870 1283 913 ae·

61 930 107 982 tus
122 924 239 995 dirigas,
256 929 397 996 quatenus
411 922 570 995 iniquitatis
582 928 681 978 auctor
696 927 725 979 et
737 922 919 980 tenebrarum
938 931 1050 981 amator
1068 942 1127 983 non
1140 941 1183 983 me
1195 926 1285 985 surri-
1337 952 1341 957 ·
1367 945 1385 983 .:

59 994 130 1069 piat,
145 1014 196 1054 nee
211 1000 239 1053 ln
253 1012 298 1054 me
313 995 426 1122 signum
440 1011 522 1052 snum
536 996 673 1066 reperiat3
687 994 737 1051 sed
753 993 907 1051 verissimae
920 994 992 1053 lucis
1004 995 1115 1123 loliiore
1129 1012 1294 1127 piscosus.
1367 1020 1376 1031 ·

1066 1067 1127 1126 ucis
1164 1072 1303 1128 uelem
1373 1093 1385 1130 ·,·.

60 1069 159 1141 procul
174 1085 191 1125 a
205 1085 251 1124 me
265 1084 330 1124 rece
351 1072 390 1137 at,
405 1071 447 1137 ut,
461 1083 514 1139 per
529 1066 636 1122 claram
652 1070 679 1121 et
694 1071 800 1123 rectam
816 1065 946 1124 semitam
958 1067 996 1124 ad
1011 1072 1038 1124 te

60 1139 192 1210 tendens,
206 1140 242 1197 ad
257 1144 336 1195 tuam
350 1138 473 1212 gloriam
485 1137 650 1211 perveniam
663 1136 878 1211 sempiternam.
896 1140 996 1196 Amen.

553 1499 690 1572 CAPUT
717 1499 796 1571 XIX

58 1748 97 1795 ΒΕ
110 1749 148 1796 ΕΟ
161 1749 240 1803 QUOD
254 1748 385 1795 tutunus
399 1748 566 1794 GONFESSUS
582 1747 638 1793 EST
652 1747 685 1792 SE
701 1746 761 1793 uolt
785 1747 857 1793 ESSE
873 1744 1034 1806 cuttlsnuu,
1054 1746 1110 1792 SED
1127 1745 1195 1793 utus
1205 1733 1335 1791 ΗΞ·

490 1828 646 1875 GURSOREH
658 1829 697 1873 uu
715 1828 863 1875 NUNTIUH.

189 1977 287 2034 Mattlr.
304 1993 365 2051 cap.
382 1979 430 2046 111,
447 1976 533 2035 Marci
548 1993 609 2049 cap.
625 1980 647 2047 l,
661 1979 744 2036 Lucae
759 1994 822 2052 cap.
838 1980 875 2037 lll
891 1983 920 2037 et
932 1978 1050 2037 Joannis
1063 1994 1128 2052 cap.
1147 1978 1170 2036 1.

98 2226 108 2262 1
127 2203 258 2270 Qurruon
271 2217 442 2265 punsrrorsns
457 2218 578 2257 curnrsnr
604 2219 649 2257 rs·
703 2202 818 2261 cuilibet
832 2218 895 2259 esse
909 2201 1189 2271 movendeS,scilicel
1199 2197 1283 2273 :qui-
1292 2173 1350 2267 ,³¹

58 2292 170 2331 cresum.
183 2305 218 2315 -
228 2272 367 2331 Omnibus
377 2277 475 2329 autem
485 2273 649 2330 existiman·
703 2273 740 2330 sit
754 2275 789 2330 in·
800 2279 913 2342 natura,
928 2273 996 2346 quid
1009 2272 1038 2330 in
1051 2288 1185 2346 persona,
1192 2267 1264 2352 quall-
1287 2262 1349 2315 ³¹

58 2347 146 2415 tibus,
162 2350 191 2403 et
214 2344 405 2418 cogitantibus
426 2344 456 2400 in
478 2344 564 2401 corde
583 2361 646 2414 suo,
702 2344 732 2401 in
748 2346 851 2415 iorma,
867 2349 990 2417 quantus
1009 2343 1039 2400 in
1063 2349 1188 2414 statura;
1205 2356 1265 2423 pne
1279 2334 1349 2388 Α

59 2417 96 2475 de
109 2421 232 2483 Joaune,
246 2435 281 2475 ne
298 2418 370 2473 sorte
384 2421 460 2472 esset
475 2415 603 2473 Christus
618 2415 647 2472 in
702 2433 771 2489 orgo
784 2417 820 2473 de
835 2416 917 2473 biste
927 2417 1019 2489 ipsum
1034 2415 1225 2489 interrogant
1236 2428 1257 2469 u
1339 2421 1347 2435 ·

59 2490 134 2562 Lego
148 2489 306 2561 promissus
323 2507 329 2544 :
346 2493 406 2544 turn
423 2493 540 2559 propter
560 2487 646 2544 mira·
701 2489 771 2545 deas
783 2487 851 2558 quid
865 2487 1053 2559 interroganti
1063 2489 1122 2544 Deo
1136 2482 1346 2561 possiem-4·

58 2560 145 2619 bilem
158 2564 219 2634 ejus
235 2568 403 2631 conceptum
418 2565 447 2615 et
461 2563 556 2616 ortum
566 2577 573 2627 ;
585 2565 646 2616 tum
702 2559 853 2631 spondere.
868 2591 903 2601 -
916 2558 1011 2615 Prima
1023 2575 1092 2685 erfo
1102 2557 1217 2631 quaestio
1227 2556 1329 2613 eth-‘5
1336 2578 1342 2607 ι

58 2639 177 2704 propter
200 2638 306 2687 sanclae
322 2631 386 2686 vilae
408 2631 471 2702 ejus
497 2631 644 2701 meritum3
701 2630 764 2703 quis
780 2630 820 2687 sis
835 2630 864 2687 in
891 2633 1042 2688 naturali
1086 2631 1143 2688 hoc
1157 2614 1341 2687 ennead

58 2707 120 2758 tum
142 2707 259 2773 proptor
278 2701 415 2758 doctrine
440 2703 502 2773 ojus
521 2704 645 2773 pruden·
701 2701 860 2773 responsio.
877 2704 913 2759 Es
937 2701 1013 2759 enim
1037 2703 1125 2758 bomo
1150 2696 1336 2758 tration&

57 2772 127 2830 tiam
139 2773 284 2828 elimacem
295 2791 301 2838 ;
312 2778 371 2827 tum
382 2774 644 2853 propterbaptismi
701 2773 828 2846 eorporis
852 2779 938 2842 terra,
957 2779 987 2830 ut
1004 2772 1166 2830 humilieris
1185 2773 1332 2853 enuit*

57 2844 351 2923 novitatem-iudai,
380 2841 410 2896 rd
430 2847 471 2897 et
494 2844 642 2913 Pharisaei,
700 2844 881 2918 superbiam3
903 2861 933 2901 es
952 2843 1181 2902 rationeonimae
1197 2856 1328 2923 ψ’

56 2913 401 2984 auditaopmrone,quam
419 2913 503 2968 turba
517 2915 643 2971 babebat
699 2921 755 2986 tus,
772 2920 802 2972 ut
816 2932 929 2972 sursum
944 2915 1057 2974 coneris
1073 2923 1174 2974 contra
1190 2926 1309 2973 arun*

55 2985 91 3043 de
109 2988 231 3053 ioanne,
248 2983 317 3040 moti
344 2988 445 3040 contre
470 2999 546 3053 enm,
564 2988 641 3056 quod
698 2986 766 3044 tiam
779 3005 786 3055 ;
800 3002 832 3043 es
844 2987 955 3045 ratione
967 2988 1065 3051 homo,
1080 2988 1109 3044 id
1122 2992 1168 3045 est
1178 2974 1294 3044 anim!

55 3056 110 3116 sibi
122 3056 285 3130 baptizandi
298 3055 434 3137 oillcium,
450 3061 554 3126 praeler
568 3058 642 3113 ordi·
698 3059 850 3127 rationale,
867 3064 896 3115 ut
911 3058 1122 3116 rationabiliter
1135 3069 1287 3134 convexaq-
1383 3114 1385 3119 ⁴

56 3145 123 3188 nem
152 3127 245 3201 Legis,
264 3133 294 3184 et
317 3127 501 3183 traditionem
530 3144 640 3198 eorum,
697 3129 736 3186 ris
752 3136 850 3186 contra
863 3129 1013 3187 luxuriam.
1027 3126 1289 3203 uecergoqomt
1378 3187 1381 3197 ¹

55 3201 256 3274 assumpsisset
274 3198 409 3268 indebite,
433 3203 462 3255 et
480 3198 641 3258 dubitantes
696 3206 756 3258 ate
773 3203 847 3258 Deus
873 3219 881 3257 ι
904 3205 943 3258 Ta
958 3205 1022 3272 quis
1039 3203 1129 3259 es?0
1153 3197 1275 3284 superbla
1371 3220 1385 3283 j

54 3290 92 3332 an
107 3274 225 3331 Messias
237 3274 324 3339 esset,
339 3274 474 3327 miseeret
490 3271 525 3326 ab
536 3274 640 3329 deroso·
696 3272 883 3342 denaturasti,
893 3289 987 3330 nones
996 3279 1074 3330 terra
1081 3272 1268 3333 tetrumrurrr.
1367 3292 1385 3357 g

55 3348 138 3415 lpmr's
150 3347 186 3401 ad
199 3347 351 3411 loannem,
364 3343 399 3398 de
409 3342 497 3413 stirpe
511 3345 640 3399 sacerdo·
695 3343 745 3400 sed
752 3350 839 3401 aerte
849 3344 976 3401 exaltans
987 3362 994 3411 ;
1004 3361 1062 3401 non
1077 3343 1195 3417 spiritus
1205 3352 1269 3415 qud·
1363 3362 1384 3417 ;

53 3414 103 3473 tali
119 3416 296 3482 existentem,
312 3415 505 3472 Sacerdoteset
518 3416 637 3480 Levites,
694 3430 760 3471 rens
771 3413 940 3488 spiritualia,
950 3416 1001 3473 sed
1015 3431 1084 3473 caro
1094 3416 1263 3488 sapienster·
1364 3434 1385 3444 -

52 3485 82 3542 in
106 3487 181 3558 Lege
202 3485 356 3557 sopientes,
378 3491 409 3540 ut
436 3488 639 3556 interrogarent
694 3502 779 3553 rena;
797 3503 854 3543 non
872 3488 957 3544 homo
975 3486 1088 3545 ratione
1114 3492 1208 3555 ulans,
1223 3474 1261 3539 sei

52 3573 114 3613 eum
136 3563 166 3612 tu
181 3561 244 3627 quio
254 3561 300 3613 es?
313 3562 341 3613 et
350 3561 479 3629 peterent
492 3573 581 3627 quare
591 3559 639 3614 ba·
693 3557 784 3614 bestia
797 3558 948 3616 brutaliter
963 3558 1070 3615 virens.
1085 3590 1122 3601 -
1145 3550 1259 3616 Secundi
1362 3616 1385 3627 ,-

51 3627 194 3700 plizaret:
218 3629 367 3700 Sapientes
386 3633 481 3684 tamen
497 3632 526 3683 et
535 3628 636 3685 seribae
692 3629 811 3699 questio
831 3635 884 3699 est,
904 3629 967 3702 quis
986 3628 1025 3686 sis
1038 3629 1066 3685 in
1090 3620 1260 3703 personnel
1359 3630 1385 3703 ξ,-

50 3697 123 3755 scire
142 3703 275 3769 poterant
293 3715 358 3755 eum
384 3714 442 3755 non
468 3714 531 3755 esse
557 3700 636 3757 Chri·
691 3699 746 3756 hoc
786 3708 908 3759 uaerelur
926 3717 944 3758 a
963 3707 1001 3771 le,
1019 3700 1261 3774 quandopulsur
1361 3702 1376 3765 ’,

49 3774 137 3850 stum,
165 3770 232 3841 quia
251 3770 380 3827 Christus
401 3769 558 3841 promissus
583 3770 636 3827 snit
690 3771 731 3827 ris
746 3716 783 3828 aa
794 3773 925 3845 januam,
942 3773 1064 3829 dicens:
1086 3768 1259 3839 domusque
1363 3826 1378 3843 ‚

50 3855 83 3896 ex
98 3842 174 3897 tribu
188 3843 202 3896 J
207 3841 273 3909 uda;
286 3844 413 3899 loannes
426 3848 523 3899 autem
538 3842 591 3898 luit
601 3859 636 3898 en·
690 3845 772 3908 mine,
787 3848 866 3915 aperi
879 3846 967 3901 nobis.
981 3846 1015 3900 El
1029 3844 1104 3900 torte
1119 3836 1258 3921 respond?
1363 3856 1385 3864 ·

49 3910 125 3969 tribu
142 3913 216 3968 Levi.
235 3913 339 3968 loanni
357 3912 386 3967 in
411 3919 492 3970 utero
507 3913 635 3970 sanctifi·
690 3913 733 3970 bis
748 3934 757 3970 .·
774 3915 950 3973 Christianus
964 3931 1042 3984 sum;
1069 3915 1134 3985 sed,
1150 3919 1182 3972 ut
1206 3904 1259 3986 diet
1365 3965 1385 3991 ,

47 3988 122 4063 cato,
147 3986 275 4039 movetur
298 3982 418 4053 questio
437 3983 500 4054 quis
515 3985 570 4053 sil;
588 4002 633 4042 re·
688 3986 862 4050 Ambrosius.
878 3988 1059 4044 mendacium
1079 3992 1136 4056 est,
1148 4001 1179 4043 se
1193 3984 1258 4042 Cim·

47 4058 124 4112 uone
137 4055 230 4127 cujus,
241 4060 309 4110 nota
326 4060 447 4125 quatuor
461 4056 632 4127 questiones
687 4056 813 4116 silanum
827 4058 934 4128 dicere,
950 4065 977 4117 et
992 4073 1081 4132 opera
1095 4055 1200 4117 Christi
1212 4059 1258 4112 nul
