2790 4912
109 260 143 312 'll
504 259 615 313 intua
641 259 760 315 Pluris
787 256 892 311 CAPUT
920 256 957 310 tx

112 371 213 424 contra
231 366 442 422 immundorum
461 364 611 437 spirituum
633 363 703 422 insi·

112 437 177 494 dias
191 453 305 494 servaro
320 435 477 492 contendit.

153 514 184 576 ii
204 511 316 565 hinnis
334 525 464 563 conesms
484 525 646 564 concensus.
667 538 702 549 -

114 581 160 643 nt,
176 595 240 636 cum
261 584 388 650 pastores
411 578 446 634 de
465 577 533 635 visis
552 584 580 635 et
598 577 703 635 auditis

114 649 298 717 mirarentur,
314 665 349 706 ne
366 648 448 706 unius
463 649 562 720 Angeli
576 654 605 705 et
620 648 703 706 testis

114 720 270 778 auctoritas
284 736 371 803 parva
385 720 539 789 videretur,
553 735 606 791 pro
619 720 701 791 signo

115 797 145 848 et
163 792 313 848 concordia
332 789 497 860 testimonii,
514 793 606 848 sabito
624 795 702 860 tacto

112 866 156 919 cst
169 879 230 919 cum
244 865 359 932 Angeia,
374 863 421 934 qui
436 869 582 934 tamquam
597 862 701 935 princi·

117 932 190 1006 palis
217 933 292 990 inter
320 934 391 990 alios
418 934 598 990 nuntiaverat
627 935 701 990 nati·

116 1003 233 1061 vitatem
269 1004 397 1073 Christi,
421 1006 569 1061 multitudo
594 1007 704 1061 militia

117 1077 243 1139 celestis,
260 1075 288 1131 id
308 1081 361 1142 est,
378 1075 562 1146 Angelorum,
582 1075 629 1147 qui
651 1091 703 1132 no·

117 1146 194 1204 mine
213 1147 320 1204 militiae
344 1147 541 1218 designantur,
564 1147 630 1218 quia
651 1162 703 1218 pro

117 1217 209 1275 salute
251 1218 396 1275 hominum
427 1235 490 1274 cum
526 1218 704 1275 damonibus

117 1288 292 1361 praeliantur.
315 1289 375 1359 Vel,
392 1289 459 1360 quia
480 1295 621 1347 natusest
645 1291 703 1345 Rex

117 1359 251 1429 coelestis,
269 1361 332 1418 ideo
353 1361 564 1418 multitudinem
583 1361 703 1427 Angelo

118 1446 181 1487 rum
201 1432 317 1488 nomine
343 1431 451 1489 militia
474 1433 618 1505 designat;
635 1431 703 1503 quia

117 1518 185 1558 vero
204 1503 259 1559 dux
274 1503 309 1560 ad
324 1503 454 1574 praelium
470 1508 619 1569 natusest,
637 1502 702 1558 ideo

114 1588 182 1643 eam
200 1575 354 1630 secundum
378 1575 463 1631 aliam
483 1575 608 1630 litteram
626 1589 703 1629 exer-

117 1644 206 1701 citum
236 1646 377 1716 appellat3
404 1646 578 1700 laudantium
606 1648 700 1707 Deum,

117 1729 245 1771 consona
265 1731 345 1782 vore,
360 1714 396 1772 de
418 1715 522 1772 Christi
543 1714 700 1783 nativitate,

116 1800 153 1842 eo
170 1785 246 1856 quod
260 1801 312 1857 per
326 1784 417 1857 ipsam
431 1786 558 1843 sciebant
572 1787 702 1842 homines

119 1854 155 1912 ad
171 1855 290 1912 salutem
310 1856 421 1925 deduci,
436 1863 465 1913 at
481 1857 593 1913 ruinam
612 1860 702 1926 Ange

120 1926 214 1982 lorum
231 1927 377 1997 reparari;
393 1934 418 1984 et
441 1927 471 1984 in
491 1930 631 1985 honorem
651 1927 700 1984 Dei

117 2012 176 2055 uua
192 1997 391 2054 benedictione
417 1999 566 2056 dicentium
582 2019 590 2055 :
606 2000 702 2056 Gloria

759 362 808 420 illa
828 378 882 434 pax
906 377 969 433 quae
989 361 1078 432 princi
1101 360 1186 418 aliter
1210 376 1263 433 per
1283 378 1346 436 pru·

758 433 1004 506 phetaspraedicta
1014 432 1066 515 luit
1079 377 1175 514 llrtura
1185 433 1215 489 in
1225 433 1345 493 adventu

759 505 874 573 Christi,
894 510 957 561 erat
979 519 1031 574 pan
1050 509 1172 560 interior
1193 505 1278 562 honae
1300 522 1344 562 vo·

757 575 889 643 luntatis;
904 574 971 647 quia
985 575 1142 631 secundum
1154 575 1233 646 qnod
1246 575 1345 634 dicitur

758 646 789 704 iu
811 646 973 703 Proverbiis
989 662 996 701 τ
1012 649 1071 705 ll'on
1094 647 1274 702 contristabit
1287 647 1343 718 ius·

757 724 826 784 tum,
845 719 987 789 quidquid
1008 719 1034 772 ci
1051 717 1208 787 acciderit3
1228 733 1283 789 pax
1298 734 1343 775 an·
1386 724 1389 737 '

758 796 816 846 tem
835 788 1011 860 temporalis,
1030 804 1094 860 quae
1109 788 1162 844 luit
1178 787 1208 844 in
1224 789 1343 847 adventu

759 859 885 928 Christi,
912 859 1020 931 pacatis
1052 859 1186 917 omnibus
1215 861 1343 931 gentibus

759 932 813 988 sub
841 930 962 1002 imperio
991 933 1141 998 Romano,
1170 930 1226 987 luit
1258 931 1343 1005 ligura

758 1003 844 1075 hujus
862 1001 940 1073 pacis
961 1000 1155 1073 principaliter
1169 1001 1299 1059 intentae.
1313 1004 1344 1058 Et

759 1073 834 1130 bene
849 1073 953 1130 dicitur
962 1071 1054 1145 gloria
1067 1074 1136 1141 Deo,
1149 1078 1179 1129 et
1192 1073 1342 1144 paxhomi·

759 1144 860 1209 nibns;
879 1144 946 1215 quia
968 1159 1018 1214 per
1036 1143 1180 1200 Christum
1200 1149 1245 1200 est
1266 1146 1344 1201 Pater

761 1215 946 1286 glorillcatus,
961 1221 991 1272 et
1004 1230 1057 1285 pax
1076 1215 1149 1271 lacta
1163 1214 1241 1272 inter
1258 1217 1343 1272 Deum

760 1285 1345 1356 ethominem,acinterAngelumethomi-

760 1374 837 1424 nem,
856 1364 885 1414 et
901 1357 975 1414 inter
993 1358 1123 1413 tudanum
1144 1362 1173 1412 et
1194 1356 1344 1415 Gentilem.

757 1430 959 1493 Laudomnste
969 1429 1150 1484 benedicimus
1160 1434 1195 1492 te,
1205 1433 1345 1499 etc.,quae

758 1506 915 1570 secuuntur
926 1502 953 1555 in
965 1501 1018 1556 hoc
1030 1499 1151 1567 cantico,
1162 1499 1291 1555 creditur
1302 1498 1347 1555 tti-

757 1569 846 1627 larius
861 1570 1022 1637 addidissc;
1039 1576 1067 1626 et
1086 1569 1254 1626 Anastasius
1270 1571 1348 1641 Papa

757 1642 900 1699 secundus
925 1640 1047 1698 institnit
1069 1641 1161 1712 ipsum
1186 1641 1298 1697 cantari
1317 1642 1348 1697 in

758 1713 846 1770 missa
873 1712 973 1770 diebus
1000 1711 1152 1769 Dominicis
1176 1718 1205 1769 et
1223 1711 1348 1780 festivis,

757 1784 824 1855 quia
839 1791 883 1840 est
895 1784 1037 1841 canticum
1048 1783 1155 1854 gaudii,
1163 1782 1349 1856 jubilationis

757 1860 786 1910 et
800 1855 1006 1912 exsultationis.

796 1933 826 1983 15
842 1928 967 1983 (isumus
985 1929 1109 1982 Dourmcr
1121 1943 1245 1982 narsum.
1257 1926 1350 1982 -De

757 1998 862 2070 gaudio
885 1999 969 2069 hujus
996 1996 1053 2052 diei
1072 1996 1140 2053 dicit
1164 1996 1351 2054 Cassiodorus

119 2070 151 2123 in
173 2069 321 2123 altissimis
343 2072 406 2134 Dco,
422 2070 451 2127 id
475 2075 529 2139 est,
553 2069 583 2126 ln
607 2069 700 2136 coelis;

757 2085 843 2140 super
870 2068 940 2125 illud
969 2067 1104 2124 Psalmi:
1131 2071 1194 2124 Hac
1220 2076 1264 2124 est
1287 2067 1350 2123 dies

119 2136 193 2220 quia·
203 2137 268 2195 licet
278 2140 437 2212 eiusgloria
449 2141 554 2213 ubique
567 2142 701 2209 reluceat,

757 2157 841 2209 quom
861 2142 928 2208 fecit
946 2143 1088 2195 Dominus.
1103 2160 1118 2190 c
1133 2138 1220 2207 Licet,
1239 2137 1349 2211 inquit,

119 2224 242 2266 maxime
270 2215 365 2267 tamen
395 2211 425 2268 in
455 2213 525 2269 coelo
551 2228 701 2285 empyreo,
758 2213 833 2267 Deus
853 2216 971 2267 cunctos
992 2210 1054 2266 dies
1076 2210 1225 2278 creaverit,
1247 2209 1350 2282 singu-

119 2279 169 2337 ubi
184 2287 228 2336 est
241 2281 412 2352 Angelorum
428 2287 457 2340 et
471 2286 637 2341 Sanctorum
654 2284 703 2339 ha·
758 2281 856 2338 lariter
870 2287 966 2338 tamen
985 2282 1062 2337 hunc
1080 2281 1155 2338 diem
1175 2280 1278 2338 iecisse
1301 2280 1351 2337 di·

121 2350 239 2420 bitatio;
268 2357 295 2408 et
324 2355 404 2424 quasi
422 2356 508 2424 dicat,
524 2354 553 2410 in
577 2354 661 2411 terris
685 2370 703 2410 a
757 2352 841 2421 citur,
858 2352 904 2423 qui
928 2352 1032 2409 Christi
1056 2351 1170 2409 Domini
1197 2351 1350 2408 nativitate

120 2422 218 2478 multis
241 2423 405 2495 despicitur,
427 2427 478 2484 sed
505 2426 535 2483 in
560 2425 639 2482 coelis
666 2425 702 2482 ab
758 2428 887 2480 sacratus
901 2430 954 2492 est,
969 2425 997 2479 in
1010 2440 1068 2495 quo
1087 2422 1188 2480 merito
1203 2423 1350 2480 exsultare

118 2495 252 2551 omnibus
262 2496 447 2566 glorificatur.
460 2501 496 2554 Et
510 2502 540 2553 in
555 2503 628 2553 terro
645 2513 703 2568 poa
758 2495 890 2552 convenit
915 2501 944 2551 et
970 2494 1071 2562 laetari,
1097 2493 1232 2566 quoniam
1257 2493 1289 2550 in
1312 2511 1350 2550 eo

121 2566 286 2631 hominihus,
310 2584 367 2624 non
388 2569 628 2640 quibuscumque,
653 2568 702 2624 scd
758 2566 888 2622 diabolus
902 2566 1035 2639 perdidit,
1049 2572 1077 2623 et
1092 2567 1212 2622 salutem
1223 2566 1350 2622 mundus

121 2635 196 2692 hona
210 2639 374 2702 uoluntatis,
390 2640 497 2697 scilicet
508 2640 549 2696 eis
564 2639 610 2711 qui
629 2641 704 2696 bona
757 2637 875 2708 accepit.
893 2657 907 2689 n
923 2639 957 2693 Et
972 2637 1141 2705 notandum,
1157 2636 1232 2709 quod
1247 2636 1348 2692 multi·

119 2707 264 2765 voluntate
275 2710 417 2766 Christum
429 2717 526 2767 natum
535 2710 701 2782 suscipiunt,
757 2708 826 2765 tudo
836 2708 1073 2779 coelestisAngelo
1084 2707 1226 2764 nuntianti
1236 2707 1349 2764 sociata

121 2792 179 2833 non
193 2786 419 2849 persequuntur:
433 2781 575 2837 nonenim
590 2788 631 2837 cst
644 2797 703 2851 poc
758 2784 811 2848 est,
828 2785 860 2835 ut
882 2778 1031 2836 multitudo
1053 2778 1210 2836 adveniens
1236 2777 1349 2835 dictum

119 2849 226 2917 impiis,
252 2850 301 2904 sed
324 2865 384 2919 poc
410 2853 500 2906 mutto
521 2853 704 2920 diligentibus
757 2849 858 2922 Angeli
880 2850 1074 2907 confirmaret.
1092 2850 1169 2906 Unde
1189 2849 1347 2906 secuudum

117 2917 204 2985 apem
216 2923 303 2980 tuom.
316 2920 444 2976 Domine.
456 2923 702 2990 Nam,secundum
757 2923 871 2989 Decium,
899 2937 956 2978 uno
986 2922 1200 2992 evangelizante
1223 2920 1346 2991 Angelo,

119 2990 234 3043 Leonem
250 2992 366 3060 Papam,
385 2991 545 3048 Christiano
562 3009 629 3050 vcra
650 3010 703 3065 pax
757 2992 908 3049 multitudo
925 2992 952 3047 in
968 3008 1123 3049 consonam
1144 2991 1256 3048 laudem
1276 3007 1347 3063 pro·

120 3061 173 3138 est,
187 3073 205 3113 a
219 3059 268 3115 Dei
282 3060 426 3118 voluntate
445 3078 502 3118 non
521 3062 617 3130 dividi,
631 3071 660 3120 et
674 3065 702 3121 in
757 3062 863 3134 rumpit
886 3063 1039 3133 Creatoris,
1059 3070 1088 3120 et
1113 3063 1238 3119 officium
1260 3077 1347 3119 suum

119 3128 164 3184 his
179 3129 247 3185 solis
264 3146 327 3212 quus
347 3132 395 3188 Dei
419 3139 484 3189 sunt
499 3134 643 3191 delectari.
659 3137 701 3192 Ad
757 3136 815 3190 Deo
830 3134 1007 3205 impendens,
1024 3141 1051 3191 et
1070 3150 1122 3190 nos
1143 3133 1271 3205 exemplo
1292 3149 1346 3189 suo

120 3200 208 3256 Deum
237 3217 341 3274 quippe
372 3219 471 3275 pacem
500 3206 626 3275 hahere,
660 3212 703 3263 est
756 3204 912 3273 instruens,
931 3211 961 3261 ut
982 3205 1094 3276 quoties
1112 3220 1223 3262 sacram
1246 3202 1346 3261 erudi·

118 3270 191 3328 velle
205 3273 280 3343 quod
291 3275 383 3344 jubet,
396 3281 425 3332 et
437 3276 512 3332 nolle
545 3277 703 3359 uodprohi·
757 3276 863 3332 tionem
889 3292 922 3332 ex
943 3276 1039 3333 fratris
1063 3292 1113 3333 ore
1136 3275 1278 3344 audimus,
1299 3275 1346 3331 vel

118 3341 183 3411 het3
203 3359 256 3416 pax
276 3362 343 3417 ergo
370 3346 518 3404 nuntiatur
560 3348 702 3406 ominibus
756 3347 810 3419 ipsi
825 3363 888 3418 quae
908 3346 1021 3418 pietatis
1038 3352 1114 3416 sunt,
1136 3347 1213 3403 intra
1231 3363 1284 3403 nos
1308 3346 1347 3403 ad

117 3412 201 3471 bonae
223 3415 387 3485 voluntatis,
412 3417 442 3474 id
465 3424 518 3487 est,
539 3419 702 3477 hominibus
756 3424 881 3474 mentem
910 3419 1089 3487 reducamus,
1110 3423 1138 3475 et
1166 3416 1262 3474 statim
1283 3419 1347 3474 Deo

117 3483 210 3565 bonis.
223 3487 277 3541 Per
290 3487 447 3544 bonitatem
461 3489 538 3546 enim
547 3490 702 3547 voluntatis
756 3489 854 3545 laudes
864 3489 960 3556 corde,
970 3496 1066 3556 ore,et
1078 3488 1344 3561 operereddamus;

115 3553 220 3635 dicitur
233 3556 319 3612 homo
339 3557 505 3630 simpliciter
520 3562 622 3630 honus,
638 3577 699 3618 ma·
756 3566 783 3616 et
793 3564 891 3631 aperte
906 3560 1107 3617 demonstrans
1119 3560 1197 3632 quod
1210 3559 1347 3630 perhanc

115 3638 160 3695 gis
178 3640 264 3706 quam
279 3642 331 3698 per
344 3629 500 3687 bonitatem
514 3631 635 3689 aliarum
649 3649 700 3704 po·
755 3631 932 3687 nativitatem
947 3632 1077 3688 homines
1092 3631 1128 3688 ad
1144 3646 1242 3703 pacem
1257 3630 1346 3687 unius

115 3698 268 3778 tenturum
307 3699 439 3782 animae':
466 3703 533 3773 quia
571 3703 701 3760 voluntas
754 3701 833 3769 fidei,
859 3702 930 3773 spei,
949 3709 977 3758 et
995 3701 1168 3770 dilectionis,
1191 3709 1277 3774 atque
1305 3702 1347 3759 ad

115 3772 211 3847 movet
230 3767 699 3849 alraspotentrasadactussuos,
753 3772 875 3844 gloriam
909 3773 1013 3830 divinae
1044 3772 1216 3831 laudationis
1245 3779 1347 3829 essent

113 3842 144 3892 et
157 3836 223 3893 ideo
244 3838 357 3918 bonitas
384 3842 446 3912 eius
471 3844 516 3900 vel
537 3843 647 3901 malitia
670 3844 719 3901 in'
752 3844 947 3901 convertendi.
964 3845 1072 3902 Deinde
1086 3844 1274 3901 ascendentes
1288 3845 1346 3900 An·

116 3921 215 3988 omnes
228 3906 298 3989 alias
309 3910 449 3968 redundat
463 3914 616 3985 potentias,
626 3914 700 3973 sicut
751 3915 808 3986 geli
823 3915 853 3971 in
870 3915 971 3972 coelum
987 3932 1051 3973 cum
1062 3915 1155 3988 jubilo
1166 3920 1194 3972 et
1209 3913 1343 3984 canticis,

115 3978 368 4060 influentraocausae
379 3984 698 4044 moventisinmotisab
751 3986 1024 4044 nuntiaverunthaec
1034 3987 1167 4044 similiter
1177 3985 1344 4043 convicibus

116 4063 192 4119 ipsa;
205 4048 288 4106 malis
297 4057 394 4109 autem
405 4053 569 4112 hominibus
583 4063 698 4114 nonest
750 4056 819 4113 suis.
835 4060 906 4115 Tota
924 4057 1010 4129 igitur
1028 4074 1153 4131 superna
1167 4057 1247 4114 curia
1260 4057 1342 4114 erhi-

116 4133 181 4201 pax,
195 4120 328 4192 quianon
344 4129 386 4180 est
395 4140 457 4251 lm
471 4128 579 4197 impiis.
591 4130 630 4184 Er
642 4128 696 4186 hoc
749 4127 851 4200 larala,
867 4144 1029 4201 magnoque
1044 4131 1116 4187 sesto
1127 4130 1213 4198 iacto,
1227 4146 1262 4186 ac
1275 4129 1343 4185 lau*

114 4193 204 4251 etiam
223 4193 311 4251 verbo
324 4195 404 4267 Ange
416 4210 497 4252 orum
512 4201 600 4269 patet,
619 4199 696 4272 quod
749 4199 833 4257 dibus
858 4205 888 4257 et
910 4200 1068 4289 gratiarum
1093 4200 1253 4259 actionibus
1279 4202 1342 4257 Deo
