2790 4912
63 324 105 378 86-
453 322 562 376 inlitu
588 322 707 378 illitis
734 321 837 376 dirui
862 322 900 376 ill

67 432 216 559 Beccatum
234 426 271 485 ad
285 427 480 500 poenitentiam
495 429 655 487 revertitur.
712 427 834 558 sgiritus
855 426 1028 511 septiformis
1041 425 1072 483 in
1088 430 1199 498 septem
1211 423 1300 481 virtu·

94 514 149 557 anc
167 504 264 556 autem
287 500 531 558 circumcisionem
550 517 657 573 praece·
711 499 731 556 ii
754 515 788 556 us
801 498 1016 571 principalibus,
1032 512 1096 554 cum
1113 510 1302 569 perseuerau-

67 569 659 644 dereoportetoctospiritualesillumina-
712 571 752 629 tia
776 570 866 639 tlnali,
895 586 958 642 quae
983 574 1028 627 est
1052 573 1163 625 octava.
1183 568 1220 623 Et
1238 564 1305 638 quia

67 641 162 699 tiones
173 640 333 699 diuinarum
348 642 515 713 gratiarum,
531 659 594 714 quae
608 659 659 716 per
712 640 767 698 nisi
794 656 846 713 per
869 640 1012 699 Christum
1032 643 1150 713 peccata
1169 653 1231 694 nou
1254 636 1304 694 tol·

58 717 134 770 'octo
154 711 217 770 dies
230 711 438 795 intelliguntur,
458 720 487 771 et
503 715 544 771 sic
559 719 658 771 octavo
712 713 821 782 luntur,
836 712 897 784 ipse
911 717 954 770 est
971 711 1048 768 enini
1064 712 1164 780 donus
1176 710 1240 773 Dei.
1256 711 1302 779 oui

69 782 116 841 die
131 781 307 841 circumcisio
324 800 354 841 iii
368 785 465 842 anima
487 786 658 855 celebratur,
713 787 788 841 tollit
796 790 910 866 peccato
925 784 1043 849 mundi3
1057 781 1132 850 ideo,
1149 785 1182 837 ut
1195 780 1303 860 dictinii

69 853 203 925 videlicet
223 877 230 912 :
253 857 411 927 peccatoris
426 857 463 913 ad
483 859 571 914 Deum
591 873 659 914 con·
713 860 767 922 est,
779 854 955 913 circumcisio
967 853 1065 911 cultris
1074 852 1163 911 tiebat
1172 850 1304 924 petrinis,

69 925 175 995 versio,
199 928 306 998 peccati
324 927 493 999 recognitio,
514 928 659 996 contritio,
714 926 782 999 quia
807 931 888 999 petra
916 930 976 982 erut
1002 927 1137 984 Christus.
1166 924 1236 980 llaec
1257 920 1304 979 illa

70 995 210 1054 confessio
235 997 400 1068 satisfactio,
416 999 524 1071 peccati
540 1000 662 1057 detesta-
713 998 878 1056 Judaeoium
902 995 1079 1055 circumcisio
1101 993 1260 1067 signifieat,
1278 998 1304 1050 et

69 1066 121 1137 tio,
149 1066 179 1124 iu
207 1039 333 1150 futurum
358 1074 462 1143 cautio,
488 1076 517 1128 et
539 1076 661 1128 extunc
714 1071 776 1126 siue
802 1071 855 1126 hac
881 1067 1089 1151 significatione
1116 1065 1230 1149 inutilis
1252 1067 1302 1122 cst.

70 1143 171 1221 octayo
185 1146 314 1211 seqmtui
326 1140 405 1214 impii
416 1142 594 1215 iustificatim
605 1158 662 1214 qua
715 1143 748 1198 Et
764 1139 829 1197 ideo
849 1141 977 1198 Christus
1000 1139 1185 1196 circumcisus
1204 1140 1261 1205 est,
1276 1140 1303 1216 ut

124 1215 164 1267 tie
179 1210 348 1280 infunditur,
365 1219 394 1269 ct
407 1220 555 1285 peccatum
570 1214 662 1286 eipel·
715 1212 939 1269 circumcisionis
962 1210 1200 1282 significationem
1224 1206 1305 1265 nolus

76 1285 157 1364 'tura
172 1287 201 1338 et
214 1281 245 1337 iii
255 1281 372 1355 ipsadie
385 1289 496 1355 octava,
509 1284 618 1343 scilicet
631 1285 660 1342 in
715 1284 938 1341 commendaret.
964 1283 1042 1340 Sicut
1059 1280 1137 1338 enim
1157 1278 1245 1337 nobis
1264 1282 1304 1359 est

71 1352 276 1436 Justillcatione
304 1354 394 1427 impii,
415 1358 577 1415 celebratur
606 1357 661 1414 cir·
715 1358 809 1423 natus,
825 1355 908 1412 nobis
923 1354 1080 1426 baptizatus
1093 1359 1123 1409 et
1139 1365 1255 1432 passus,
1270 1353 1305 1406 ita

74 1426 209 1507 cumcisio
232 1424 262 1481 in
283 1425 380 1484 anima
397 1428 571 1501 poenitentis.
594 1430 662 1497 Quae
715 1433 743 1484 et
762 1425 855 1495 nuliis,
881 1424 1024 1494 nonsibi,
1045 1428 1088 1482 est
1111 1424 1303 1502 circumcisis}-

74 1495 190 1568 quidem
219 1497 394 1558 circumcisio
424 1517 481 1557 non
514 1505 557 1558 est
584 1501 662 1558 aliud
715 1498 898 1572 Spiritualem
921 1513 990 1568 ergo
1006 1494 1256 1552 circumcisionem
1270 1506 1305 1548 si·

72 1581 160 1696 fluam
171 1569 329 1639 amputatio
344 1569 563 1643 uitiorumque
576 1573 663 1629 habet
715 1572 878 1644 gnificatam
908 1585 960 1642 per
993 1567 1174 1639 corporalem
1201 1563 1305 1622 naban

95 1638 137 1720 eri
173 1638 203 1695 in
229 1641 343 1698 cultello
373 1641 555 1714 poenitentiae.
586 1642 662 1700 Sicut
716 1644 892 1710 studeamus,
906 1638 1027 1697 utillam
1041 1637 1306 1718 spiritualemque

74 1724 151 1766 enim
178 1710 207 1766 in
232 1712 448 1769 circumcisione
466 1713 607 1785 corporali
630 1713 663 1770 lit
713 1714 743 1772 in
762 1719 863 1772 octava
880 1710 1097 1769 resurrectionis
1116 1710 1144 1765 in
1164 1708 1251 1765 nobis
1268 1705 1306 1762 lu·

75 1779 232 1852 amputatio
258 1784 410 1853 superduae
436 1784 540 1854 carnis,
567 1786 607 1841 sic
634 1786 663 1840 in
716 1793 782 1844 tura
796 1789 850 1854 est,
868 1785 904 1841 ab
925 1782 1001 1840 omni
1017 1779 1203 1853 corruptione
1218 1775 1306 1849 culpe

74 1849 288 1933 circumcisione
301 1853 452 1925 spirituali,
466 1856 497 1911 ssl
507 1855 663 1928 amputatio
717 1863 746 1915 ot
769 1872 863 1929 pcenae
886 1853 1021 1926 consequi
1041 1866 1215 1933 mereamur.
1242 1850 1310 1906 rio

76 1927 211 1979 vitiorum
238 1930 266 1981 et
293 1930 485 1996 pcccatorum,
512 1943 576 1998 quae
602 1929 664 1984 sola
719 1931 815 2000 itaque
838 1931 949 1984 constat
966 1941 1027 1982 esse
1046 1923 1307 2001 circumcisiones:

77 1998 144 2074 suut
158 1993 267 2050 homini
288 1998 447 2068 superflum
469 1998 566 2055 omnia
587 1998 663 2055 enini
718 2015 775 2057 nna
801 2002 845 2054 est
868 2000 1088 2065 sacramentum,
1117 1992 1228 2051 scilicet
1255 2005 1309 2047 cir·

76 2062 135 2121 alia
162 2072 260 2148 creata
285 2066 315 2148 iii
339 2066 465 2138 homine,
493 2077 558 2126 sunt
583 2070 665 2126 valde
719 2068 854 2130 cumcisio
882 2084 944 2140 quae
971 2073 1013 2126 est
1037 2067 1066 2123 in
1088 2079 1226 2137 corpore3
1247 2062 1313 2145 duae

78 2135 165 2216 bona.
184 2138 218 2192 Et
232 2138 287 2193 nisi
306 2143 362 2194 ista
376 2139 551 2197 circumcisio
568 2141 619 2198 ssat
634 2140 665 2196 in
719 2158 787 2200 vero
802 2145 869 2198 suut
884 2156 930 2196 res
944 2139 1021 2196 illius
1036 2135 1220 2203 sacramenti,
1235 2132 1314 2191 vide-

79 2220 185 2274 anima,
206 2207 268 2290 ipsa
288 2215 329 2265 est
346 2209 406 2267 lilia
421 2212 598 2294 perditionis,
619 2228 664 2269 se-
718 2214 785 2270 licet
798 2210 975 2269 circumcisio
988 2226 1005 2267 a
1019 2215 1146 2283 peccato,
1162 2221 1230 2288 quae
1243 2220 1320 2287 qoo-

78 2277 201 2335 cuudum
233 2280 303 2337 illud
331 2281 449 2356 Genesis
478 2300 485 2338 :
513 2287 664 2348 Masculus,
719 2284 789 2342 tidie
807 2288 852 2341 est
872 2282 1027 2351 inanima,
1045 2297 1078 2338 ac
1097 2280 1279 2337 circumcisio
1295 2288 1324 2333 a

77 2348 158 2418 cicius
177 2355 311 2424 praeputi'i’
335 2370 399 2411 curo
426 2357 587 2412 circumciso
611 2372 666 2412 non
720 2359 836 2428 peccato
864 2360 891 2412 et
915 2354 951 2411 ab
979 2352 1057 2410 omui
1082 2366 1169 2425 poena
1185 2346 1323 2432 peccati.

75 2420 172 2502 [taem.
190 2422 327 2503 delebitur
338 2425 373 2481 de
386 2429 489 2498 populo
507 2443 565 2485 cuo.
583 2430 664 2496 Item,
721 2443 796 2499 quae,
815 2428 843 2482 in
857 2424 1076 2493 resurrectione,
1096 2421 1150 2480 erit
1169 2419 1257 2479 simul
1282 2431 1333 2474 in

76 2495 124 2549 isti
134 2498 199 2551 octo
211 2494 272 2553 dies
284 2501 353 2553 sunt
363 2504 427 2556 octo
442 2497 666 2557 illuminationes
722 2499 819 2555 anima
833 2504 862 2554 et
876 2496 907 2553 in
921 2512 1051 2570 corpore.

630 2675 759 2736 ORATIO

97 2817 136 2899 ‘0
149 2820 218 2876 Jesu
230 2822 364 2891 clemens,
379 2822 475 2893 quide
490 2822 607 2895 Virgine
617 2829 700 2881 natus
713 2823 766 2880 sub
782 2822 855 2893 Lege
867 2817 1032 2893 circumcidi
1044 2814 1171 2886 voluisti,
1187 2816 1377 2874 circum!

79 2887 152 2958 cide,
170 2890 239 2971 lesu
258 2890 431 2961 misericors,
452 2893 648 2965 cogitationes,
668 2896 755 2951 verba
777 2897 807 2950 et
825 2908 913 2964 opera
937 2890 1011 2947 serii
1037 2889 1089 2960 tui,
1108 2893 1140 2945 ut
1160 2887 1233 2944 niliil
1254 2892 1379 2946 taff

79 2958 219 3041 volontati
235 2962 410 3042 contrarium
426 2965 589 3035 cogitando,
610 2965 765 3037 loquendo,
786 2962 941 3035 operando,
958 2976 1112 3035 peragam3
1131 2963 1160 3015 ct
1178 2958 1208 3016 iii
1223 2957 1386 3017 sensi,

82 3030 134 3086 Dei
149 3035 186 3111 sit
204 3032 272 3087 milii
292 3032 442 3103 cogitatus,
465 3043 494 3090 et
508 3037 602 3092 omnis
620 3035 747 3092 narratio
769 3050 833 3091 mea
853 3036 881 3090 io
897 3032 1047 3105 praeceptis
1065 3028 1214 3100 Altissimi,
1230 3035 1261 3088 et
1280 3027 1387 3087 ina

83 3101 217 3172 operibus
240 3103 438 3162 mandatorum
459 3110 573 3163 tuorum
592 3105 753 3178 dirigantur
770 3121 870 3162 omncs
890 3110 970 3162 actus
988 3103 1054 3162 mei.
1075 3106 1157 3171 Ecce,
1177 3099 1392 3184 Domine,

82 3185 179 3228 coram
193 3180 221 3230 te
236 3181 319 3232 sunt:
335 3191 499 3246 cormeum,
511 3177 609 3251 lingua
621 3194 694 3247 mea,
710 3193 810 3234 sensus
823 3182 853 3234 ct
864 3177 1008 3244 membra;
1026 3179 1167 3233 conantur
1182 3173 1391 3245 quidemae

83 3242 134 3301 sed
144 3259 202 3372 (per
220 3261 250 3303 se
271 3262 329 3304 non
347 3254 476 3319 possunt.
497 3251 562 3320 Fac,
579 3255 619 3319 tu,
635 3249 711 3321 quod
729 3248 782 3321 ipsi
801 3265 857 3305 non
877 3252 1005 3320 possunt,
1019 3251 1048 3304 et
1062 3244 1166 3319 pertice
1181 3243 1212 3301 iii
1225 3239 1394 3302 boni&

81 3312 142 3445 dAelsli
165 3316 255 3376 crium
281 3318 337 3377 mei
360 3318 527 3392 peccatoris,
552 3322 600 3395 qui
624 3319 794 3378 consuevisti
818 3318 990 3376 desiderium
1015 3333 1098 3376 suuni
1122 3316 1192 3374 dare
1213 3313 1390 3388 justisae

136 3403 182 3446 eii.

591 3609 728 3681 CAPUT
747 3609 793 3680 xi

352 3816 390 3860 DE
407 3817 565 3864 Elisusltlt
579 3817 685 3864 nourrii
698 3817 795 3863 FACTA
808 3816 915 3863 TRIBUS
931 3814 1034 3862 usuls.

574 3976 699 4035 Matthaei
710 3991 772 4050 cap.
785 3978 819 4035 11.

117 4206 127 4242 i
140 4185 340 4267 liauisissisrio
349 4186 456 4243 Ciiiiisri
467 4205 501 4244 iio
513 4190 620 4249 ldiicos.
633 4222 667 4234 —
720 4190 912 4251 manilestavit
926 4207 958 4250 ss
971 4190 1122 4260 Gentibus,
1136 4190 1165 4249 id
1179 4195 1235 4261 est,
1248 4192 1310 4250 lla-

79 4255 285 4317 Tertiadecima
310 4270 377 4314 iero
403 4257 461 4330 dic,
490 4276 561 4333 puer
585 4263 668 4320 Jesus
720 4264 765 4338 gis
783 4263 831 4338 qui
851 4267 933 4322 erant
950 4262 1082 4338 gentiles.
1104 4264 1308 4338 Proplietatum
