2790 4912
76 261 122 333 ta,
136 260 174 317 ut
184 253 439 320 Commentarios
451 253 488 315 in
500 251 656 329 Psalmos,
670 259 745 331 otc,
756 251 827 315 haec
838 250 911 315 vita
924 250 1042 316 Christi
1059 250 1190 315 chundo
1208 250 1301 313 tidem

76 358 183 425 iaciat.
199 361 259 424 Hic
277 371 386 424 nmen
409 359 486 423 libet
507 360 622 424 afferre
640 360 902 426 doctissimorum
922 360 1141 443 quorumdam
1159 360 1301 424 virorum

78 466 119 532 de
130 467 298 551 Ludolpho
314 469 439 534 Saxone
458 484 632 530 censuram
648 483 657 530 t

411 755 459 818 ltx
480 769 637 821 caaorucrs
658 768 813 818 aramum
836 769 977 817 scansus.

120 989 308 1073 Ludolphus
332 988 544 1067 Alamannus,
571 991 695 1066 ordinis
716 991 1014 1068 carthusiensium,
1040 990 1130 1052 Prior
1157 988 1321 1067 argentio

80 1099 204 1177 nensis,
221 1099 271 1161 vir
293 1098 439 1161 doctrina
459 1107 490 1161 et
512 1117 640 1162 morum
653 1101 820 1164 sanctitate
839 1101 1044 1181 conspicuus,
1057 1096 1118 1158 hac
1134 1097 1206 1176 ipsa
1231 1104 1334 1157 terna

80 1212 203 1286 pestate
227 1205 404 1285 peroptime
426 1205 532 1269 Vitam
552 1207 683 1271 Domini
704 1208 806 1271 nostri
825 1208 901 1271 Jesu
918 1206 1036 1271 Christi
1062 1202 1193 1281 egregio
1216 1200 1326 1264 rolu-

80 1315 183 1394 mine,
210 1320 242 1376 et
264 1315 405 1396 quodam
434 1317 554 1381 coelesti
575 1318 723 1398 artificio,
749 1320 816 1383 imo
840 1319 946 1400 potius
973 1316 1083 1378 divina
1110 1312 1325 1376 revelatione

80 1436 181 1501 quam
205 1423 325 1502 studio,
355 1422 544 1506 fabricavit;
575 1425 611 1487 in
644 1443 710 1505 quo
740 1433 825 1489 certe
854 1443 888 1489 se
919 1422 1060 1487 ostendit
1091 1417 1315 1483 venerabilem

82 1529 202 1607 virum,
234 1536 267 1592 et
291 1532 441 1594 omnium
469 1549 580 1594 rerum
609 1538 676 1595 tam
711 1533 912 1611 divinarum,
942 1550 1043 1615 quam
1070 1530 1313 1608 humanarum,

82 1641 114 1700 et
135 1637 343 1716 potissimum
368 1639 471 1718 ipsius
492 1639 568 1702 lesu
591 1638 713 1704 Christi
735 1643 819 1721 ritas,
841 1649 935 1722 prout
957 1640 1061 1721 potuit
1084 1636 1212 1700 homini
1240 1653 1316 1701 esse

82 1742 246 1825 possibile,
263 1743 488 1826 plenissimam
502 1748 656 1814 hahuisse
670 1751 841 1828 notitiam;
865 1750 929 1815 alia
952 1766 1082 1833 quoque
1097 1745 1194 1810 lauda
1211 1745 1317 1824 digna

83 1850 139 1915 hic
152 1852 287 1918 devotus
305 1862 403 1936 atque
422 1858 627 1922 venerandus
647 1860 740 1924 Pater
756 1859 869 1925 edidit.

84 2141 132 2205 EX
157 2157 365 2208 SUPPLEHENTO
390 2162 591 2211 solitudinum
618 2163 826 2211 CHRONICORUH
846 2166 947 2212 tacent
966 2164 1089 2211 Pllttteet
1113 2160 1314 2216 BERGOMATlS,

376 2269 493 2317 0thle
511 2272 707 2321 enuntiatum
721 2272 828 2320 SANCTI
846 2272 1021 2320 lutosum.

128 2482 315 2567 Ludolphus
342 2486 586 2553 carthusiensis
625 2488 819 2567 monachus,
851 2489 982 2553 natione
1017 2483 1225 2564 Teutonicus,
1258 2500 1318 2562 pa-

75 2591 216 2673 ·triaque
230 2594 419 2677 Saronicus,
436 2597 486 2660 rir
507 2598 543 2660 in
559 2597 681 2661 divinis
707 2597 881 2676 scripturis
902 2595 1079 2659 admodum
1102 2591 1267 2656 studiosus
1284 2598 1317 2655 ot

88 2698 248 2777 eruditus,
262 2699 402 2764 aliarum
415 2701 576 2766 honarum
588 2702 771 2767 litterarum
786 2720 852 2769 non
872 2704 1019 2783 ignarus,
1039 2717 1096 2781 per
1109 2700 1171 2764 hoc
1185 2707 1317 2779 tompus

89 2805 176 2887 apud
190 2806 424 2884 argentinense
439 2809 624 2872 coenohium
637 2809 789 2890 existens,
814 2810 918 2874 edidit
935 2825 1065 2888 magnae
1082 2806 1262 2870 devotionis
1279 2822 1317 2868 ac

89 2910 259 2995 profunda
274 2913 466 2979 eruditionis
482 2917 632 2997 quaedam
646 2915 800 2998 praeclara
812 2915 981 2998 opuscula,
996 2916 1032 2978 in
1047 2913 1167 2996 quihus
1191 2911 1232 2975 ad
1247 2912 1314 2975 evi-

92 3020 229 3084 tandum
253 3022 358 3086 otium
384 3022 556 3102 ingenium
587 3025 778 3103 exercitans,
807 3041 927 3090 noman
953 3041 1052 3086 suum
1079 3016 1317 3085 immortalitati

91 3127 296 3193 condonavit.
315 3128 341 3191 E
364 3129 484 3211 quihus
505 3137 607 3196 exstat
626 3133 779 3199 volumen
796 3150 952 3216 maguum
968 3139 999 3196 et
1015 3131 1146 3210 insigne
1167 3128 1315 3210 quidem,

91 3235 178 3316 quod
191 3238 384 3318 praenotavit
399 3257 407 3300 ι
420 3237 463 3302 De
481 3237 550 3304 Vc'tc
564 3240 683 3306 Christi
693 3240 777 3320 lesu,
791 3243 830 3306 itt
854 3239 950 3305 libror
969 3237 1059 3314 door,
1079 3235 1166 3317 quod
1181 3235 1315 3314 incipit:

92 3340 362 3411 Fundamentum
375 3346 482 3424 aliud,
497 3356 557 3413 etc.
575 3350 658 3413 Item
680 3347 873 3431 perpulchre
891 3369 899 3410 r
918 3345 958 3411 ln
976 3345 1178 3411 Pcolterittm
1197 3342 1319 3405 librum

92 3465 212 3515 unum.
236 3442 397 3517 Feruntur
420 3455 521 3518 etiarn
544 3454 619 3520 alia.
642 3456 803 3538 Regnavit
827 3461 937 3520 autem
959 3471 1046 3519 anno
1068 3450 1198 3517 Domini
1226 3447 1317 3526 1334,

93 3558 155 3622 suh
167 3559 290 3625 loauno
300 3559 386 3625 XXIl
403 3562 499 3642 Papa,
516 3568 547 3626 ot
561 3563 720 3628 Ludorico
736 3565 860 3627 Bararo
871 3562 1082 3644 Imperatore.

255 3850 302 3912 ΕΧ
319 3866 474 3915 cannono
486 3868 670 3917 semanoth!
685 3865 974 3915 semustas'rlcottttlt
986 3864 1155 3910 TlllTlllllill.

134 4084 321 4168 Ludolphus
341 4085 467 4151 ordinis
487 4085 731 4151 carthusiensis
752 4086 787 4148 in
809 4085 905 4150 domo
927 4082 1168 4165 argentinensi,
1187 4086 1320 4144 natione

94 4192 303 4274 Teutonicus,
338 4193 494 4260 Saxonica
527 4199 615 4259 terra
647 4194 817 4271 oriundus,
850 4192 900 4256 vir
930 4192 967 4255 in
994 4190 1116 4255 divinis
1146 4187 1322 4268 scripturis
