2790 4912
91 249 138 307 340
471 247 582 302 PlllllAE
608 244 726 301 runrls
754 243 859 298 clrur
885 243 931 297 lll.

738 350 814 408 euim
830 348 878 422 qui
894 356 993 406 amant
1018 349 1112 409 solum
1133 353 1234 423 Deum,
1247 358 1274 411 et
1287 352 1333 426 bk·

738 421 880 479 aedificant
901 438 1014 491 aurum,
1037 429 1199 495 argentum,
1225 429 1252 481 et
1274 425 1333 502 la<

737 494 819 567 pides
840 493 1006 565 pretiosos:
1031 494 1061 550 in
1075 511 1175 552 amore
1197 495 1333 573 virtuliQ

738 580 854 634 aurum;
880 564 910 646 in
936 563 1100 636 cognitione
1123 565 1333 650 veritatisag

738 644 870 765 fontum,
881 652 912 692 m
926 637 1128 708 cooperatione
1136 638 1203 696 boni
1217 640 1333 717 oper}

93 356 157 438 quis
177 353 267 422 audit,
283 357 331 410 aul
347 356 412 410 suut
426 351 509 409 verba
525 352 680 409 necessita-

93 431 130 484 trs
144 426 181 485 ad
195 426 327 494 salutem,
345 423 417 481 sicut
431 427 572 550 praecepta
588 424 680 480 Eran-

91 498 192 571 gelica,
208 504 237 553 et
250 503 320 554 tuuc
342 494 495 552 similitudo
543 494 619 551 anet
638 494 680 551 lo-

90 585 175 639 cum;
192 575 242 625 aut
260 573 328 624 sunt
345 566 432 623 verba
451 564 564 622 consilii
585 569 614 622 et
631 581 680 622 su-

90 639 347 714 pererogationis,
371 643 401 694 ot
428 641 496 695 tunc
526 652 594 706 nou,
625 636 681 695 nisi

92 719 229 785 quantum
245 710 281 767 ad
296 710 445 782 periectos.

130 806 158 841 ιι
178 784 246 851 Qum
261 799 302 836 srr
324 799 352 837 ru
367 797 451 836 seusu
471 796 571 836 uenum
592 798 681 838 nouus

91 871 163 912 unsrr
185 872 217 909 ετ
234 870 322 909 nouus
349 851 438 908 curru?
462 881 497 893 -
523 852 679 921 ldoraliter,

91 926 195 983 domus
206 924 286 996 iusti,
302 924 384 996 cujus
400 922 551 980 aedillcatio
571 928 614 979 est
629 926 680 981 be·

91 1012 131 1054 na
143 995 329 1060 conscientia,
351 994 475 1067 pertinet
489 994 525 1050 ad
540 995 681 1052 bonorum

92 1083 209 1141 operum
223 1065 441 1139 perlectionem
454 1065 551 1134 lessio,
561 1066 598 1122 ad
613 1082 680 1123 con-

92 1144 232 1211 temptum
248 1145 438 1206 terrenorum,
454 1138 513 1193 sive
527 1141 680 1209 pauperta-

92 1215 150 1267 tem
165 1228 172 1279 ;
186 1210 326 1277 fundatio,
340 1209 376 1266 ad
396 1207 611 1265 meditationem
625 1225 681 1265 coa·

93 1281 207 1339 lestium
247 1286 275 1337 et
302 1296 445 1348 amorem;
474 1279 618 1351 impulsio,
644 1279 681 1337 ad

92 1352 280 1410 tentationum
301 1349 561 1424 impugnationem;
578 1350 680 1408 immo·

94 1423 203 1492 bilitas,
227 1425 263 1480 ad
290 1423 407 1480 finalem
428 1422 679 1495 perseverantiam.

92 1496 200 1552 Domus
214 1493 292 1567 impii
304 1500 346 1551 est
358 1494 433 1550 mala
447 1492 632 1563 conscientia,
645 1494 682 1551 de

92 1581 150 1637 qua
166 1566 337 1623 inllichaea:
354 1567 454 1622 Adhuc
468 1568 542 1632 iguis
558 1568 588 1620 iu
603 1566 681 1621 domo

91 1640 185 1708 eupli,
209 1639 289 1708 cujus
305 1643 419 1694 terrena
438 1636 589 1693 aedificatio
616 1652 681 1762 per·

90 1705 164 1765 tinet
187 1708 224 1764 ad
248 1715 425 1766 terrenorum
451 1722 601 1776 amorem;
630 1724 681 1763 un·

90 1777 215 1836 dementi
239 1779 371 1850 privatio,
387 1779 424 1836 ad
442 1780 545 1836 mentis
562 1777 680 1836 instabi-

90 1848 517 1918 litatem3fluminisinuudatio,
532 1849 569 1906 ad
584 1866 682 1906 carua-

90 1920 161 1977 lium
180 1919 346 1978 deliciarum
363 1921 586 1989 lluribilitatem3
597 1936 681 1977 casus

91 1991 233 2059 celeritas,
264 1993 299 2047 ad
324 1991 459 2063 peccandi
484 1991 678 2064 pronitatem

89 2061 180 2118 ruinae
202 2061 380 2132 magnitudo,
398 2062 433 2118 ad
447 2067 585 2118 aeternam
600 2062 681 2117 dam·

90 2131 246 2189 nationem.
276 2133 382 2188 Domus
411 2131 497 2188 etiam
518 2132 680 2189 concutitur

91 2203 121 2260 in
141 2201 309 2272 tentatione,
327 2203 481 2260 inclinatur
501 2202 531 2259 in
559 2203 679 2260 delecta-

89 2274 179 2344 tione,
197 2274 273 2331 cadit
286 2274 317 2331 in
340 2291 481 2332 consensu
497 2292 504 2333 ε
528 2280 555 2331 et
571 2282 616 2331 est
631 2291 678 2332 ca·

89 2363 138 2404 sus
170 2362 292 2418 magnus
314 2346 343 2403 in
369 2363 520 2416 consensu,
545 2345 613 2418 quia
638 2347 679 2403 sic

89 2416 165 2476 cadit
178 2435 195 2474 a
208 2421 300 2491 gratia
315 2437 321 2483 ;
337 2419 430 2490 major
452 2418 482 2474 in
498 2434 595 2491 opere,
611 2418 679 2490 quia

88 2489 129 2546 sic
151 2491 227 2546 cadit
245 2507 262 2547 a
290 2490 365 2558 rila;
380 2493 519 2546 maximus
535 2490 562 2546 in
588 2489 677 2547 obsti·

88 2561 218 2625 natione,
236 2560 302 2632 quia
324 2561 364 2617 sic
389 2561 497 2619 cadita
521 2561 678 2619 misericor-

88 2631 146 2688 dia.
172 2632 291 2704 Sapiens
313 2649 381 2759 erffo
404 2632 451 2705 qui
472 2633 568 2689 audita
591 2648 677 2704 opere

87 2703 211 2775 complet
238 2710 266 2759 ct
289 2704 411 2776 permit,
439 2710 608 2761 structuram
629 2704 678 2759 fir·

87 2790 163 2829 mam
179 2774 274 2845 erigit,
286 2775 353 2846 quia
367 2791 418 2847 per
434 2776 577 2832 cumulum
589 2775 676 2831 bono·

86 2861 151 2901 rum
167 2861 283 2916 operum
300 2849 374 2902 Deus
391 2848 511 2916 gratiam
537 2848 596 2916 dat,
613 2862 675 2918 quaa

85 2921 185 2971 nostra
213 2916 324 2984 merita,
354 2917 461 2988 absque
490 2917 573 2974 ruina
592 2934 675 2974 casus

86 2984 245 3042 consolidat
259 2993 288 3040 et
307 2987 465 3043 cruntirmat.
483 2988 537 3043 Per
552 2988 674 3058 gratiam

749 707 847 781 apides
861 710 1013 779 pretiosos.
1028 711 1099 766 Sunt
1113 709 1161 767 alii
1172 711 1218 781 qui
1225 706 1331 783 aman(

737 780 869 852 quadam
896 786 1002 851 praeter
1016 781 1117 848 Deum,
1131 787 1225 839 tamen
1246 781 1313 850 nihl

738 857 838 908 contra
852 852 952 918 Deum,
967 867 1020 907 nec
1034 852 1072 908 ali
1096 853 1143 908 uid
1158 853 1299 927 plusquam

737 924 838 990 Deum,
859 927 889 978 et
906 921 934 977 in
951 921 996 1003 his
1021 868 1231 982 tuniameotum
1249 927 1292 998 qui-

736 994 801 1051 dem
817 997 924 1062 manet,
947 1009 1013 1064 qula
1037 1011 1120 1051 amor
1136 995 1184 1052 llei
1200 1012 1248 1052 non
1258 998 1289 1054 de

737 1065 1050 1136 struitur;tamenquia
1061 1082 1095 1122 ex
1105 1066 1206 1124 ellectu
1217 1083 1287 1124 eumn

737 1153 800 1207 qua
811 1135 1069 1208 paritcramaulur,
1083 1139 1209 1209 quaedam
1218 1154 1287 1196 eorm·

736 1207 794 1280 ptio
810 1208 998 1276 contrahitur,
1021 1208 1142 1280 lignum,
1156 1214 1184 1267 et
1197 1211 1285 1278 toenuu,

736 1283 765 1335 et
779 1277 883 1350 stipula
902 1280 1147 1350 superaedificatur
1161 1299 1169 1337 ι
1188 1281 1213 1337 in
1226 1281 1287 1353 ligno,

735 1356 882 1423 peccatum
896 1349 985 1406 illiciti
1000 1352 1110 1423 operis;
1127 1352 1157 1408 in
1169 1353 1235 1409 leno
1245 1351 1286 1408 sine

737 1437 835 1494 opere,
843 1427 990 1494 peccatum
1002 1438 1097 1494 prarae
1110 1422 1285 1487 delectationis

736 1492 766 1548 in
786 1492 900 1564 stipula,
919 1499 1066 1564 peccatum
1086 1494 1190 1552 illicitae
1207 1493 1286 1565 cogita·

738 1563 833 1620 tionis.
854 1566 924 1621 Sunt
944 1563 990 1620 alii
1007 1565 1057 1647 qui
1079 1572 1176 1623 amant
1190 1566 1287 1648 quadan

738 1641 837 1692 contra
852 1636 952 1704 Deum,
973 1642 1001 1692 et
1016 1653 1044 1692 rn
1068 1636 1113 1693 his
1132 1653 1237 1695 ommno
1253 1636 1287 1692 de

737 1705 855 1763 struitur
888 1706 1118 1778 tundamentum,
1143 1709 1207 1781 quia
1231 1721 1288 1765 auor

737 1777 787 1834 Dei
808 1793 949 1834 essenon
977 1785 1082 1850 potest,
1098 1781 1148 1837 ubi
1172 1781 1211 1837 rel
1235 1777 1289 1835 solus

736 1849 780 1904 vel
792 1865 920 1905 summus
931 1866 989 1905 non
1003 1856 1055 1906 est.
1073 1851 1199 1923 lgiturad
1210 1849 1289 1923 primos

736 1921 860 1992 pertinet
874 1919 983 1976 laudari
999 1927 1027 1977 et
1041 1922 1162 1992 salrari3
1177 1922 1210 1980 ad
1218 1928 1289 1979 acun-

736 1993 798 2060 dos,
822 1990 925 2063 corripi
952 1998 980 2048 et
1000 1993 1131 2063 liberari;
1147 1995 1182 2051 ad
1206 1992 1288 2056 tertios,

735 2061 817 2133 argui
843 2068 872 2119 et
886 2063 1026 2119 damnari.
1050 2067 1131 2133 Item,
1154 2080 1232 2138 super
1245 2063 1288 2119 lun·

735 2134 901 2191 damentum
930 2135 1008 2201 fidei,
1033 2136 1149 2206 quidam
1176 2135 1288 2193 edilium

734 2221 835 2262 aurum
863 2207 1120 2280 contemplationis,
1139 2208 1244 2281 quidam
1257 2219 1289 2260 ar

734 2281 851 2403 flentum
869 2277 1093 2358 praedicationis,
1113 2280 1224 2351 quidam
1240 2274 1289 2352 lapi}

755 2364 786 2403 es
803 2353 941 2419 pretiosos
955 2349 1094 2406 bonorum
1110 2367 1232 2424 operum.
1253 2343 1290 2405 llil

734 2434 800 2474 vero
813 2419 956 2476 aedificant
971 2420 1058 2493 ligna,
1071 2422 1180 2480 scilicet
1192 2429 1291 2480 amorem

732 2490 926 2547 ardentiorem
948 2493 1165 2565 temporalium3
1193 2493 1237 2552 alii
1256 2491 1291 2547 lu

734 2577 812 2628 num,
840 2562 948 2619 scilicet
974 2564 1073 2619 hurum
1098 2566 1294 2623 delectationum

733 2632 908 2702 carnalium;
923 2634 971 2690 alii
986 2635 1130 2707 stipulam,
1147 2629 1295 2694 scilicctoti·

732 2719 847 2767 osorum
874 2707 1026 2762 verborum
1047 2711 1076 2762 et
1096 2724 1214 2780 operum
1231 2705 1299 2764 intr-

732 2790 860 2843 morum3
877 2775 924 2832 isti
946 2777 1032 2834 etiam
1045 2778 1200 2852 salvantur,
1215 2775 1306 2837 merito

732 2846 936 2918 fundamenti,
967 2856 994 2905 et
1024 2855 1119 2906 tamen
1152 2852 1231 2923 quasi
1261 2850 1311 2924 pet

730 2917 837 2989 ignem,
853 2936 910 2990 quo
926 2919 1053 2976 exuritur
1072 2922 1224 2981 {editicium
1237 2918 1319 2980 unm

731 2989 917 3046 fundamento
934 3008 990 3046 non
1005 2991 1151 3050 idoneum.

769 3081 798 3116 12
812 3063 964 3117 llnumurro
980 3080 1072 3119 runos
1088 3083 1174 3123 sursn
1186 3060 1333 3123 nectariA

730 3133 840 3190 Doumr.
858 3165 891 3174 -
911 3133 1018 3190 Deinde
1040 3136 1077 3190 ad
1102 3127 1333 3195 conclusioness

730 3203 856 3260 omnium
873 3204 1096 3276 praecedentium
1113 3210 1310 3282 subiungitur

729 3277 764 3330 Et
773 3276 879 3341 sactum
891 3282 941 3344 eet,
951 3293 1011 3332 cum
1021 3274 1333 3338 consummassetnsrl

728 3346 812 3402 verbo
827 3348 892 3415 bac,
910 3347 1016 3405 scilicet
1032 3366 1182 3409 sermones
1200 3352 1270 3410 istos
1284 3353 1295 3409 i
1311 3347 1333 3396 ²

728 3422 826 3474 moute
852 3418 977 3488 habitos,
1006 3420 1054 3491 qui
1081 3422 1155 3480 bene
1184 3423 1333 3482 dicuutrt

729 3489 928 3570 consummati,
954 3490 1020 3563 quia
1035 3492 1106 3549 nihil
1120 3493 1312 3568 imperiectio

727 3575 772 3641 ms
788 3560 905 3631 habent,
927 3568 955 3619 et
974 3563 1072 3620 omnia
1087 3566 1172 3623 saluti
1187 3584 1333 3626 necessaa

727 3646 771 3688 rra
799 3632 956 3703 continent,
986 3636 1203 3695 admirabantur
1231 3639 1333 3696 turbt

724 3717 809 3784 super
821 3705 948 3784 doctrino
967 3705 1037 3775 ejus,
1054 3708 1132 3764 etde
1146 3710 1333 3768 excellentia

726 3781 873 3845 saplentrae
904 3777 976 3849 ejus,
1000 3777 1066 3850 quia
1092 3796 1254 3853 numquam
1277 3783 1333 3840 sic

724 3844 811 3902 homo
834 3853 878 3903 est
895 3847 1015 3906 locutus.
1042 3853 1077 3906 Et
1097 3851 1171 3909 bene
1191 3853 1333 3911 admira*

723 3916 839 3999 bantur,
858 3918 935 4000 quia,
963 3927 993 3977 ut
1017 3920 1056 3977 ait
1084 3924 1333 3993 chrysostomum

725 4008 739 4038 u
753 3989 895 4061 Quidquid
911 3991 995 4064 digne
1010 3991 1128 4050 laudare
1140 4011 1199 4052 non
1212 4012 1317 4069 possu-

85 3056 162 3113 enim
177 3056 247 3111 boue
266 3056 423 3127 operando,
441 3073 585 3113 meremur
612 3075 675 3130 per-

85 3125 273 3185 seuerantiam
304 3128 441 3196 inbono,
465 3133 496 3184 ut
523 3145 536 3184 s
559 3128 673 3186 irituale

84 3203 212 3257 nostrum
231 3197 512 3272 aedihciuminpetra
546 3200 591 3257 dei
607 3200 672 3257 lun-

83 3271 192 3340 datum,
208 3288 259 3344 per
277 3287 356 3343 spem
380 3275 517 3340 erectum,
533 3288 585 3344 per
599 3272 672 3328 cari-

82 3349 172 3400 tatem
182 3344 346 3413 solidatum,
355 3359 447 3415 neque
458 3344 564 3416 pluvia,
578 3360 672 3415 neque

81 3414 259 3484 lluminibus,
267 3431 360 3488 neque
369 3415 460 3472 ventis
469 3414 559 3488 possit
571 3415 671 3486 everti,

82 3487 201 3545 Christo
217 3487 338 3558 gratiam
354 3502 434 3543 suam
448 3487 581 3544 donante.
598 3487 672 3544 Stul-

80 3564 126 3615 tus
142 3572 214 3614 rero
234 3558 281 3629 qui
296 3558 375 3616 audit
401 3563 429 3615 et
445 3573 502 3614 nou
525 3563 671 3630 operatur,

81 3629 131 3685 scd
157 3629 256 3686 audita
287 3629 481 3698 dissimulans,
514 3627 672 3686 obliviosus

80 3700 195 3756 auditor
214 3700 314 3768 tactus,
333 3706 481 3772 tamquam
506 3716 592 3772 super
606 3716 670 3757 are-

80 3785 148 3826 nam
167 3786 238 3841 epus
260 3772 457 3829 aedificationis
475 3771 626 3844 impendit,
641 3776 670 3829 et

80 3839 231 3912 quiaaure
258 3850 422 3915 perceptum
448 3860 519 3915 opus
546 3859 604 3899 non
623 3843 669 3899 fir·

80 3911 279 3992 matetatim,
307 3913 510 3972 tentationibus
532 3930 668 3986 superve-

76 3983 232 4049 nientibus
248 3983 304 4039 ruit
316 3990 402 4055 atque
418 3985 581 4043 evanescit:
602 3989 664 4046 Non

78 4058 150 4111 euim
164 4056 303 4111 auditores
324 4058 405 4123 lepis
420 4057 495 4125 justi
508 4063 573 4113 suat
588 4058 666 4130 apud
722 4073 797 4128 mus,
825 4062 1011 4119 admiramur.
1032 4085 1045 4116 n
1070 4064 1122 4123 Ubi
1148 4068 1311 4125 ostenditur

77 4130 173 4194 Deum,
189 4127 237 4182 sed
255 4127 383 4207 (actores
406 4127 477 4206 Sunt
494 4133 589 4185 autem
606 4129 662 4187 tria
722 4129 879 4189 eminentia
892 4134 1029 4191 doctriuae
1049 4136 1166 4208 Christi,
1180 4139 1309 4211 quiaad·

77 4214 183 4270 genera
197 4199 343 4255 hommum
358 4196 570 4258 aedulcantium.
591 4202 664 4258 Sunt
720 4201 901 4263 mirabantur
913 4207 1024 4276 turhae3
1040 4223 1073 4265 eo
1093 4210 1172 4282 quod
1187 4209 1313 4269 eminen-
