2790 4912
199 285 368 339 scultetus
395 284 429 337 ut
455 285 564 339 uoltu
591 288 895 346 eontinetrtotbu
920 292 1020 348 onir.
1050 296 1130 352 uolt.
1239 301 1283 355 tot

65 386 101 447 lsi
120 390 317 462 spiritualiter
331 391 414 448 docet
427 408 511 451 orare
527 411 534 449 :
551 395 641 452 ubaee

65 461 240 545 mactmus.
259 462 349 519 Etiam
378 463 413 520 de
438 465 566 522 oratioue
589 468 641 523 Do·

65 533 157 591 muira
169 536 327 607 Cyprianus
334 533 412 603 dicit,
424 536 500 609 quod
512 536 641 594 Christus

65 604 152 663 trista
165 607 298 662 oratione
313 605 477 677 magisterio
502 623 554 664 suo
578 625 640 665 om-

65 690 260 750 lem-precem
286 682 415 734 nostram
440 678 556 737 salutmi
581 696 640 736 ser-

65 762 139 805 noue
162 748 311 806 breviavit.
337 749 428 817 Quare
456 756 551 807 autem
579 752 641 807 haec

65 822 147 877 oratio
165 826 227 877 tam
247 818 342 877 brevis
361 826 415 892 est,
430 824 459 877 et
477 828 535 878 tam
551 838 642 895 panca

66 893 143 949 ruba
178 891 392 964 complectitur,
421 897 541 966 possunt
574 896 642 951 assi-

68 963 139 1037 gnari
161 970 270 1034 septem
299 962 447 1020 rationes:
476 966 579 1037 prima,
611 971 643 1023 ut

65 1032 142 1092 'tilius
153 1034 336 1104 addiscatur;
351 1036 487 1104 secunda,
500 1036 641 1094 etmelius

65 1105 226 1176 2ntiueatur3
243 1106 338 1175 tertia,
358 1111 389 1163 ut
414 1107 508 1164 nullus
526 1109 561 1165 de
581 1110 642 1181 ejus

73 1172 216 1249 homelia
230 1183 397 1244 excusatum
414 1185 525 1250 quarta,
542 1184 573 1236 ut
587 1181 642 1236 lre·

120 1249 189 1307 nlius
203 1249 329 1317 dicatur3
346 1250 455 1321 quinta,
473 1257 504 1308 ut
523 1251 641 1308 taedium

119 1319 231 1378 diceudo
260 1328 460 1391 removeatur,
490 1330 578 1392 sexta,
611 1329 643 1379 ut

79 1388 161 1449 iducis
190 1393 246 1449 cito
278 1392 449 1465 impetrandi
472 1393 639 1463 tribuatur;

81 1463 185 1543 eptima,
203 1469 232 1521 ut
247 1464 277 1520 in
292 1464 442 1521 devotione
456 1465 568 1533 mentis,
585 1481 642 1521 uon

83 1546 104 1588 tu
122 1535 350 1608 multiplicatione
376 1537 537 1604 verborum,
553 1536 642 1592 virtus

84 1606 193 1663 tutionis
201 1624 264 1663 esse
275 1607 449 1664 ostendatur.
461 1608 567 1665 Omnes
575 1623 642 1664 vero

84 1677 216 1745 petitiones,
246 1680 300 1735 sub
329 1678 490 1750 septenario
523 1695 641 1736 numero

84 1751 345 1820 eomprehenduntur,
372 1749 439 1832 quia
463 1750 642 1823 septenarius

83 1823 111 1896 {tt
124 1837 254 1876 numerus
266 1821 475 1887 universitatis;
488 1827 517 1878 at
531 1821 642 1878 univer-

79 1895 130 1964 aas
152 1892 278 1949 omnium
307 1897 383 1948 recte
409 1893 642 1950 desiderabilium

77 1968 99 2034 tlt
113 1963 150 2018 bis
168 1963 420 2036 comprehenditur
431 1963 619 2036 petitionibus
634 1981 640 2018 :

74 2027 125 2090 tdeo
143 2034 350 2092 rationabiliter
371 2051 472 2092 omues
491 2035 642 2107 petitiones

67 2103 278 2230 ffibseptenario
294 2122 414 2162 numero
423 2107 585 2179 complexus
599 2111 642 2162 est

105 2193 202 2232 minus.

97 2250 188 2305 ames
217 2266 364 2317 rnmrnrro,
391 2265 445 2312 oua
470 2265 642 2305 erneretur·

63 2322 120 2376 itas
135 2322 184 2376 Dur
198 2337 335 2376 currimus
348 2338 401 2376 nun
416 2337 572 2377 noursnrmo
588 2321 641 2376 Pa-

63 2396 135 2448 trmr.
152 2423 186 2432 -
205 2393 297 2448 Habet
314 2408 383 2463 ergo
398 2393 459 2448 baec
473 2392 565 2448 oratio
585 2394 640 2448 Do·

63 2462 160 2520 muira
170 2468 235 2519 octo
244 2468 348 2535 partes.
361 2462 457 2520 Prima
466 2469 509 2520 est
518 2462 642 2534 captatio

63 2535 273 2603 teuerolentiae,
300 2550 385 2607 quam
414 2540 574 2606 sequuntur
601 2550 643 2590 se·

63 2610 133 2663 item
148 2605 311 2678 petitiones.
330 2607 465 2678 Captatur
478 2612 573 2663 autem
590 2605 640 2661 be·

63 2677 216 2735 revolentia
227 2676 375 2748 tripliciter
384 2695 431 2734 :ex
442 2683 522 2750 parte
537 2676 641 2748 rogati,

91 2749 120 2806 'a
145 2750 241 2817 Pater,
254 2750 334 2819 cujus
359 2748 409 2804 titii
425 2764 523 2806 sumus
540 2764 591 2820 per
611 2748 642 2802 ss-

87 2836 118 2877 m
128 2838 136 2886 ;
145 2836 180 2876 ex
190 2825 269 2891 parte
281 2821 452 2891 rogantium,
461 2820 640 2892 quianoster,

62 2892 137 2949 robis
150 2892 235 2947 datus
254 2906 305 2963 per
318 2892 501 2960 charitatem,
515 2895 640 2962 exparte

62 2978 232 3021 essessorum
249 2963 351 3034 rogati,
365 2963 431 3035 quia
447 2961 476 3018 in
491 2961 570 3018 coelis
585 2969 639 3030 est,

62 3034 80 3091 d
107 3038 153 3090 est
180 3034 209 3090 in
239 3034 361 3104 Sanctis,
407 3049 509 3091 uorum
536 3032 640 3090 auritio

62 3104 192 3179 rigimur
214 3121 266 3177 per
288 3120 378 3178 spem.
418 3104 527 3162 icamus
546 3121 638 3177 ergo:

62 3180 155 3242 luter,
185 3175 214 3233 in
245 3193 328 3248 quem
357 3176 509 3246 credimus,
537 3181 639 3239 noster,

62 3264 139 3322 [uem
165 3247 321 3320 diligimus,
337 3251 388 3319 qui
408 3264 435 3305 ea
454 3251 484 3303 in
503 3248 585 3315 eretis,
605 3247 640 3303 de

62 3319 159 3392 [uibus
173 3336 336 3391 speramus3
351 3321 412 3376 baec
435 3318 511 3376 euim
533 3317 587 3373 trin
602 3318 641 3375 la·

62 3390 132 3447 dunt
159 3391 317 3447 orationem
342 3391 479 3464 diguam,
509 3389 638 3446 seilicet:

62 3466 148 3519 uetus
169 3461 247 3529 tldei,
269 3461 426 3531 charitatis,
443 3465 472 3519 et
489 3460 559 3533 spei.
577 3463 640 3532 lpse

62 3532 169 3605 {uidem
183 3533 321 3590 Dominus
335 3533 439 3590 dieitur
452 3536 536 3589 Pater
549 3537 641 3587 noster

62 3602 221 3677 mpliciter,
249 3605 406 3662 secundum
440 3603 476 3660 tri
498 3604 542 3660 lex
577 3619 640 3659 esse

62 3675 129 3747 ruod
145 3676 181 3731 ab
201 3692 236 3732 eo
258 3676 428 3748 accepimus,
443 3619 572 3732 scriicet:
590 3690 639 3730 na·

62 3762 136 3815 ‚urae
151 3747 252 3820 gratiae
272 3753 300 3803 et
318 3746 427 3819 gloriae.
443 3748 511 3802 Esse
531 3751 640 3802 uaturae

61 3816 130 3874 ledit
155 3818 239 3876 nobis
254 3818 284 3875 in
304 3818 467 3886 creatione3
491 3833 554 3873 esse
582 3833 642 3888 gra·

63 3887 110 3958 iae,
120 3888 151 3945 iu
164 3889 350 3960 recreatione,
365 3904 416 3946 seu
429 3886 639 3959 redemptioue;

61 3967 80 4016 tt
92 3976 156 4017 esse
171 3961 281 4034 gloriae,
296 3960 327 4017 in
342 3961 424 4033 regui
445 3958 639 4017 eomitatione.

61 4030 160 4088 licitur
177 4048 245 4106 ergo
261 4034 346 4090 Pater
368 4031 496 4088 omnium
512 4046 640 4158 &euera-

61 4101 117 4159 iter
133 4103 245 4160 ratione
259 4102 429 4172 creationis3
446 4102 497 4159 sed
533 4102 640 4159 delium

61 4173 229 4247 pecialiter‚
253 4175 363 4232 ratione
391 4172 561 4246 adoptionis.
585 4174 641 4230 llo·

61 4245 128 4302 nine
143 4251 239 4302 autem
253 4245 344 4303 Patris
358 4243 643 4317 intelligiturhietota

695 396 827 478 trinitas,
838 396 945 455 scilieet
960 399 1054 469 Pater,
1071 401 1166 470 Filius,
1177 408 1206 460 et
1221 405 1282 478 Spi-

695 474 765 524 ntus
784 471 913 527 Sanctus.
929 471 951 527 0
967 477 1072 543 quanta
1086 474 1189 531 fiducia
1208 481 1236 532 et
1249 477 1283 533 ll·

695 539 813 596 ducialis
839 541 968 611 audacia,
1012 544 1066 600 uod
1094 546 1202 604 tactura
1230 550 1281 604 Fa·

695 616 813 675 ctorem,
844 620 973 671 creatura
992 559 1173 685 (duetorem,
1196 620 1281 676 bomo

696 684 784 764 Deum
811 683 924 742 Patrem
958 687 1063 743 audeat
1091 691 1279 762 nuncuparet

695 755 764 821 Quis
794 771 928 826 umquam
948 774 1035 815 ausus
1064 765 1107 816 est
1135 760 1164 817 in
1192 761 1281 818 reteri

696 827 769 908 Lege
778 826 847 882 talia
859 830 1052 899 presumere?
1060 834 1159 895 Nemo,
1168 832 1279 904 utique.

695 899 777 967 Quia,
797 899 950 955 secundum
971 901 1105 966 Glossom,
1122 905 1195 960 Deus
1210 904 1281 960 anti·

696 969 770 1040 quis,
787 977 818 1025 ut
841 970 941 1038 serris,
955 970 1103 1029 dicebatur
1125 974 1280 1044 Dominus3

697 1056 770 1096 nunc
789 1040 894 1096 dicitur
915 1043 1009 1111 Pater,
1023 1043 1068 1100 cui
1095 1060 1151 1100 uon
1166 1045 1279 1116 timore,

696 1111 746 1167 sed
766 1127 875 1182 amore,
902 1113 1050 1170 servimus.
1068 1116 1146 1170 Unde
1173 1122 1202 1172 et
1224 1119 1283 1173 Au·

696 1187 824 1252 pestilens
840 1201 847 1240 :
861 1205 876 1233 «
891 1185 1050 1254 Numquam
1063 1185 1281 1259 inveniturprae-

696 1259 807 1325 ceptum
817 1255 922 1326 populo
933 1256 1028 1324 lsrael,
1039 1262 1068 1312 ut
1080 1257 1188 1313 diceret
1196 1260 1281 1315 Pater

697 1330 804 1394 noster,
821 1326 871 1381 sed
892 1332 935 1382 est
963 1326 1004 1383 eis
1032 1327 1191 1384 insinuatus
1210 1335 1282 1385 tam-

697 1412 781 1468 quam
798 1397 935 1453 Dominus
950 1398 1049 1454 servis.
1067 1401 1124 1456 Nos
1142 1416 1209 1456 vero
1229 1416 1280 1472 per

696 1468 863 1538 sauguinem
879 1468 991 1524 Domini
1011 1471 1078 1527 lesu
1096 1470 1146 1526 tllii
1166 1471 1279 1543 adopti-

696 1539 760 1595 onis
779 1538 883 1608 ellecti,
900 1541 1077 1597 confidenter
1099 1541 1278 1599 clamamus:

696 1612 777 1666 Abba
796 1614 887 1667 Peter.
904 1632 918 1661 »
936 1613 969 1667 Et
983 1611 1084 1669 iterum
1100 1630 1107 1668 :
1125 1615 1214 1680 «Quo
1231 1630 1281 1671 no·

697 1681 772 1738 mine
804 1686 834 1738 et
870 1682 994 1739 charitas
1030 1685 1181 1753 excitatum
1211 1685 1280 1756 quid

697 1753 772 1809 enim
792 1753 904 1810 charius
931 1753 996 1810 tiliis
1015 1772 1077 1812 esse
1096 1756 1180 1812 debet
1194 1772 1279 1826 quam

695 1830 777 1897 pater
787 1825 802 1879 ‘l
814 1826 847 1879 Et
861 1826 979 1897 supplex
996 1827 1125 1895 allectus,
1138 1843 1201 1883 curn
1228 1829 1281 1883 bo·

698 1896 789 1952 mines
804 1896 901 1952 dicunt
917 1913 924 1952 :
940 1900 1022 1952 Pater
1037 1905 1136 1954 noster.
1153 1902 1187 1954 Et
1202 1914 1279 1970 quae·

697 1968 761 2023 dam
793 1967 976 2040 praesumptio
1016 1968 1186 2041 impetrandi
1215 1986 1279 2042 quae

696 2038 811 2121 petituri
833 2056 944 2108 sumus3
965 2039 1034 2112 quid
1056 2041 1131 2098 enim
1156 2058 1212 2098 nou
1232 2042 1281 2098 det

693 2127 753 2182 Jam
772 2110 840 2166 liliis
857 2111 1030 2183 petentibus,
1046 2130 1111 2170 curn
1137 2114 1191 2170 boc
1219 2112 1280 2186 ipse

696 2187 762 2238 autc
778 2182 899 2251 dederit,
916 2188 947 2239 ut
967 2183 1018 2239 lllii
1034 2185 1149 2241 essenti
1166 2187 1281 2242 Postre-

697 2269 744 2334 ¹¹¹⁰.
765 2260 873 2378 girante
893 2270 961 2311 cura
982 2257 1107 2311 animum
1134 2255 1234 2325 tangit,
1251 2260 1282 2312 ut

697 2339 746 2394 qur
785 2327 833 2378 lclt
850 2342 857 2379 :
877 2326 962 2380 Pater
979 2332 1086 2392 noster,
1104 2331 1181 2381 tanto
1200 2328 1284 2382 Patre

697 2410 754 2449 non
781 2394 816 2449 sit
841 2394 990 2467 indignus!
1018 2395 1215 2451 Admonentur
1237 2395 1283 2452 hic

697 2464 782 2521 etiam
803 2463 915 2534 divites,
933 2465 977 2521 rel
992 2481 1097 2536 genere
1112 2465 1221 2521 nobiles
1236 2481 1280 2523 se·

697 2536 820 2592 cundum
833 2537 969 2604 seculum,
988 2551 1052 2591 cum
1070 2535 1222 2591 Christiani
1235 2537 1280 2593 la·

697 2607 734 2663 cti
757 2606 872 2675 tuerint,
899 2623 957 2662 nou
978 2605 1124 2733 superbire
1147 2606 1281 2687 adversus

696 2693 835 2750 pauperes
863 2683 891 2734 et
916 2677 1012 2748 ignobi
1026 2693 1067 2745 es,
1087 2692 1221 2748 quomam
1245 2677 1281 2734 si-

698 2751 753 2804 mut
773 2748 871 2805 dicunt
887 2765 893 2804 :
910 2751 992 2805 Peter
1010 2753 1111 2812 noster,
1130 2749 1205 2820 quod
1225 2764 1282 2805 nou

696 2825 816 2946 possunt
835 2836 901 2876 rere
921 2836 954 2877 ac
977 2820 1022 2892 pie
1048 2819 1158 2888 dicere,
1175 2819 1227 2876 uisi
1250 2836 1281 2878 se

708 2897 798 2948 ratres
822 2908 884 2948 esse
904 2896 1097 2964 cognoscant:
1114 2914 1128 2943 n
1146 2893 1207 2949 baec
1220 2893 1279 2950 Aa·

695 2966 831 3032 gostinus.
849 2964 929 3021 Unde
947 2963 1033 3021 etiam
1055 2965 1281 3034 chrysostomus:

697 3057 712 3085 «
731 3036 842 3102 Quanta
857 3035 969 3093 Domini
983 3035 1058 3093 cirea
1081 3053 1133 3094 uos
1154 3036 1280 3107 dileetio,

695 3112 805 3177 quanta
830 3107 1024 3164 misericordia
1050 3110 1110 3179 ejus
1132 3113 1160 3164 et
1178 3109 1279 3182 pietas,

695 3193 758 3304 3¹¹ae
782 3177 864 3235 nobis
890 3184 975 3234 tantae
1012 3179 1091 3234 ratiae
1115 3195 1217 3235 munus
1236 3180 1280 3235 in·

716 3249 791 3317 ulsit,
806 3253 836 3303 ut
851 3249 970 3304 licenter
1007 3248 1134 3304 ominum
1145 3264 1178 3303 ae
1191 3251 1280 3303 Deum

695 3324 823 3375 nostrum
845 3319 918 3375 servi
939 3321 1051 3374 Patrem
1067 3318 1160 3374 dicere
1173 3317 1279 3373 audea-

696 3390 776 3446 must
793 3390 853 3455 Quo
867 3389 1005 3445 vocabulo
1024 3406 1081 3445 nou
1099 3389 1154 3444 'am
1170 3392 1280 3443 tautum

696 3475 803 3527 servos,
819 3460 869 3516 sed
885 3459 971 3517 etiam
996 3459 1069 3517 tilios
1088 3406 1137 3516 liei
1153 3474 1215 3515 esse
1230 3458 1279 3542 de·

695 3535 852 3599 monstrat;
879 3531 945 3603 quia
973 3546 1041 3604 ergo
1063 3534 1133 3588 tanti
1155 3546 1280 3587 muueris

714 3602 816 3659 ratiam
838 3601 981 3660 consecuti
999 3619 1106 3671 sumus,
1121 3600 1201 3674 quasi
1227 3601 1280 3659 filii

695 3619 745 3731 ie
762 3689 847 3747 agere
861 3678 889 3731 et
903 3674 1065 3731 conversari
1083 3674 1230 3743 debemus,
1249 3678 1280 3731 ut

695 3745 724 3802 id
737 3762 789 3802 uos
802 3761 865 3802 esse
889 3745 965 3817 quod
986 3745 1116 3814 dicimur,
1139 3744 1279 3817 spirituali

695 3823 760 3873 actu
784 3819 954 3889 probemus;
985 3832 1020 3874 ne
1048 3817 1132 3875 aliter
1162 3822 1280 3888 agentes

696 3903 780 3960 quam
807 3887 858 3945 Dei
882 3887 958 3944 tilios
986 3887 1129 3957 convenit,
1157 3888 1199 3945 rei
1227 3889 1280 3946 sub

695 3958 880 4031 usurpatione
895 3959 965 4015 tanti
982 3959 1106 4016 nominis
1120 3965 1279 4017 teneamur.

695 4032 783 4087 Docet
807 4035 903 4086 autem
922 4037 950 4088 et
973 4031 1136 4102 generalem
1153 4046 1205 4103 pro
1224 4031 1279 4086 lra-

695 4101 787 4158 tribus
812 4101 904 4157 lacere
927 4100 1102 4171 orationem
1125 4099 1280 4157 nonenim
1324 4144 1327 4149 .

695 4171 771 4240 dicit,
792 4174 877 4230 Pater
889 4189 979 4243 meus,
998 4173 1048 4231 sed
1067 4174 1152 4229 Pater
1171 4175 1279 4238 noster,

695 4250 726 4301 ut
755 4258 807 4315 pro
839 4246 994 4316 communi,
1013 4242 1121 4301 scilieet
1149 4254 1279 4312 corpore,
