2790 4912
320 257 485 314 submotis
514 261 546 314 tlt
574 261 684 314 morri
711 259 950 317 commilitio.
1214 269 1260 320 315

669 365 736 423 dine
752 383 803 423 sua
818 369 972 438 superflua.
990 368 1151 425 Secundum
1164 385 1256 428 erem-

669 437 748 564 Elum
765 437 886 495 sumitur
905 455 938 495 ex
954 456 987 496 eo
1012 440 1087 510 quod
1111 446 1154 497 εει
1178 446 1257 499 extra

51 379 111 435 aque
135 367 352 432 concrepantia
376 365 487 429 tomen,
505 364 613 422 seilicet

51 434 335 503 deenservandum3
363 441 388 491 et
415 439 498 492 Ραιει·
523 442 612 492 nester

51 507 138 562 clectis
150 509 242 574 puscit
257 508 321 571 itta,
336 511 455 579 propter
469 507 609 574 homineS,

51 576 91 634 ine
106 576 297 634 sollicitudine
313 593 413 634 corum
426 594 548 649 magna;
565 596 610 635 er·

51 648 169 715 ninello
185 648 278 730 magis
294 649 386 720 pascit
402 650 544 718 homines,
562 650 610 721 qui

51 724 93 776 unt
105 719 157 776 sibi
171 720 329 790 chariores,
344 719 406 776 sine
422 721 610 778 sollicitudine

51 804 125 847 eornm
147 792 302 862 superllua.
320 794 417 849 Nonne
441 809 488 848 eos
520 795 611 861 meeis

51 861 117 918 stab
134 867 199 917 estis
223 862 305 918 illisi
329 862 509 921 Rationabile
533 864 610 920 euim

51 931 142 1001 ulmal,
157 932 229 989 sicut
251 940 294 988 est
316 933 412 1003 bomo,
428 935 545 1007 majoris
567 940 611 991 est

51 1003 157 1061 tenderis
178 1009 207 1060 et
228 1004 312 1075 pretii
333 1020 429 1061 coram
447 1008 505 1063 Deo
525 1022 610 1079 quam

51 1074 241 1143 rationabilia,
261 1075 333 1132 sicut
357 1082 423 1132 sunt
447 1094 524 1146 aves,
544 1077 610 1148 quia

51 1143 157 1203 mimalia
168 1147 243 1202 laeta
255 1151 320 1203 sunt
330 1149 609 1228 propterbominem,

51 1212 198 1274 domantem
213 1222 257 1274 est
271 1217 394 1274 nobilior
409 1219 528 1291 hisquae
542 1227 611 1277 sunt

51 1285 172 1345 tdllnem.
187 1289 266 1345 Sicut
277 1305 346 1360 ergo
357 1292 431 1347 Deus
443 1291 534 1362 pascit
543 1307 610 1348 ares

51 1370 98 1419 blm
119 1360 308 1417 sollieitudine
340 1363 520 1419 convenienti
552 1379 610 1419 suan

51 1432 147 1509 lature,
163 1431 204 1488 sic
222 1430 314 1503 pascit
332 1432 461 1489 homines
475 1451 538 1491 cum
554 1434 610 1489 sol·

51 1494 167 1559 latudine
182 1502 360 1559 convenienti
373 1520 472 1561 eorum
488 1512 609 1568 naturae,

51 1581 92 1639 lue
111 1581 153 1630 εει
171 1573 329 1630 secundum
348 1576 475 1646 regulam
491 1576 611 1633 rationis

51 1647 119 1715 bete,
148 1644 172 1701 si
202 1650 298 1701 ιειιιειι
329 1661 362 1701 ea
393 1663 455 1718 quan
482 1648 611 1719 praecipit

51 1713 157 1793 ludeant
180 1715 309 1788 implere.
326 1716 396 1784 Quia
418 1719 491 1774 sicut
508 1724 611 1776 natura

51 1792 118 1843 tunm
133 1793 177 1843 est
193 1787 330 1859 praedicto
349 1788 434 1845 modo
450 1789 554 1857 vivere,
571 1789 611 1845 sie

51 1857 125 1930 [tlara
142 1859 268 1915 hominis
286 1863 330 1914 εει
346 1859 439 1916 ιιιειε
456 1861 610 1924 secundum

51 1932 166 1986 letamen
185 1928 304 1986 rationis
318 1936 413 1998 rectae,
426 1932 461 1987 ad
477 1933 553 2004 quod
566 1948 610 1988 se-

51 1999 120 2056 uitur
136 2000 229 2073 ipsum
244 2001 349 2057 debere
369 2002 515 2059 sollicitari
531 2003 609 2059 solli-

52 2070 151 2128 tudine
166 2073 315 2128 moderata
329 2072 365 2128 ad
377 2075 563 2143 quaerendum
577 2091 611 2130 ea

51 2153 87 2200 1ae
102 2159 160 2200 non
174 2143 252 2199 dedit
265 2143 317 2201 sibi
343 2151 456 2213 natura,
473 2151 503 2201 ut
516 2145 609 2201 eibum

77 2215 278 2272 vestimentum
307 2216 511 2272 necessarium.
529 2217 610 2272 Unde

51 2299 80 2342 tn
96 2286 166 2343 dicit
191 2287 225 2342 dc
254 2286 363 2357 aribus,
380 2304 438 2343 nou
456 2287 553 2344 volant
573 2288 609 2343 ad

51 2372 114 2415 ana
127 2362 156 2414 el
178 2357 214 2414 ad
229 2375 344 2430 pascua,
360 2358 427 2430 quia
444 2375 499 2415 nnn
515 2358 611 2431 prohi-

51 2435 68 2485 ιι
100 2429 229 2487 laborem
258 2435 287 2486 ει
313 2430 531 2502 providentiam,
559 2430 609 2486 sed

53 2498 243 2558 llicitudinem
251 2506 281 2558 et
292 2500 451 2558 avaritiam.
462 2501 514 2558 Ubi
526 2503 609 2571 Cory·

51 2578 154 2628 stemus
180 2591 188 2627 τ
217 2594 232 2623 ιι
260 2572 361 2628 Omnia
389 2572 514 2629 volatilia
543 2572 609 2629 lecit

51 2660 94 2701 eus
125 2649 243 2715 propter
270 2644 434 2712 boniinem,
462 2643 608 2700 homiuem

51 2721 117 2772 tem
134 2721 252 2796 propter
266 2714 401 2786 seipsum.
418 2716 446 2772 Si
461 2732 529 2786 ergo
545 2715 607 2770 ani·

51 2786 145 2843 atibus
159 2785 301 2841 ministrat
318 2792 433 2857 propter
448 2785 606 2855 homiuem,

51 2857 165 2914 ,omodo
182 2873 239 2913 uon
256 2857 363 2913 bomini
380 2856 523 2915 ministrat
541 2874 607 2930 pre-

51 2944 85 2986 er
100 2927 247 2999 seipsum?
262 2948 276 2979 »ι

51 3023 70 3074 9
83 3001 189 3055 Damna
202 3015 375 3056 somimruno
387 3016 545 3055 vnsriuenm
562 3016 607 3055 uni

51 3087 150 3127 uonna
165 3088 372 3129 summanum·
386 3070 492 3127 Deinde
506 3072 608 3142 probat

67 3141 240 3199 vestimento
255 3160 261 3197 ι
277 3145 313 3197 Et
322 3143 356 3197 de
367 3145 527 3198 uestimento
538 3143 607 3211 quid

51 3215 138 3271 llieite'
150 3215 220 3269 eeti‘l
235 3215 269 3268 Et
283 3212 363 3284 ponit
389 3213 490 3284 duplex
511 3229 607 3269 exem·

51 3301 109 3342 um.
127 3284 253 3341 Primum
282 3289 325 3340 est
352 3284 388 3340 de
416 3300 450 3340 eo
470 3285 545 3356 quod
565 3292 608 3340 εει

51 3364 95 3414 tra
106 3354 606 3428 hominemmaguitudineemporia,

51 3442 107 3485 iam
122 3427 172 3483 dat
187 3429 262 3483 Deus
280 3427 342 3482 sine
361 3426 550 3484 sollicitudine
564 3426 606 3499 ip-

51 3498 190 3569 1s3quod
205 3515 238 3554 ex
253 3498 306 3554 hnc
327 3504 415 3569 patet,
429 3499 496 3568 quia
515 3514 606 3569 quan·

51 3585 206 3640 mcumque
237 3569 340 3639 aliquis
371 3568 539 3626 sollicitetur
571 3569 607 3625 de

51 3661 54 3697 l
106 3640 252 3698 eutatioue
277 3656 338 3709 sua,
363 3639 434 3696 nihil
461 3645 554 3712 polest
580 3639 606 3696 ei

51 3715 55 3769 l
75 3727 137 3769 ere.
153 3712 221 3779 Quis
239 3717 329 3767 autem
348 3718 465 3767 oestrum
484 3715 607 3782 capitone

51 3789 109 3841 test
121 3784 243 3852 adjicere
259 3783 297 3837 ael
312 3789 448 3839 staturam
462 3799 541 3838 suam
558 3799 605 3838 ou·

51 3861 109 3913 tum
134 3854 240 3910 unum?
256 3855 325 3911 Cum
344 3853 430 3925 igitur
453 3853 606 3909 vestimen-

51 3942 80 3984 m
103 3931 248 3998 competat
272 3926 365 3996 maius
384 3923 427 3980 vel
450 3924 544 3981 minus
565 3940 608 3980 se-

51 3997 146 4055 ndum
165 3996 351 4069 quantitatem
375 3995 562 4067 corporalem,
579 3999 608 4050 et

51 4068 165 4127 tantitas
183 4067 269 4125 datur
289 4066 315 4124 el
339 4065 402 4123 sine
418 4066 606 4123 sollicitudine

52 4157 89 4210 a,
117 4154 171 4212 per
196 4154 375 4210 consequens
406 4137 606 4219 vestimentum

52 4210 193 4271 eveniens
210 4210 325 4270 dabitur
347 4208 374 4267 ei
397 4208 458 4267 sine
472 4208 608 4267 sollicnu·

690 508 825 578 ominem,
842 509 952 566 seilicet
974 527 1006 568 ex
1027 516 1111 568 terrm
1135 528 1254 569 nascen-

669 580 755 647 tibus,
773 585 803 636 ul
828 579 894 636 liliis
921 586 950 637 ει
974 581 1081 650 herbiS,
1099 583 1167 654 quia
1193 583 1260 641 sine·

668 667 720 708 sua
739 650 930 709 sollieitudine
952 661 1091 722 crescunt,
1110 661 1138 709 ει
1153 670 1255 711 secuu-

668 723 736 778 dum
748 738 828 778 suani
844 723 1030 793 quantitatem
1055 740 1072 780 a
1094 726 1152 782 Deo
1167 725 1255 783 vesli-

668 797 765 862 untur,
780 799 897 864 propter
921 796 996 866 quod
1016 794 1107 851 dicit:
1126 797 1254 854 Conside-

666 869 726 919 rnte
739 866 802 919 litio
815 867 879 933 apri
891 868 1024 936 quomodo
1039 871 1181 923 crescunt?
1195 871 1254 927 Non

667 936 805 1000 taberent,
823 936 858 992 ad
878 938 1036 994 ornandum
1053 954 1083 994 se
1100 938 1253 1009 coloribus,

665 1023 751 1077 neque
771 1013 845 1071 nent,
862 1007 891 1063 id
918 1014 960 1064 εει
984 1008 1074 1076 filant,
1090 1011 1127 1065 ad
1151 1010 1256 1067 taciem·

665 1078 733 1134 dum
748 1078 800 1135 sibi
817 1078 1032 1149 vestimentum3
1051 1086 1080 1136 ει
1094 1087 1189 1137 tamen
1203 1097 1253 1154 op·

665 1149 733 1206 time
750 1150 910 1206 vestiuntur
924 1149 973 1207 Dei
989 1150 1179 1221 providentia,
1194 1159 1253 1210 tam

666 1220 799 1292 pretiosis
814 1220 957 1277 coloribus
970 1221 1079 1277 induta.
1097 1225 1160 1293 lpse
1175 1223 1252 1279 euim

667 1293 746 1348 color
781 1290 989 1362 operimentum
1016 1298 1058 1348 est
1088 1295 1190 1349 lterum
1205 1294 1252 1365 qui

667 1379 767 1419 omnes
795 1362 905 1418 excellit
930 1363 1039 1419 colores
1064 1364 1195 1431 restium,
1225 1370 1254 1420 et

666 1434 762 1504 regale
791 1433 902 1490 excellit
930 1440 1141 1490 ornamentum.
1170 1436 1250 1503 Quod

666 1507 768 1577 probat
794 1504 891 1560 dicens
912 1523 919 1560 :
939 1507 1082 1573 Quoniam,
1099 1522 1146 1562 nee
1171 1507 1251 1564 Solo·

665 1593 728 1631 orion
746 1580 776 1631 in
797 1579 871 1631 noent
892 1579 982 1645 alerio
999 1592 1066 1644 sao,
1087 1577 1152 1634 licet
1168 1576 1255 1634 luerit

667 1664 714 1703 rex
730 1647 959 1719 potentissimus;
974 1654 1113 1718 coopertos
1129 1655 1169 1705 est
1180 1652 1252 1705 siout

666 1736 750 1773 unum
764 1735 798 1774 ee
815 1722 887 1783 istis,
908 1735 964 1775 riou
985 1719 1038 1775 luit
1056 1718 1096 1775 ita
1116 1721 1190 1776 bene
1206 1735 1253 1775 ve·

667 1789 1253 1861 stilae,quialicelarsimileturunluram,

668 1869 763 1916 tamen
779 1877 865 1932 opera
888 1860 957 1917 artis
985 1878 1041 1916 tion
1064 1867 1255 1933 assequuntur

667 1931 871 2004 perfectionem
897 1948 1014 2003 operum
1039 1938 1158 1989 naturae.
1175 1933 1254 1989 Unde

666 2006 873 2073 Hieronymus:
894 2023 908 2056 ιι
927 2006 960 2058 Ει
979 2020 1087 2072 revera,
1110 2004 1186 2075 quod
1208 2019 1253 2061 se-

666 2075 777 2143 ricum,
806 2091 868 2146 quan
895 2091 995 2143 regum
1024 2091 1165 2147 purpura,
1191 2091 1254 2146 quae

666 2145 775 2217 pictura
789 2145 937 2202 textricum
947 2152 1040 2217 polest
1050 2147 1168 2203 tionibus
1180 2162 1256 2203 com-

667 2217 782 2298 parari?
798 2217 869 2284 Ouid
882 2216 921 2273 ita
936 2218 1019 2273 rubet
1033 2222 1065 2273 ut
1077 2219 1166 2274 rosa?
1180 2218 1253 2284 Quid

666 2293 707 2344 ita
720 2288 821 2344 caudet
832 2295 861 2344 ιιι
875 2287 988 2344 lilium‘l
1002 2287 1090 2344 Violan
1105 2305 1172 2345 sero
1184 2304 1254 2360 pur·

666 2375 766 2431 puram
788 2359 864 2414 nullo
890 2359 975 2415 modo
995 2359 1121 2431 superari
1146 2359 1254 2415 murice

666 2430 813 2486 oculorum
828 2432 919 2499 magis
933 2445 1019 2500 quam
1033 2446 1195 2487 sermonum
1207 2431 1253 2502 ju·

666 2501 771 2557 dicium
787 2507 838 2556 est.
855 2523 867 2549 n
885 2501 963 2556 Unde
982 2508 1011 2556 ει
1027 2503 1252 2571 chrysostomus:

666 2592 679 2625 ι
695 2573 751 2628 Cur
768 2588 834 2626 vero
859 2576 940 2627 tauto
970 2571 1056 2628 etiam
1076 2574 1180 2629 herbas
1206 2573 1253 2631 de·

664 2659 730 2699 core
742 2641 863 2709 vestivit,
879 2646 909 2698 ut
922 2658 1006 2697 suam
1021 2642 1128 2699 scilieet
1142 2643 1254 2715 sapien-

665 2714 734 2771 tiam
758 2714 943 2781 demonstret,
967 2718 994 2769 et
1017 2715 1252 2786 superabundan-

664 2786 733 2842 tiam
744 2784 866 2853 virtutis,
877 2790 908 2840 ιιι
921 2784 1044 2855 undique
1059 2787 1120 2856 ejus
1131 2785 1251 2911 florium

664 2857 817 2913 discamus
834 2857 895 2911 b'on
922 2856 997 2911 enim
1022 2856 1075 2912 soli
1090 2872 1132 2912 eoe
1145 2857 1153 2911 i
1168 2873 1252 2914 enar·

664 2934 729 2984 rant
752 2926 871 2999 gloriam
893 2926 962 2997 θείς
985 2928 1034 2983 scd
1056 2934 1085 2983 et
1107 2934 1209 2984 terra:
1235 2949 1250 2978 »

663 3000 725 3055 hacc
745 3001 962 3069 chrysostom-us.
979 3001 1011 3055 Et
1023 3014 1056 3056 ει
1072 3001 1125 3055 hoc
1140 2999 1252 3057 conclu-

664 3070 705 3126 dit
725 3071 801 3142 quod
819 3073 891 3127 Deus
911 3071 1086 3127 sufficienter
1100 3070 1184 3127 restit
1198 3071 1251 3127 ho-

663 3142 1250 3213 nilneiuobsquesollicitudiuesuperllua,

664 3213 761 3269 diceus
779 3231 785 3267 ε
804 3215 836 3269 Si
851 3218 941 3267 nutem
957 3215 1069 3280 (mnam,
1086 3212 1115 3266 id
1130 3217 1174 3266 est
1188 3213 1251 3267 her·

663 3284 739 3350 bam,
755 3286 828 3351 opii,
855 3283 930 3351 qood
947 3284 1027 3336 bootia
1042 3286 1091 3344 est,
1107 3282 1136 3335 id
1159 3287 1202 3337 εει
1220 3281 1249 3337 in

663 3353 807 3437 praesenti,
818 3359 843 3407 et
854 3367 914 3406 cros
925 3355 956 3406 in
964 3353 1104 3406 clibanum
1115 3353 1248 3419 mittitur,

663 3426 749 3482 idest
768 3423 795 3479 in
819 3423 901 3477 turno
916 3421 1040 3477 mittitur
1057 3437 1109 3477 seu
1122 3420 1248 3493 ponitur,

663 3496 730 3568 quia
747 3495 775 3551 iu
791 3492 961 3566 quibusdam
976 3492 1060 3548 terris
1073 3492 1136 3548 loco
1156 3491 1248 3565 ligno·

662 3583 725 3625 rum
751 3570 870 3623 utuntur
895 3562 1006 3636 stipulib
1028 3569 1057 3620 et
1084 3563 1189 3622 talibus
1213 3565 1250 3621 ad

663 3637 887 3696 calefaciendum
902 3636 1028 3706 turnum,
1044 3639 1115 3691 Deus
1131 3640 1171 3692 sie
1190 3636 1250 3708 pul·

662 3711 729 3767 chre
756 3714 784 3766 ει
812 3707 897 3764 variis
924 3706 1068 3763 coloribus
1097 3713 1126 3764 et
1150 3708 1250 3765 lormis

662 3785 754 3846 uestit,
770 3786 799 3838 ει
822 3783 968 3836 venustate
992 3780 1124 3846 adornat,
1144 3786 1249 3850 quanto

662 3856 751 3922 manis
769 3868 816 3907 oos
836 3852 948 3906 modice
962 3850 1038 3919 fidei,
1055 3849 1164 3907 scilicet
1186 3853 1249 3909 sine

663 3922 851 3980 sollicitudine
867 3924 1011 3994 supertlua
1027 3921 1150 3978 vestiet?
1162 3921 1249 3990 Quasi

662 3994 770 4050 diceret
786 4011 793 4049 ε
811 3993 839 4050 Si
855 3993 890 4049 de
905 3993 1034 4058 floribus
1044 3993 1093 4065 qui
1106 3993 1167 4049 uati
1181 3998 1248 4050 suut

662 4064 857 4122 tantummodo
873 4070 903 4120 ιιι
914 4063 1063 4121 rideantur
1076 4069 1104 4120 et
1116 4068 1247 4136 pereant,

661 4141 770 4193 tantam
800 4137 873 4191 Deus
900 4150 998 4192 curam
1027 4134 1112 4207 gerit,
1141 4139 1248 4204 quanto

661 4208 752 4280 magis
771 4207 806 4263 de
825 4205 998 4276 hominibus,
1018 4205 1067 4278 qui
1087 4203 1123 4261 ad
1147 4203 1248 4274 imagi-

1032 4561 1036 4569 ·
1117 4502 1301 4608 fl
