2790 4912
284 340 323 393 DE
352 340 457 394 Pllllld
484 342 666 397 RJEC'I'IONE
693 342 907 398 transilitor
935 346 1146 402 tte-obitam.
1291 351 1338 406 ato

665 549 794 608 ORATIO

151 707 332 790 boninelesu
348 708 470 780 Christe,
487 710 536 782 qui
560 711 605 766 die
628 711 723 778 tertia,
740 710 849 766 scilicet
868 714 997 781 tompore
1023 714 1133 784 gratie,
1149 714 1185 770 ad
1205 717 1328 788 nuptias,

129 780 208 837 miton
222 782 428 852 croannetionis
442 781 482 837 tui
500 790 529 838 et
542 782 686 851 Ecclesiae,
704 798 753 852 per
768 798 883 838 carnem
901 783 1012 854 venisti,
1027 791 1055 840 et
1069 801 1172 856 aquam
1187 787 1214 842 in
1233 790 1329 846 vinum

130 851 273 922 convertisti,
289 853 358 909 durn
371 869 406 909 ea
420 867 485 924 quae
499 853 528 909 in
544 852 691 924 Scriptura
715 855 802 909 veteri
830 855 956 910 carnalia
975 854 1154 926 videbantur,
1170 860 1329 924 spiritualia

129 924 255 992 ostendisti,
271 926 345 979 unde
360 924 451 994 plenae
465 931 531 980 sunt
546 925 665 997 hydriae,
681 926 747 996 quia
765 925 888 994 impletor
903 930 966 980 sunt
983 929 1139 996 prophetiae
1155 930 1329 1002 :Goonrerta

112 1008 211 1069 cquaeso,
225 996 350 1051 animam
369 1011 463 1053 meam
481 994 613 1066 frigidam
635 999 662 1052 in
688 995 834 1052 charitatis
856 1003 912 1052 tuae
936 997 1091 1067 ieroorern;
1118 1001 1279 1071 insipidam,
1301 1004 1330 1059 in

130 1069 247 1123 maribtis
272 1075 328 1124 tuae
350 1083 500 1136 saporem
526 1067 680 1124 huurbilem
697 1077 726 1124 et
747 1068 918 1136 instabilem,
936 1069 964 1124 in
988 1070 1099 1126 virtutis
1117 1079 1145 1126 et
1160 1072 1259 1144 gratiae
1279 1079 1335 1131 tua

81 1170 88 1217 2
132 1139 311 1196 cosantiam:
330 1148 443 1195 mutans
466 1154 571 1211 aquam
600 1141 686 1196 totius
711 1156 780 1195 noeae
806 1140 1002 1210 indevotionis,
1021 1143 1049 1197 in
1064 1143 1160 1198 vinum
1185 1143 1336 1201 irooetuosae

133 1211 405 1284 mnpunctionis,quo
420 1226 464 1268 me
479 1214 613 1266 miserum
631 1227 743 1281 semper
756 1218 864 1281 potare,
874 1216 902 1265 et
917 1212 1069 1281 inebriare,
1088 1230 1121 1269 ac
1138 1213 1207 1270 illud
1221 1216 1337 1272 tandem

135 1280 250 1340 nonum
259 1283 446 1356 jucunditatis
458 1288 624 1339 convertere
640 1283 675 1339 de
689 1291 737 1338 tua
752 1282 945 1338 misericordia
959 1282 1093 1355 digneris.
1111 1286 1210 1342 brnen.

583 1605 720 1676 CAPUT
746 1605 855 1677 XXVI

183 1825 216 1870 DE
237 1826 328 1871 Pilffl
349 1825 507 1872 HECTIONE
537 1824 732 1871 insonamus
753 1825 791 1867 DE
813 1824 939 1886 rento,
963 1824 1001 1869 ET
1023 1823 1061 1868 DE
1083 1825 1245 1872 NICODEHO.

543 1993 660 2049 loannis
681 2009 743 2065 cap.
757 1994 781 2049 Il
796 1999 824 2049 et
840 1993 888 2050 111.

139 2212 146 2246 r
171 2189 304 2246 Csnrsrus
329 2203 475 2244 nascasnrr
498 2187 681 2245 Carnonaoun

108 2270 132 2315 or
152 2279 254 2318 rosrea
278 2263 473 2317 transnatans
492 2273 628 2315 ascerum.
650 2290 681 2300 -

104 2328 158 2389 Post
170 2334 229 2397 bor,
247 2334 275 2387 iol
301 2339 343 2387 est
356 2332 474 2403 praelato
489 2333 636 2398 miraculo,
652 2331 680 2385 in

100 2414 185 2460 nense
199 2405 337 2461 Janorario
356 2404 441 2471 laeto,
458 2418 568 2459 moram
593 2401 682 2457 traxit

97 2473 170 2533 lctus
192 2478 221 2530 in
243 2475 359 2531 Galilaea
379 2490 467 2546 usque
491 2475 558 2529 dum
577 2490 681 2544 appro-

91 2544 239 2672 ssinquaret
255 2545 361 2602 mensis
375 2544 480 2617 Aprilis
499 2544 528 2601 in
546 2561 603 2616 quo
620 2549 681 2628 erat

108 2619 197 2675 metra
211 2617 390 2685 Judaeorum;
403 2621 431 2673 et
440 2621 516 2683 tunc,
527 2616 678 2678 descendet,

88 2689 245 2746 secundum
259 2689 313 2745 loci
327 2688 423 2770 situm,
441 2688 476 2745 de
492 2689 569 2745 Cana
584 2686 614 2742 in
631 2688 680 2744 Gu-

83 2762 254 2833 pbnmnum,
273 2761 453 2831 metropolim
472 2759 606 2826 Galilaea,
621 2761 680 2827 ipse

86 2834 217 2889 allator
231 2832 309 2901 epm
328 2831 534 2887 descenderunt
548 2829 680 2885 similiter

85 2908 110 2960 ot
123 2906 232 2972 tratres
246 2905 316 2972 ejus,
327 2902 354 2957 id
367 2908 421 2969 est,
431 2901 543 2973 cognati
560 2902 622 2972 ejus
637 2916 680 2956 se·

85 2974 214 3032 cundum
225 2971 678 3044 carnem,seilicetconsanguinei

83 3046 185 3103 llatris
200 3047 245 3102 rel
258 3046 374 3117 loseph,
393 3046 440 3117 qui
455 3049 538 3127 pater
557 3047 678 3116 putaba-

83 3118 320 3189 tur,ctcttseo'pulo'
331 3118 401 3186 rjus,
415 3133 462 3187 qur
477 3132 603 3189 pereum
616 3132 679 3172 eru-

83 3186 248 3245 diebantur.
265 3189 332 3244 loten
347 3194 442 3244 autem
465 3188 677 3259 capharnaum,

85 3273 150 3333 quae
178 3265 241 3316 erut
265 3259 440 3331 metropolis,
460 3259 549 3315 voluit
568 3259 676 3327 venire,

84 3330 226 3404 quiajam
241 3329 386 3403 inceperat
395 3329 516 3402 gloriam
528 3346 608 3387 suam
623 3345 680 3386 ma-

83 3402 284 3459 nitescerent
302 3405 343 3458 iot
355 3408 516 3458 munseo-unt
527 3418 582 3458 non
606 3404 679 3456 mool-

82 3476 122 3529 tio
139 3473 249 3542 simbus,
269 3474 336 3545 quia
365 3474 440 3530 cives
465 3474 677 3545 Capharnaum,

83 3544 167 3601 ratde
184 3560 269 3602 curru
290 3545 324 3615 ti,
352 3561 409 3601 non
437 3561 468 3602 se
490 3546 677 3601 exhibuerunt

81 3612 203 3673 devotos
243 3632 261 3672 a
317 3615 528 3689 suscipiendam
574 3614 677 3672 Christi

81 3684 243 3744 doctrinam
253 3705 263 3770 5
279 3693 307 3744 et
321 3688 388 3760 qnia
410 3686 578 3743 imminebat
603 3693 675 3741 tem·

81 3770 136 3839 ptos
148 3759 235 3816 eundi
252 3760 462 3828 rnlerusalem,
478 3764 597 3831 propter
607 3773 674 3838 pro·

80 3843 189 3886 nurum
221 3831 329 3887 Pascha
354 3831 529 3888 ludaeorunr.
544 3831 580 3885 lit
608 3843 675 3900 qma

78 3914 166 3972 prope
179 3907 238 3958 erut
248 3905 354 3958 Puscbu
365 3903 531 3967 trodaorum,
548 3900 674 3956 coaccedit

80 3971 169 4042 trous,
193 3988 259 4029 cnm
280 3972 426 4046 discipulis
451 3973 521 4042 suis,
536 3973 673 4040 Jerosotp-

81 4058 166 4111 mum,
187 4046 369 4116 metropolim
386 4045 506 4114 ludaeae,
518 4044 673 4100 secundum

81 4113 166 4186 Legis
182 4122 366 4188 preceptum.

119 4206 134 4242 e
148 4187 236 4242 Eorcrr
251 4201 585 4244 nmrnoonuonroressr
597 4201 680 4240 nsa-

82 4273 140 4313 rrs.
158 4287 193 4299 -
208 4261 245 4314 tto
260 4260 365 4315 incenit
378 4262 407 4315 ia
422 4261 523 4331 tempto
534 4257 679 4313 eradentes

738 2189 826 2257 bones,
842 2193 868 2244 rt
887 2205 958 2257 oues,
976 2195 1001 2245 ct
1021 2192 1169 2258 columbos,
1185 2198 1211 2248 et
1234 2210 1332 2250 numu·

737 2261 823 2315 turios
847 2262 978 2315 sedentes.
1005 2262 1124 2316 Norrrinc
1146 2264 1243 2333 templi
1272 2280 1330 2320 non

736 2331 875 2402 arripitur
891 2331 937 2385 hic
957 2330 1019 2402 ipsa
1042 2331 1143 2386 domus
1159 2333 1282 2401 Domini,
1300 2334 1329 2389 in

736 2407 867 2472 quaerat
882 2401 972 2456 altare
987 2400 1180 2472 thymiamatis
1191 2408 1217 2456 et
1227 2404 1329 2460 rande-

736 2473 862 2538 labrum;
887 2488 940 2526 nec
964 2472 1068 2526 atrium
1089 2472 1278 2541 sacerdotum,
1299 2474 1328 2531 in

736 2560 792 2614 qno
811 2547 873 2598 erat
890 2542 978 2597 altare
1006 2543 1256 2610 holocaustorum
1278 2545 1328 2601 sed

735 2615 878 2685 quoddam
887 2612 990 2668 atrium
999 2613 1046 2668 ubi
1060 2612 1326 2684 hominesorabant,

735 2693 763 2741 et
792 2687 923 2741 ‹tortores
949 2684 1100 2749 docebant,
1117 2691 1145 2739 et
1167 2684 1204 2740 ibi
1222 2687 1327 2743 vendo·

736 2759 839 2813 bantur
852 2772 896 2823 ea,
913 2771 975 2826 qum
991 2755 1139 2827 intemplo
1164 2757 1326 2815 ollerehan·

735 2834 790 2883 tur.
809 2832 841 2884 Et
857 2827 968 2900 quiade
983 2826 1139 2900 longinquo
1154 2830 1255 2885 adduci
1269 2845 1326 2887 non

735 2907 877 2971 poterant,
887 2899 951 2956 ideo
966 2900 1138 2969 sacerdotes,
1151 2902 1197 2974 qui
1215 2908 1329 2985 propter

734 2972 919 3044 cupiditatem
942 2971 1062 3029 diversis
1077 2972 1327 3031 adinventionibus

732 3046 869 3171 ¹Repulum
896 3045 1138 3171 depauperahant,
1165 3051 1325 3103 statuerunt

755 3117 864 3173 omines
887 3116 932 3188 qui
959 3121 987 3173 ta
1000 3116 1026 3172 ia
1053 3117 1091 3173 ibi
1108 3119 1278 3184 vendebant,
1293 3122 1325 3172 ut

735 3189 880 3243 venientes
894 3187 929 3243 de
938 3187 1102 3257 longinquo,
1114 3188 1326 3242 excusationem

734 3259 769 3314 de
784 3256 1165 3314 oblationibusdimittendis
1179 3257 1326 3310 nonhabe-

736 3335 807 3384 rent.
822 3327 914 3398 Aliqui
937 3326 1023 3382 etiam
1039 3325 1250 3381 advenientium
1271 3339 1327 3379 non

734 3401 877 3455 habebant
901 3397 1061 3469 peruniam.
1086 3401 1113 3452 et
1138 3395 1201 3451 ideo
1223 3399 1327 3450 statue·

734 3477 799 3526 rant
820 3468 857 3525 ibi
874 3484 1047 3539 campsores,
1064 3467 1112 3539 qui
1127 3467 1179 3524 sub
1195 3465 1327 3524 cautione

733 3541 884 3596 tradebant
913 3555 992 3607 eam;
1024 3546 1051 3597 et
1079 3540 1227 3607 cumbae,
1250 3538 1325 3596 ultra

734 3618 851 3679 sortem,
868 3610 1040 3682 recipiebant
1056 3611 1152 3682 aliqua
1171 3626 1325 3668 munuscu-

734 3685 770 3746 la,
800 3701 857 3739 non
878 3689 974 3739 tamen
995 3682 1156 3754 pecuniam,
1184 3699 1219 3739 ne
1241 3698 1275 3739 ar
1294 3698 1325 3739 u·

733 3761 849 3811 erentur
867 3754 1016 3811 manifeste
1034 3755 1126 3812 lacere
1151 3758 1251 3812 contra
1313 3784 1327 3798 ·

733 3843 808 3898 gem,
825 3827 920 3883 dando
933 3827 969 3881 ad
984 3841 1109 3882 usuram,
1124 3830 1159 3884 Et
1173 3844 1233 3882 eum
1244 3829 1323 3894 secie

733 3905 773 3954 oct
787 3902 869 3954 lesus
890 3900 972 3969 qoouso'
985 3900 1166 3968 {lupellumde
1176 3899 1322 3966 tuniculis,

734 3972 813 4040 ejecit
840 3985 941 4039 omncs,
969 3969 1075 4026 scilicet
1103 3971 1268 4039 vendentes,
1296 3972 1325 4025 et

734 4041 919 4110 numularios,
934 4058 1007 4098 ,noes
1025 4048 1172 4114 quoquest
1186 4044 1273 4107 boves,
1289 4039 1324 4094 de

734 4114 851 4183 templo,
868 4119 895 4169 et
918 4116 1138 4170 numulariorum
1155 4129 1201 4180 as,
1227 4112 1255 4167 id
1281 4113 1323 4164 est

734 4184 895 4256 pecuniam,
910 4186 1017 4257 effudit,
1028 4190 1056 4243 et
1072 4184 1101 4241 in
1116 4183 1228 4239 diversa
1244 4192 1323 4254 span:

734 4256 782 4325 sit,
797 4261 824 4312 et
837 4273 945 4314 mensus
958 4270 1139 4327 eorumquae
1151 4258 1233 4308 erant
1244 4260 1323 4323 quast
