2790 4912
256 287 299 342 Μ
327 289 451 344 neutra
478 291 599 347 DDllllll
627 293 673 346 llll
700 291 852 345 AEGYPTD.
1131 292 1175 345 lit

53 397 81 448 et
98 391 176 450 exitu
189 392 276 450 lsrael
291 392 327 451 de
341 397 472 468 AEgypto,
487 397 525 454 ad

64 463 182 591 lffiitun
192 463 240 536 qui
251 465 337 522 etiam
350 467 522 540 quandoque

116 551 149 591 us
169 534 332 617 aDomino
351 538 521 665 apXellatur.

53 624 77 675 ,ro
101 612 258 663 auctoritas
276 608 362 665 habet
403 609 523 682 uplicem

58 678 222 747 litteralem,
237 677 304 750 quia
318 679 463 738 senticeta
477 687 521 739 est

53 765 114 818 am,
133 749 168 806 de
183 748 287 822 populo
307 751 405 819 lsrael,
423 757 524 810 vocato

53 823 93 877 iio
109 821 145 876 de
165 823 297 893 AEgypt03
314 822 468 893 perfectius
485 829 526 880 ta·

64 892 184 947 Domino
199 896 298 949 nostro
318 895 386 951 Jesu
402 895 525 962 Christo,

53 979 73 1018 te
85 970 129 1019 est
144 962 230 1019 Filius
245 963 295 1020 Dei
312 965 460 1034 naturalis,
478 966 525 1023 alii

53 1042 107 1090 tunt
122 1033 174 1089 filii
189 1050 241 1106 per
255 1034 449 1107 adoptionem.
467 1037 526 1093 Pri·

53 1121 63 1160 ι
81 1121 159 1161 anno
179 1106 320 1174 Archelai,
337 1108 459 1166 senioris
474 1108 525 1165 filii

56 1218 63 1245 ,
78 1182 106 1231 et
123 1193 201 1232 anno
216 1177 327 1233 Domini
342 1184 453 1249 octavo,
469 1196 527 1236 ecoe

53 1250 187 1302 :Domini
210 1252 346 1320 apparuit
369 1253 468 1322 Josepa
496 1254 526 1307 in

53 1319 140 1374 licens
150 1319 197 1375 ei:
214 1320 302 1389 Sarae
315 1326 341 1376 ct
355 1325 447 1393 accipe
460 1325 527 1378 Pue-

53 1392 158 1471 llatrem
171 1391 241 1471 ejus,
257 1397 282 1447 et
297 1393 366 1447 vade
378 1396 408 1448 in
423 1399 525 1449 terram

54 1461 158 1516 scilicet
182 1478 212 1516 m
233 1462 379 1532 Judaeam3
401 1465 526 1533 defuncti

53 1549 87 1594 m,
102 1536 152 1602 qui
165 1534 323 1603 quaerebant
337 1538 459 1591 animam
475 1538 527 1592 Pa·

53 1611 89 1660 est
107 1603 195 1660 vitam
214 1621 263 1661 cor
283 1606 402 1676 oralem,
417 1606 526 1664 scilicet

53 1675 124 1757 odes
141 1681 171 1731 et
185 1621 336 1748 complices
353 1678 424 1750 ejus,
440 1683 527 1749 atque

53 1762 105 1801 tin
129 1753 250 1803 mortem
273 1748 397 1817 Domini,
419 1749 527 1805 scilicet

55 1822 82 1872 et
100 1817 253 1886 Pharisaei3
276 1819 353 1890 qnia,
369 1821 526 1877 secundum

53 1906 86 1951 m,
103 1888 230 1945 Herodes
243 1890 376 1963 praecepit
391 1891 420 1947 in
436 1897 526 1947 morta

53 1976 116 2015 ures
142 1960 178 2016 de
203 1961 345 2018 nobilibus
362 1963 527 2019 Judaeorum

58 2073 65 2098 ,
89 2036 120 2086 ut
144 2030 185 2086 sic
202 2037 316 2103 cogeret
333 2034 458 2102 Jndaeos,
480 2033 526 2105 qui

53 2106 143 2169 erant,
167 2104 235 2158 llere
250 2104 281 2160 in
297 2120 348 2160 sua
361 2111 467 2172 morte;
482 2104 527 2160 vel

53 2191 58 2228 ι
74 2178 203 2230 mortuus
220 2180 264 2231 est
276 2176 313 2231 ad
328 2175 463 2244 litteram,
479 2174 526 2231 alii

53 2250 224 2301 ›otestatem
248 2248 285 2302 Ει
300 2246 355 2302 hoc
369 2263 401 2303 er
421 2263 437 2302 o
453 2248 526 2315 loco,

53 2332 88 2371 im
110 2319 318 2386 Hieronymum,
340 2262 527 2390 intefiigimus

53 2403 98 2442 um
117 2388 268 2456 Herodem,
287 2389 379 2446 sedet
394 2389 526 2445 sacerdo·

53 2457 147 2526 aibas,
159 2459 261 2515 eodem
274 2466 413 2532 tompore,
427 2476 526 2517 necem

71 2528 158 2585 luisse
184 2530 344 2588 meditatos.
373 2532 408 2588 Ut
430 2537 525 2588 autem

55 2602 140 2681 ipius,
162 2617 212 2671 per
231 2604 285 2658 hoc
304 2603 380 2674 quod
400 2602 525 2673 Angelus

53 2687 85 2726 us
98 2673 205 2743 loseph
225 2673 391 2745 apparuisse
410 2673 525 2742 dicitur,

71 2742 248 2823 designatur,
266 2744 341 2816 quod
366 2743 418 2812 illi,
436 2745 483 2815 qui
509 2761 527 2800 a

52 2829 143 2869 rrenrs
159 2821 186 2870 et
203 2815 378 2873 secularibus
401 2815 524 2886 negotiis

53 2890 122 2945 tunt,
139 2885 246 2956 pertrui
261 2886 396 2959 angelica
416 2887 524 2943 visione

53 2972 88 3010 rr.
102 2956 156 3022 Qui
171 2956 266 3026 igitur,
281 2959 387 3029 loseph
403 2957 524 3026 scilicet,

53 3042 106 3088 nas.
123 3031 268 3112 tamquam
288 3034 436 3102 promptus
454 3031 523 3086 obe-

53 3101 528 3241 tlttttttttntttttbtl:

53 3255 130 3295 omes
149 3241 347 3312 obsequiosus,
366 3249 392 3298 et
411 3243 527 3300 rediens

53 3353 54 3359 ι
69 3316 170 3366 terram
183 3315 279 3368 Israel.

53 3400 205 3439 ¹nausearum
224 3402 347 3442 rnnnsrr.
362 3414 397 3427 -
408 3386 525 3442 Vadunt

63 3457 212 3511 transeunt
234 3470 285 3526 per
304 3456 458 3525 desertum,
473 3472 525 3528 per

53 3531 172 3580 inerunt.
189 3526 279 3594 Vade,
295 3531 324 3582 et
338 3533 379 3594 tu,
393 3543 457 3584 cum
472 3527 524 3596 eis,

53 3613 68 3650 n
98 3601 126 3651 et
151 3596 299 3654 servitium
323 3597 471 3666 exhibens,
497 3603 525 3655 et

53 3682 102 3722 ens
115 3667 184 3738 ipsis
200 3667 228 3723 in
243 3668 345 3750 quibus
359 3670 481 3740 poteris;
497 3675 525 3726 et

54 3737 157 3794 itinere
172 3746 278 3810 poteris
294 3756 356 3796 com
377 3741 416 3796 ati
437 3741 480 3797 eis
496 3745 525 3798 et

53 3824 73 3864 e
87 3808 165 3878 ipsos
180 3811 313 3893 latigatos
324 3756 464 3869 etqabore
475 3812 523 3869 de·

53 3885 76 3935 et
90 3885 149 3935 tam
164 3881 200 3937 de
215 3882 261 3939 dte
274 3898 360 3954 quam
374 3882 409 3939 de
425 3888 520 3952 nocte,

54 3950 159 4022 quietis
178 3953 366 4011 habentes.0
403 3960 520 4031 uantum

53 4022 157 4093 :regius
173 4040 205 4080 ac
221 4025 369 4094 delicatus,
382 3970 444 4082 (her
458 4025 521 4082 coeli

53 4109 91 4170 a,
121 4110 173 4165 pro
198 4096 281 4153 nobis
308 4096 466 4167 laboravit,
494 4102 522 4154 et

53 4171 86 4222 to
102 4166 234 4238 ooeperitl
252 4167 332 4224 Unde
342 4169 370 4224 et
381 4169 523 4240 Propheta

53 4251 59 4292 ι
87 4252 210 4310 persona
235 4238 367 4312 praedixit
389 4243 523 4312 :Pauper

581 414 642 455 sum
661 413 719 465 epo,
736 402 763 453 et
784 399 813 453 in
835 397 975 452 tuberibus
990 413 1008 452 a
1022 397 1174 466 juventate

581 486 652 526 mea.
669 467 807 526 Penurias
834 484 963 539 magnas,
990 467 1105 524 labores
1123 482 1170 525 ar·

582 542 665 610 duos,
681 545 709 598 et
735 538 904 596 alttictiones
923 540 1009 595 duras
1030 536 1170 611 eorporis,

581 610 812 669 constantissime
826 609 990 682 assumpsit,
1003 615 1031 666 et
1043 609 1169 681 seipsum

581 683 664 812 guasi
679 681 757 752 odio,
770 698 821 754 pro
833 697 931 738 amore
945 680 1046 750 nostri,
1058 680 1168 738 habuit.

604 761 665 812 erte
692 753 769 810 solus
788 752 834 809 hic
856 752 948 820 labor,
963 751 999 808 de
1019 768 1075 823 quo
1092 767 1170 810 nunc

580 828 747 893 tractamus,
762 824 799 880 ad
814 824 927 896 plenam
943 823 1169 896 redemptionem

582 900 710 953 nostram
727 896 858 953 sulficere
873 895 1028 952 debuisset.
1081 908 1084 913 ·

616 973 632 1024 5
653 970 682 1024 ln
703 985 755 1024 noc
770 984 963 1034 anseromiae
982 982 1169 1022 nmnrrnurtau

580 1056 685 1095 sannas
698 1040 820 1097 Jonuuns
841 1040 983 1094 Bannsrs.
1011 1068 1038 1077 -
1062 1036 1170 1093 Dicitur

580 1114 676 1167 autem
686 1110 762 1182 quod
775 1125 864 1182 prope
879 1109 966 1165 tinem
981 1107 1108 1179 praedicti
1121 1106 1169 1164 de·

581 1181 660 1251 serti,
673 1183 734 1264 jam
747 1197 818 1252 puer
832 1181 957 1236 Joannes
970 1178 1097 1251 Baptista
1106 1193 1168 1251 poe·

581 1252 732 1309 nitentram
745 1267 830 1323 agero
843 1257 979 1322 caeperat,
994 1266 1059 1307 cum
1071 1257 1169 1307 tamen

581 1324 691 1381 nullum
703 1327 849 1393 peccatum
863 1323 980 1378 haberet
996 1339 1002 1376 :
1021 1321 1088 1393 quia
1101 1319 1169 1377 dici-

580 1399 628 1451 tur
638 1392 752 1467 petiisse
761 1393 991 1459 desertum,dum
1003 1396 1111 1463 septem
1119 1407 1168 1448 an·

582 1481 687 1523 norum
700 1468 785 1532 esset,
801 1470 829 1519 et
839 1463 914 1535 quod
930 1463 1008 1518 locus
1022 1461 1168 1531 iordanis,

582 1536 630 1594 ubi
650 1535 802 1608 baptizavit
821 1534 881 1607 ipse
904 1536 1041 1601 Joannes,
1059 1538 1103 1589 est
1120 1531 1168 1590 ille

583 1609 631 1665 ubi
659 1606 833 1664 transierunt
858 1605 909 1661 lilii
934 1604 1033 1671 lsrael,
1053 1603 1168 1674 wando

583 1683 723 1735 venerunt
746 1679 782 1734 de
800 1680 918 1749 AEgypto
940 1692 992 1802 per
1010 1675 1104 1757 ipsum
1117 1674 1168 1732 de·

582 1756 690 1807 sertum
708 1767 714 1805 :
731 1765 819 1822 prope
841 1764 926 1820 quem
954 1762 1098 1815 ocum,1n
1121 1760 1168 1803 eo·

582 1821 647 1877 dem
676 1821 801 1888 deserto,
827 1823 954 1877 loannes
979 1817 1046 1874 tecit
1074 1815 1169 1900 poeni·

582 1892 712 1948 tentiam.
733 1891 908 1947 Praedicator
936 1889 1109 1962 poenitentiae
1126 1888 1169 1947 lu:

582 1968 673 2031 turus,
695 1968 801 2034 quanto
828 1961 911 2018 citius
939 1959 1042 2033 potuit,
1066 1975 1168 2032 aspera

582 2033 744 2091 solitudinis
766 2033 851 2104 elegit
877 2039 905 2090 et
930 2032 1022 2105 petiit,
1042 2031 1090 2088 ubi
1109 2029 1167 2103 pri·

583 2121 702 2162 maevam
726 2111 839 2162 aetatem
859 2104 1011 2175 transegit,
1025 2108 1056 2159 ut
1069 2102 1169 2159 virens

582 2175 612 2233 in
627 2176 757 2245 desertis,
773 2177 859 2232 vitam
878 2182 1023 2232 austeram
1038 2174 1167 2243 duceret,

582 2253 611 2304 et
628 2250 665 2306 ab
684 2264 783 2304 amore
804 2253 832 2304 et
850 2246 991 2304 illecebris
1010 2243 1118 2314 mundi,
1140 2247 1169 2301 et

582 2335 612 2375 se
630 2325 658 2375 et
676 2319 822 2375 auditores
840 2334 907 2373 snos
922 2316 1111 2388 suspenderet
1127 2314 1168 2371 la·

583 2389 673 2459 cilius,
690 2395 718 2446 et
732 2394 888 2456 revocaret,
905 2394 933 2443 et
948 2393 978 2443 ut
992 2386 1030 2443 ibi
1044 2393 1169 2443 contem·

582 2460 700 2534 plationi
730 2466 844 2516 vacaret
880 2458 1006 2525 liberius,
1041 2457 1169 2514 divinam

582 2549 614 2589 sa
635 2531 752 2588 ientiam
776 2530 944 2595 hauriendo,
965 2544 1050 2599 qnam
1069 2531 1169 2598 postea

582 2619 598 2659 a
624 2601 885 2674 uditpraedicando.
901 2604 1007 2654 bonum
1024 2603 1067 2653 est
1081 2597 1169 2667 igitur

583 2674 646 2744 ejus
661 2672 801 2743 exemplo,
813 2671 849 2726 ab
864 2668 1056 2726 adolescentia
1068 2668 1169 2740 jugum

583 2743 695 2802 Domini
713 2749 843 2813 portare;
864 2746 893 2798 et
909 2742 976 2797 dnm
1003 2745 1105 2796 natura
1124 2744 1168 2822 te·

584 2831 653 2872 nera
669 2819 723 2884 est,
739 2813 823 2870 bonis
843 2830 873 2870 se
898 2827 1074 2881 assuescere,
1091 2814 1120 2868 et
1137 2826 1169 2868 ιιι

583 2885 772 2959 praedicandis
798 2885 943 2942 auditores
972 2888 1038 2941 actu
1066 2898 1170 2956 praeca-

583 2959 661 3014 dere.
677 2959 716 3014 Ex
740 2973 795 3029 quo
820 2957 943 3014 sumitur
957 2961 1170 3027 argumentum,
1216 3008 1224 3019 ,

583 3030 659 3101 quod
671 3034 825 3101 antequam
838 3029 903 3100 quis
917 3028 1057 3099 perlectus
1073 3024 1169 3095 luerit,

583 3101 704 3158 aliorum
735 3117 781 3157 ma
802 3101 930 3157 isterium
959 3098 1089 3155 obtinere
1111 3113 1170 3154 non

583 3172 678 3229 debet.
702 3117 835 3229 Maneffiat
850 3174 976 3228 loannes
994 3171 1023 3225 in
1042 3170 1169 3250 deserto,

583 3242 630 3300 ubi
651 3247 695 3300 est
713 3259 763 3299 aer
781 3242 889 3315 purior,
909 3242 1011 3321 coelum
1030 3244 1169 3311 apertius,

583 3321 611 3370 et
624 3312 792 3370 familiarior
809 3316 897 3368 Deus:
912 3308 1170 3380 ut,qu1anondum

581 3383 716 3456 baptismi
745 3389 774 3439 et
806 3379 1017 3454 praedicationis
1057 3384 1171 3449 tempus

583 3456 747 3523 advenerat,
756 3453 933 3510 orationibus
948 3456 1070 3517 vacaret,
1084 3453 1171 3519 atque

582 3542 647 3582 cum
661 3525 777 3597 Angelis
797 3531 1030 3590 conversaretur,
1047 3525 1076 3578 et
1090 3524 1171 3602 eptra

582 3597 737 3653 multorum
748 3595 886 3653 malitiam
897 3591 1170 3663 nutriretur,et1deo

582 3667 726 3725 neminem
757 3674 904 3724 vereretur
931 3681 1074 3736 arguere,
1099 3662 1170 3747 nihil

581 3739 636 3797 sibi
649 3739 794 3807 conscius;
807 3744 836 3794 et
849 3738 964 3794 tandem
975 3742 1050 3793 esset
1060 3735 1118 3793 tide
1129 3735 1171 3792 dr·

580 3827 663 3884 gnus,
671 3811 718 3894 qui
730 3810 872 3868 Christum
883 3807 1170 3889 eratpraedicaturas,

579 3882 658 3939 etde
674 3899 736 3955 ipso
750 3881 953 3939 testificaturus
970 3897 976 3935 :
995 3895 1079 3937 nemo
1093 3893 1171 3936 emm

578 3953 696 4011 alterins
720 3954 800 4010 testis
828 3968 890 4010 esse
920 3956 1013 4024 potest
1039 3950 1170 4020 idoneus,

578 4024 631 4081 nisi
657 4023 737 4098 prius
765 4025 850 4082 tuerit
872 4040 949 4081 suns.
975 4021 1057 4150 Fuffit
1083 4020 1172 4092 igitur

578 4100 693 4153 turmas
715 4105 745 4154 et
766 4097 921 4154 tumultum
948 4106 1114 4176 popu13ne
1137 4107 1171 4149 ex

577 4167 792 4226 cohabitatione
811 4168 992 4226 contraheret
1010 4164 1170 4244 infamiam,

577 4239 621 4296 vel
647 4238 706 4297 vita
729 4240 856 4313 aliquam
880 4238 1021 4296 maculam
1043 4232 1170 4292 scandali
