2790 4912
170 361 203 415 46
570 356 680 409 PlilllAE
706 354 823 409 liliis
850 354 956 407 clius
983 354 1002 403 v

171 465 262 523 amice
287 461 444 531 Timotheo,
472 460 538 517 lorti
570 459 757 529 contritione,
813 456 952 515 habitavit
974 457 1004 514 in
1034 461 1106 517 rubo
1132 460 1269 531 ardente,

172 552 280 617 sensns·
297 531 473 604 derelinque,
499 536 528 614 et
554 530 759 614 intellectuales
813 528 951 611 habitavit
967 528 1103 612 inldariae
1114 531 1269 603 gravidata

170 607 433 745 lltllltltlifi
446 602 760 746 {attitulati
813 599 1278 756 ltulllll‘tllllltltbl

170 763 303 822 propera,
320 746 368 819 qui
397 750 440 802 est
458 761 543 818 super
556 760 669 802 omnem
690 745 758 800 sub·
813 746 876 813 pto;
892 742 1037 801 descendit
1046 760 1080 826 ,in
1093 748 1214 802 Mariani
1227 763 1278 819 pro

170 818 304 877 stantiam
320 822 348 875 et
362 816 551 888 cognitionem
569 834 575 871 :
591 836 604 867 ii
620 817 681 872 liaeo
692 818 757 871 llio-
812 818 899 870 stram
915 814 1149 887 redemptionem,
1165 824 1197 874 ut
1213 835 1265 875 nos

170 895 276 961 apcius.
288 892 322 946 Et
334 889 365 946 in
379 889 432 945 liae
444 887 635 945 abstractione
646 885 758 969 perilei-
811 883 847 965 de
865 883 987 966 interno.
1005 916 1041 967 ‘.
1058 886 1128 943 Cum
1144 893 1251 969 ‘autern
1266 892 1278 948 l

169 968 217 1019 tor
240 961 289 1018 illa
309 959 466 1029 beatitudo,
489 958 600 1040 deque
625 957 754 1014 dicitur:
810 971 952 1012 incarnari
967 956 1065 1025 voluit,
1082 959 1203 1016 Mariam
1224 962 1278 1018 sola

168 1036 247 1090 beuti
262 1028 655 1096 munitocorde,intelligendo
674 1044 756 1085 mun·
811 1025 944 1108 omnibus
963 1027 1130 1086 mulieribus
1159 1029 1205 1087 ele
1227 1031 1256 1089 ‘t.

170 1105 312 1170 domoon,
328 1102 398 1159 illud
409 1101 485 1173 quod
500 1106 543 1156 est
559 1101 595 1157 ab
610 1099 689 1156 omni
708 1116 755 1156 ex·
810 1096 862 1153 luit
880 1097 1092 1170 praefiguratum
1112 1099 1141 1156 in
1160 1101 1206 1157 vel
1220 1119 1266 1160 ere

167 1180 270 1232 tranea
287 1172 382 1246 specie
408 1172 604 1240 emundatum,
624 1173 755 1242 quoniam
810 1167 865 1250 iiis,
882 1169 958 1241 quod
972 1169 1064 1228 solum
1078 1171 1226 1230 coelestem
1239 1190 1278 1231 roi

166 1248 224 1316 ipsi
257 1249 342 1302 Dum
373 1244 515 1300 videbunt.
544 1243 626 1299 Tales
658 1247 753 1298 autem
808 1241 914 1311 prebat,
939 1245 967 1297 et
996 1246 1056 1297 tota
1083 1247 1159 1299 terra
1191 1244 1278 1302 circui

166 1318 256 1374 Deum
285 1316 432 1384 videbunt,
457 1318 486 1372 et
528 1313 574 1371 hic
601 1313 752 1385 perinter-
808 1309 882 1392 sicca
896 1313 1060 1369 remanebat
1068 1331 1076 1381 ;
1096 1312 1138 1369 sic
1159 1316 1278 1373 Marias

165 1404 233 1446 nain
262 1386 540 1458 contemplationem,
564 1390 591 1442 et
607 1385 637 1441 in
662 1383 754 1456 patria
807 1396 871 1438 vino
900 1399 965 1440 rore
987 1384 1160 1455 replebatur,
1184 1393 1211 1443 et
1236 1388 1264 1444 in

166 1475 219 1532 per
241 1464 377 1517 aternam
405 1456 586 1524 fruitionem
612 1460 640 1511 et
682 1456 753 1511 tales
807 1452 886 1536 nulla
899 1453 960 1536 alia·
970 1453 1057 1536 digna
1066 1455 1275 1540 inveniebatur.

165 1527 752 1673 llll}sttuffiaatatlltalltlt
805 1524 1278 1679 llilllbllllllitlblll

165 1675 243 1741 pines
261 1675 331 1727 enim
356 1673 431 1725 aaut.
459 1671 499 1724 lle
524 1668 573 1723 tali
604 1673 699 1724 mente
723 1674 751 1725 et
804 1673 896 1738 ceptio
925 1669 1021 1726 Mariae
1052 1685 1166 1727 sinum
1194 1677 1255 1729 erat

164 1741 272 1811 anima,
290 1740 330 1797 sic
344 1739 413 1796 dicit
426 1740 583 1821 bernardus
594 1758 633 1821 ².“
645 1739 751 1820 anima
804 1738 1017 1822 redemptionis.
1047 1685 1145 1797 vglus
1179 1742 1278 1799 Gedeoi

163 1811 750 1954 tlallllamltlllllllblltilt
803 1811 1031 1963 illailla·
1050 1811 1278 1964 lilltlttlt‘

161 1953 343 2026 praesentiam
370 1951 538 2024 suspirare,
568 1957 595 2009 et
621 1968 749 2022 quarere
803 1957 928 2023 suscepit
951 1969 1046 2010 rorem
1069 1969 1132 2010 sine
1161 1955 1234 2012 lanae
1257 1956 1278 2012 la

163 2024 265 2082 taciem
294 2025 355 2096 ejus
381 2039 503 2095 semper,
523 2023 599 2090 talis,
619 2023 747 2094 inquam,
802 2022 891 2079 illaria
904 2024 1034 2097 concepit
1046 2024 1136 2081 lilium
1152 2025 1215 2083 sine
1229 2043 1277 2084 car

162 2096 259 2152 anima
274 2093 369 2152 nescio
384 2110 421 2150 an
437 2094 478 2150 vel
488 2093 577 2165 ipsam
587 2094 747 2176 gebennam
803 2093 943 2165 ruptione.
960 2096 1075 2153 Gedeon
1089 2097 1228 2168 expressit
1243 2115 1278 2154 roi

161 2167 198 2223 ad
212 2172 323 2238 tempus
338 2164 457 2236 experiri
473 2165 637 2222 horribilius
651 2181 746 2246 paena-
802 2167 940 2222 concham
955 2182 988 2222 eii
1003 2183 1037 2223 eo
1052 2167 1186 2239 replevit;
1204 2169 1278 2226 blavii

161 2236 251 2295 liusve
275 2238 368 2304 ducat,
393 2252 478 2308 quain
507 2241 570 2308 post
591 2236 747 2319 spiritualis
802 2243 844 2292 est
863 2236 964 2318 lilium,
984 2237 1032 2319 qui
1053 2242 1143 2294 totuin
1169 2241 1277 2298 mundu

160 2308 247 2381 hujus
259 2308 345 2365 studii
361 2313 503 2379 gustatam
519 2307 606 2364 semel
622 2315 746 2364 suavita·
800 2312 900 2378 gratiae
924 2309 1052 2380 replevit.
1064 2341 1100 2350 -
1115 2311 1181 2367 llaec
1206 2317 1278 2369 antei

161 2385 230 2449 teni,
253 2379 328 2437 exire
345 2378 439 2436 denuo
458 2378 496 2435 ad
520 2378 680 2447 illecebras,
702 2380 744 2436 vel
800 2377 892 2449 ceptio
917 2379 990 2436 laeta
1005 2385 1049 2436 est
1068 2396 1118 2452 per
1141 2382 1278 2439 annuntia

159 2451 255 2534 potius
273 2449 419 2507 molestias
436 2448 539 2519 carnis,
555 2465 745 2521 sensuumque
800 2449 950 2518 Gabrielis,
961 2452 1037 2522 qnod
1048 2452 1202 2523 liguratuin
1214 2454 1274 2510 esti

158 2522 357 2597 inexplebilem
385 2527 513 2593 repetere
541 2520 743 2578 curiositatem.
799 2521 931 2590 Abrahae,
941 2526 969 2578 et
980 2525 1008 2578 in
1018 2523 1146 2579 Rebecca
1161 2524 1222 2580 lilia
1233 2527 1278 2582 Bal

159 2594 227 2652 Dico
249 2610 317 2666 ergo
342 2593 432 2662 vobis,
459 2592 530 2649 nihil
549 2597 593 2649 est
614 2592 689 2664 quod
714 2591 745 2649 in
800 2593 941 2649 Abrabam
959 2592 1034 2650 misit
1049 2610 1174 2663 servum,
1187 2602 1217 2651 ut
1230 2597 1266 2654 de

158 2670 269 2723 tantuin
290 2665 433 2733 tormidet,
446 2663 574 2747 quisquis
588 2665 643 2720 lioc
657 2663 743 2720 bene·
800 2663 859 2719 lllio
874 2680 925 2720 suo
939 2663 968 2720 in
983 2681 1117 2737 sponsam
1136 2666 1278 2737 provideri

158 2736 254 2793 licium
270 2735 357 2792 semel
370 2742 489 2806 accepit,
504 2751 636 2806 quamne
650 2733 745 2861 gratia
799 2735 886 2791 becca
899 2740 993 2791 autem
1008 2736 1107 2793 nuntio
1123 2743 1222 2818 potum
1233 2755 1278 2821 pra

159 2805 311 2862 derelictus
338 2804 498 2862 necessarie
525 2807 627 2861 habeat
670 2821 743 2862 enno
800 2810 828 2861 et
843 2805 907 2862 ideo
924 2822 987 2863 eam
1002 2806 1061 2863 lilio
1077 2807 1185 2864 domini
1202 2825 1246 2866 sui
1261 2809 1279 2866 ii

158 2875 256 2946 egredi
280 2875 318 2932 ad
334 2875 428 2932 carnis
449 2875 668 2943 consolationes,
685 2875 743 2933 imo
800 2893 861 2933 sain
876 2876 1007 2948 eligebat.
1025 2878 1071 2935 Sic
1085 2879 1278 2937 Patercoelesl

157 2944 360 3014 desolationes,
394 2961 562 3016 rursumque
588 2946 742 3003 carnalium
799 2948 936 3019 Angelum
948 2965 1040 3015 suum,
1056 2955 1087 3005 ut
1099 2949 1169 3006 Filio
1178 2967 1230 3007 suo
1245 2967 1278 3024 qn

157 3031 292 3074 sensuum
309 3016 449 3073 sustinere
468 3016 605 3074 turnultus
624 3034 630 3073 :
650 3037 664 3067 >i
682 3019 744 3074 baec
799 3018 938 3090 virginem
957 3019 987 3076 in
1008 3025 1128 3077 matrem
1151 3039 1158 3078 ε
1180 3022 1228 3092 qui
1246 3022 1278 3078 vii

157 3087 325 3145 bernardus.
798 3089 1039 3161 decentissimam,
1059 3090 1166 3148 scilicet
1183 3093 1278 3151 blariai

193 3163 223 3215 δι
241 3160 383 3232 annniern
406 3175 474 3215 nuris
491 3176 576 3241 nansi
593 3176 741 3215 accessise.
798 3160 884 3229 venit,
902 3178 965 3233 quae
987 3162 1040 3220 sibi
1066 3167 1176 3233 potum,
1193 3163 1221 3220 id
1240 3170 1278 3221 est

155 3232 231 3288 -ln
243 3230 494 3299 Nazaretbautem,
505 3232 552 3287 ubi
563 3230 742 3287 annuntiatio
797 3231 906 3288 tiationi
937 3250 997 3290 siiae
1022 3249 1193 3291 eonsensum
1225 3235 1278 3292 ded

154 3302 298 3372 recteest,
315 3307 381 3359 sunt
407 3301 470 3358 duae
495 3300 620 3358 eeclesiae
651 3319 658 3356 :
684 3318 741 3358 una
796 3304 884 3360 bocca
902 3320 960 3360 non
975 3305 1067 3362 solum
1085 3304 1228 3373 nuntium,
1240 3323 1278 3364 sei

153 3373 201 3432 ubi
217 3380 278 3432 erat
294 3374 406 3442 doinus,
431 3371 461 3429 iii
482 3388 539 3446 qua
563 3372 686 3444 Angelus
705 3374 742 3430 ad
797 3375 921 3431 camelos
934 3376 996 3447 eius
1031 3375 1119 3433 otavit
1132 3394 1139 3433 :
1154 3377 1246 3434 Maria
1261 3384 1278 3435 u

155 3445 273 3502 llariain
293 3444 380 3513 venit,
395 3448 424 3501 et
438 3443 684 3501 annuntiationem
699 3444 739 3501 le·
795 3445 878 3527 gelis,
900 3463 987 3517 quani
1011 3392 1175 3506 Bominibus
1196 3448 1277 3507 tonte

154 3515 201 3582 cit,
221 3516 251 3571 in
266 3532 323 3588 qua
339 3522 383 3572 est
400 3515 491 3572 altare
511 3515 618 3584 Mariae,
633 3514 662 3571 in
678 3515 740 3572 loco
796 3517 966 3587 propinavit.

153 3586 200 3643 ubi
217 3588 316 3643 orabat
341 3586 457 3657 quando
474 3587 597 3658 Angelus
617 3601 681 3643 eam
697 3601 741 3643 sa-
830 3591 864 3643 53
885 3589 1029 3646 Discessos
1044 3590 1200 3647 (immanis.
1216 3593 1278 3650 -t

152 3655 273 3724 lutabat,
289 3663 317 3713 et
342 3658 430 3714 altare
453 3656 665 3726 Gabrielis,ubi
690 3673 739 3714 an·
794 3655 899 3729 itaque,
918 3665 1034 3732 peracto
1065 3660 1218 3733 legationis
1237 3680 1278 3721 sui

152 3727 360 3784 nuntiationem
376 3727 504 3785 iaciendo
524 3728 615 3795 stetit;
636 3727 737 3798 altera,
793 3729 847 3798 cio,
861 3737 1025 3788 reverenter
1040 3747 1070 3789 se
1085 3731 1236 3803 inclinans,
1252 3736 1278 3792 D*

153 3797 200 3854 nbi
222 3798 323 3855 domus
343 3799 446 3868 luerat,
469 3798 499 3854 in
523 3815 579 3871 qua
600 3798 737 3857 Dominus
792 3816 850 3857 siiae
860 3801 1008 3859 valefecit:
1025 3806 1062 3860 Et
1075 3803 1202 3861 discessit
1215 3807 1278 3862 aba·

151 3869 273 3926 nutritus
287 3874 340 3938 est,
358 3887 420 3927 cnm
436 3869 531 3926 inians
542 3875 612 3927 erat.
791 3874 868 3940 petuo
882 3877 911 3929 et
926 3872 1075 3946 disparuit,
1090 3875 1219 3946 gaudens
1238 3876 1278 3934 uti

186 3941 431 3997 5aC01tcr3t>Tlortls
455 3944 593 3999 bonisica
620 3959 733 3999 mouns.
791 3943 946 4012 exsultans,
957 3945 1025 4017 quia
1039 3945 1278 4018 responsioneml

150 4041 185 4053 -
199 4011 262 4069 Fuit
271 4016 365 4067 autem
380 4012 527 4083 conceptio
542 4012 688 4069 Dominica
705 4012 734 4069 in
790 4015 958 4086 captabilem
977 4016 1119 4074 relaturus
1131 4023 1204 4075 erat.
1225 4022 1278 4077 lau

150 4083 221 4140 rubo
252 4081 362 4139 ardenti
408 4084 599 4155 praetigurata.
636 4085 735 4141 liubus
790 4093 906 4143 venerat
923 4103 1056 4159 sponsus,
1071 4093 1100 4145 et
1114 4088 1179 4146 ideo
1196 4107 1278 4148 neces

149 4153 226 4210 enlin
241 4152 597 4224 siistinuitignein,elnon
610 4154 735 4227 perdidit
789 4159 973 4229 ranympbus,
1002 4159 1149 4216 dimittens
1177 4164 1278 4234 sponsi

150 4224 335 4285 viriditatem:
358 4223 446 4281 Maria
475 4224 604 4295 concepit
631 4223 732 4294 lilium,
789 4228 969 4287 sanctissimo
988 4234 1099 4303 sponsae
1115 4231 1257 4303 cubiculo,

148 4302 177 4354 et
191 4312 250 4354 non
263 4295 358 4353 amisit
374 4293 567 4368 virginitatem
579 4311 586 4350 :
597 4295 732 4355 Dominus
788 4298 883 4356 monio
894 4308 1102 4360 consummato.
1113 4302 1279 4377 Discessitq
