2790 4912
185 316 228 369 llll
255 315 403 368 stabant
431 314 472 367 ΕΤ
498 312 621 367 rentii
651 312 840 367 lobariola
868 310 1130 366 utsctrutouou.
1234 314 1277 368 ‘tlt

63 423 158 481 ratione
175 427 204 479 et
216 419 361 478 desiderio
371 418 505 476 audiendi
519 421 636 477 verbum

63 496 114 562 bei;
136 494 262 566 quadam
284 492 341 560 die,
365 509 426 548 eam
451 492 537 547 turba
562 494 635 547 irrac-

64 573 120 625 amt
133 570 161 621 ia
175 583 246 629 acm,
261 569 293 620 at
310 564 439 619 audirent
452 564 635 627 calamitati,

66 641 145 710 olipa
161 638 257 693 stabat
273 651 351 691 secus
374 640 503 703 stagnum
518 634 637 691 Geacza-

66 708 200 780 animated
211 714 239 764 et
253 723 333 763 mare
345 706 480 774 Galilaea,
490 706 533 761 vel
550 706 636 762 etiam

68 779 204 837 Tiberiadis
226 778 344 847 dicitur;
365 784 474 834 etcum
496 776 581 833 etiam
608 776 637 832 in

69 854 127 908 terra
139 860 214 907 stare
228 866 288 922 pra.
301 865 435 921 pressura
451 864 508 905 uon
529 854 635 920 posset,

70 924 124 978 uidit
149 924 219 977 duas
248 938 332 976 aaaes
359 926 463 977 stantes
480 936 556 975 saccas
580 926 636 975 sta·

71 1008 135 1063 muru
148 1014 156 1049 ε
171 1008 293 1065 quarum
307 1008 365 1049 uua
389 997 452 1049 erat
466 990 591 1048 Simonis
610 996 635 1046 et

73 1065 137 1121 eiiam
148 1066 269 1121 Andron
284 1064 327 1120 sni
344 1063 450 1129 fratris,
465 1062 556 1119 altera
570 1078 637 1118 rero

73 1135 147 1192 iacobi
173 1141 201 1191 et
227 1133 359 1202 loannis;
378 1138 529 1206 piscatores
548 1140 638 1189 autem

74 1206 244 1264 mediarana
266 1208 302 1262 ad
329 1212 445 1272 terram,
465 1211 490 1261 et
508 1207 638 1260 lavabant

74 1282 126 1335 adia
149 1295 209 1347 sua,
239 1283 405 1334 amoventes
432 1276 638 1344 immunditias,

75 1352 98 1404 ut
115 1350 247 1423 plicareut
266 1366 310 1418 ea,
334 1350 402 1475 Ὶρία
428 1349 523 1404 nullos
548 1348 639 1419 pisces

76 1428 185 1493 ceperant
215 1426 299 1477 nocto
325 1419 561 1476 dedecentem
589 1436 639 1474 aa·

77 1493 113 1548 loa
126 1497 151 1548 ia
163 1510 247 1547 acaum
273 1508 380 1555 nauem,
396 1508 457 1562 acca
470 1496 528 1546 erat
550 1493 641 1547 Simo-

77 1564 152 1641 niani
174 1564 312 1635 populum
329 1563 364 1620 de
384 1562 448 1618 navi
469 1562 640 1618 convenien-

78 1636 118 1690 tus
130 1635 251 1703 doceret,
269 1636 379 1703 rapacia
394 1651 454 1689 eam
469 1652 486 1689 a
501 1639 574 1688 temo
599 1649 641 1687 re-

79 1701 150 1781 itare
165 1722 264 1763 narem
281 1708 425 1776 pastilam,
440 1710 466 1761 et
483 1705 641 1777 paululum,

79 1778 106 1831 tta
124 1783 150 1833 ut
170 1795 225 1833 non
251 1776 335 1832 nimis
357 1793 374 1832 a
403 1782 480 1832 terra
506 1776 641 1842 distaret;

78 1848 175 1914 nialla
189 1849 302 1904 volebat
319 1864 336 1904 a
351 1854 429 1903 terra
453 1847 595 1917 elongari,
612 1851 643 1902 ut

74 1926 152 1983 basset
176 1919 279 1988 audiri,
302 1936 359 1977 nou
384 1924 480 1975 tamon
512 1918 643 1990 opprimi.

71 1986 104 2045 tt
116 1992 204 2048 sedeas
218 2000 365 2063 tamquam
378 1989 503 2046 doctoris
525 1988 646 2045 auctori-

63 2054 119 2129 !ate
131 2070 223 2129 uteba,
233 2063 346 2118 docebat
361 2064 395 2118 cte
408 2062 645 2117 naviculatoribus

63 2133 94 2187 lu
115 2138 188 2190 terra
213 2140 331 2190 stantes
352 2136 422 2189 Eece
446 2132 519 2188 urica
542 2131 645 2187 Clnisti

63 2190 202 2262 humilitas
230 2211 258 2261 ot
283 2204 472 2262 mansuetudo
492 2203 645 2275 praecipere

63 2278 178 2343 iatterat,
197 2283 355 2348 praeceptor
369 2276 444 2332 cuim
460 2281 538 2343 erat;
554 2279 583 2330 ot
602 2282 645 2330 ta-

63 2352 123 2404 lreu
141 2353 232 2419 rogat.
253 2350 285 2404 In
307 2364 363 2419 quo
381 2346 506 2419 praelatis
526 2348 647 2403 sormam

63 2410 134 2500 ledit
144 2426 175 2475 ut
185 2419 318 2475 libentius
330 2423 465 2474 moneant
478 2434 562 2489 quam
576 2433 647 2498 prae3

63 2491 175 2563 apiani,
191 2490 336 2561 magisque
351 2489 440 2546 amari
455 2505 540 2560 quam
552 2488 646 2544 timeri

63 2567 204 2635 appetant,
217 2564 295 2643 quia,
311 2567 340 2617 ut
355 2560 422 2616 dicit
432 2563 533 2617 Seneca
547 2580 556 2616 ε
574 2582 587 2609 a
597 2560 648 2615 Go-

63 2632 647 2702 berosusanimuslaciliusducitur,quam

63 2704 193 2761 trahitur.
220 2726 235 2755 o
261 2704 316 2760 Sed
339 2720 355 2759 o
378 2704 520 2760 contrario
540 2702 649 2758 iaciunt

63 2775 141 2845 latui,
157 2775 308 2847 dequibus
322 2774 351 2831 iu
362 2776 507 2831 Ezechieie
523 2773 647 2830 dicitur:

63 2848 126 2907 tum
152 2851 315 2902 austeritate
349 2848 529 2918 imperabatis
557 2848 596 2901 ets
624 2851 650 2901 et

63 2922 267 2989 mmpotenaa.

96 2992 241 3047 sDcraex
264 3007 376 3045 nrsrrca
396 3008 501 3061 sraoar,
522 3009 602 3048 natans
617 3008 650 3047 ar

63 3078 225 3118 rrscaroacu
244 3079 465 3119 rarearaerarro.
485 3092 520 3105 -
534 3062 650 3136 Mystico

63 3148 110 3207 per
124 3140 257 3205 stagnum
272 3139 364 3205 potest
385 3134 504 3205 intelligi
525 3137 590 3204 Lex,
607 3151 651 3191 ex-

63 3210 105 3261 tra
119 3220 207 3276 qrram
223 3205 359 3261 Dominus
379 3211 449 3274 erat,
465 3207 532 3278 quia
549 3205 651 3278 legalia

63 3276 118 3348 iam
128 3292 243 3332 cessare
256 3276 441 3348 incipiebant;
455 3279 553 3335 etduae
566 3276 652 3334 na'ves

100 3363 132 3403 as
153 3347 227 3403 vidit
247 3354 315 3404 sunt
335 3349 390 3404 duo
415 3350 524 3420 populi,
545 3349 652 3406 scilicet

78 3419 197 3474 udaiaus
215 3425 243 3474 et
261 3419 389 3487 Gentilis,
403 3435 473 3490 quos
489 3420 569 3489 vidit,
586 3420 653 3492 quia

63 3490 98 3545 de
113 3496 236 3560 utroque
250 3491 355 3562 populo
371 3492 475 3547 multos
489 3492 653 3548 misericor·

64 3560 137 3617 diter
150 3560 293 3618 visitando
318 3561 353 3617 ad
368 3561 454 3618 finem
475 3566 595 3620 vocavit.
610 3562 654 3618 Pi·

64 3637 190 3688 scatores
206 3638 274 3688 sunt
291 3631 504 3705 praedicatores,
517 3642 545 3691 ot
560 3635 654 3691 Eccle-

64 3701 112 3759 sia
127 3702 271 3772 doctores,
285 3704 334 3776 qui
359 3721 412 3761 nos
436 3721 488 3777 per
507 3713 567 3764 rote
604 3723 656 3762 νω-

66 3773 216 3856 dicationis
246 3781 273 3831 et
299 3776 366 3833 fldei
396 3780 569 3848 comprehen
591 3783 654 3846 unt,

67 3848 96 3900 et
113 3861 194 3916 quasi
212 3846 301 3903 littori
325 3847 365 3903 sic
388 3852 473 3904 terrea
500 3849 655 3907 viventium

67 3916 232 3986 advebunt3
249 3918 296 3989 qui
311 3919 416 3977 debent
431 3920 604 3978 descendere
619 3921 654 3977 de

68 3986 124 4044 alto
152 3989 363 4060 praedicationis
389 3991 426 4047 ad
451 3992 656 4050 consideratio·

68 4074 133 4116 nem
151 4076 210 4117 suae
231 4061 402 4133 tragilitatis,
415 4065 443 4119 et
458 4064 531 4121 retia
549 4065 656 4133 lavare,

69 4128 97 4187 id
122 4136 167 4187 est
184 4132 310 4189 maculas
335 4139 526 4206 peccatorum,
542 4154 606 4209 quae
628 4136 657 4192 in

69 4202 658 4280 praedicationecontrabuntur‚aquacou-

70 4274 196 4333 tritionis
215 4275 322 4346 delere,
339 4276 406 4349 quia
422 4279 509 4337 rerba
523 4280 660 4353 praedioa·

164 4371 236 4425 Vna
247 4374 314 4427 lasa
331 4374 451 4436 (Σινωνν,
467 4390 554 4432 rorans
568 4380 591 4431 1.
690 4426 703 4441 .,

693 418 780 477 tionis
791 434 866 491 sape
879 420 1059 476 maculantur
1067 437 1084 476 a
1092 423 1200 491 quasia
1210 425 1281 477 tem·

693 490 795 619 forali,
812 497 838 546 et
855 508 872 547 a
886 491 977 561 gloria
996 491 1084 562 inani,
1100 493 1142 547 rol
1158 493 1194 548 ab
1212 492 1281 548 adu-

704 563 798 620 atioue
813 563 915 619 laliaci.
933 564 982 620 ille
1001 580 1069 636 ergo
1096 565 1171 621 larat
1199 563 1281 636 retia,

694 637 740 709 qui
761 637 870 697 lucrum
889 636 1057 707 temporalo,
1073 636 1116 692 rel
1132 636 1281 698 curiosita-

692 713 812 778 tern,vel
824 708 981 764 humanum
995 708 1119 763 larorom
1128 724 1145 764 a
1154 709 1284 770 doctrina

693 788 722 837 et
745 779 946 852 predicatione
977 795 1028 835 sua
1058 780 1171 835 excutit.
1198 784 1282 841 Naris

694 852 817 911 Simonis
831 855 875 907 est
890 848 1034 921 primitiva
1050 852 1173 908 Ecclesia
1186 858 1201 912 J
1206 857 1281 913 uda-

694 940 793 995 orum,
824 938 943 997 quorum
979 920 1148 993 predicator
1183 928 1284 984 Petrus

694 1003 766 1065 orat,
796 997 824 1053 iu
849 1008 935 1066 quam
961 992 1098 1049 Dominus
1124 1010 1174 1066 por
1197 1000 1282 1055 iidem

694 1069 869 1134 ascendens,
893 1066 928 1121 de
954 1080 988 1120 ea
1016 1066 1113 1120 tarrbas
1139 1066 1278 1139 docebat,

696 1140 819 1209 quiade
843 1136 1010 1195 auctoritato
1037 1135 1125 1207 ipsius
1152 1141 1281 1198 Ecclesia

695 1226 785 1281 usquo
810 1212 845 1266 ad
865 1206 949 1263 bodie
978 1208 1081 1262 Gentes
1110 1209 1202 1266 docot.
1218 1212 1281 1269 lilia

697 1282 778 1337 naris
793 1285 836 1336 est
852 1276 977 1336 Ecclesia
998 1278 1033 1333 de
1054 1278 1201 1349 Gentibus,
1218 1282 1282 1353 qad-

697 1354 749 1409 bus
774 1353 878 1408 Paulus
901 1349 1001 1403 doctor
1024 1354 1067 1402 ost
1088 1348 1202 1419 missus,
1219 1353 1285 1423 cruia

697 1424 732 1480 do
747 1424 848 1479 larclaea
861 1437 918 1477 nou
936 1424 1002 1474 sunt
1017 1419 1150 1475 credituri
1167 1428 1206 1478 tot
1216 1429 1285 1494 quot

698 1495 734 1551 ad
750 1494 837 1550 vitam
852 1498 988 1549 aternam
1000 1496 1064 1546 sunt
1079 1493 1282 1561 predestinati.

699 1568 730 1621 ln
746 1565 809 1621 nari
828 1571 923 1621 autem
944 1566 1027 1617 terra
1050 1562 1142 1619 vicina
1166 1566 1287 1623 docebat

698 1638 815 1705 turbas;
835 1636 874 1692 ita
900 1632 974 1690 euim
998 1634 1123 1690 caelestia
1148 1637 1286 1695 doliemus

699 1709 812 1776 dacore,
826 1715 856 1765 ut
872 1724 906 1763 ca
929 1705 1033 1761 terreni
1054 1706 1165 1762 valeant
1183 1709 1286 1765 sallom

700 1796 751 1852 per
774 1780 860 1837 sidem
880 1793 981 1849 capere
997 1777 1039 1833 vel
1060 1777 1228 1851 intelligere.
1243 1781 1288 1837 ad

700 1853 799 1907 turbas
820 1851 934 1922 quidem
960 1854 1116 1920 temperato
1139 1855 1182 1906 est
1207 1856 1288 1908 uton-

700 1923 766 1978 dum
785 1925 869 1979 certio
884 1921 990 1989 divino,
1003 1927 1034 1976 ut
1050 1937 1099 1976 nec
1117 1926 1232 1979 terrena
1247 1922 1288 1981 eis

700 1993 911 2066 praecipiantur,
929 2008 981 2048 noo
1005 2008 1022 2047 a
1048 1993 1170 2050 terrenis
1191 1994 1286 2064 nimis,

702 2070 732 2121 ut
752 2064 871 2193 sonitus
890 2080 948 2121 non
974 2063 1144 2136 intelligant,
1167 2065 1197 2121 iu
1221 2083 1287 2149 pro·

701 2137 749 2193 lun
771 2153 788 2194 o
804 2153 948 2194 sacrorum
963 2136 1122 2193 recedatur.
1139 2170 1175 2178 -
1188 2139 1288 2209 dider,

701 2209 835 2291 peristud
848 2214 990 2279 stagnum,
1000 2209 1074 2278 quod
1085 2207 1189 2265 dicitur
1200 2226 1290 2278 mare,

703 2279 869 2351 intelligitur
888 2280 1020 2345 muudus,
1046 2278 1093 2348 qui
1117 2280 1152 2333 ad
1175 2282 1291 2336 modum

703 2351 790 2406 maris
815 2356 907 2405 tumet
933 2364 984 2420 pec
1007 2348 1181 2418 superbiam,
1200 2352 1289 2406 torret

702 2438 755 2493 per
769 2418 928 2485 avaritiam,
945 2424 1057 2489 spumat
1072 2434 1123 2488 por
1138 2420 1286 2476 luxuriam.

703 2492 745 2548 nd
770 2490 973 2546 transeundum
989 2489 1075 2544 istum
1097 2490 1233 2545 muudum
1247 2490 1289 2546 vi-

704 2562 746 2619 dit
767 2561 906 2627 Christus,
926 2559 954 2614 id
972 2564 1015 2614 est
1033 2559 1200 2630 approbarit
1219 2561 1291 2643 duas

705 2649 807 2690 nares:
821 2647 939 2703 qararum
951 2646 1017 2698 una,
1027 2646 1153 2702 quanon
1165 2648 1293 2688 nomana·

705 2711 761 2773 tur,
772 2703 915 2775 siguificat
929 2701 1004 2758 viam
1019 2718 1292 2760 communemmau·

705 2778 847 2844 datorum,
863 2792 897 2831 eo
916 2774 994 2845 quod
1013 2791 1112 2831 omues
1126 2774 1291 2832 indistincte

706 2848 869 2921 obligentur
878 2847 914 2903 ad
927 2863 1007 2915 oum;
1020 2853 1048 2903 et
1059 2846 1115 2903 alia
1126 2864 1189 2920 quae
1201 2847 1292 2904 nocui-

706 2926 801 2988 natur,
823 2918 929 2975 scilicet
940 2918 1073 2987 Simonis,
1090 2920 1138 2991 qui
1153 2921 1293 2992 interpre-

705 2997 784 3048 tatur
798 2993 935 3053 obedieas.
951 2990 1092 3062 significat
1102 2992 1249 3050 consilium
1266 2996 1295 3049 et

706 3069 810 3120 statum
830 3063 1047 3135 religiosorum,
1064 3080 1185 3135 quorum
1204 3064 1293 3137 potis-

707 3136 810 3192 simum
825 3141 922 3191 votum
946 3140 990 3190 ost
1015 3136 1193 3201 obediontia;
1210 3142 1238 3190 et
1257 3133 1293 3190 ad

707 3207 791 3263 istam
810 3204 956 3262 descondit
981 3206 1120 3273 Christus,
1134 3212 1161 3261 et
1184 3206 1213 3260 iu
1233 3205 1295 3275 ipsa

707 3278 791 3343 sedit,
808 3283 835 3330 et
850 3274 956 3342 docuit,
975 3280 1004 3329 et
1018 3275 1106 3330 voluit
1121 3275 1197 3346 quod
1212 3274 1295 3329 rodu-

707 3350 820 3404 ceretur
835 3352 949 3413 aterra,
964 3343 1033 3416 quia
1048 3346 1176 3401 Christus
1196 3344 1232 3399 ad
1246 3359 1296 3399 cor

706 3416 832 3488 religiosi
856 3416 957 3473 devote
979 3415 1098 3471 consilia
1120 3412 1297 3472 observantis

707 3486 854 3547 descondit
882 3502 935 3569 per
967 3485 1107 3558 gratiam,
1137 3487 1217 3543 sedet
1246 3501 1298 3559 per

709 3559 988 3631 contemplationem,
1003 3563 1032 3615 et
1045 3560 1127 3616 docet
1143 3575 1193 3631 por
1206 3559 1299 3615 dono·

708 3648 772 3689 rum
797 3632 815 3687 S
836 3630 919 3686 iritus
940 3631 1036 3688 Sancti
1056 3630 1250 3703 inliuontiam3
1268 3634 1298 3688 ot

709 3704 770 3786 ipse
784 3646 844 3759 ruit
855 3702 930 3785 quod
946 3719 964 3759 a
984 3706 1061 3759 terra
1076 3704 1228 3760 reducatur
1247 3719 1297 3777 pu·

710 3776 814 3845 sillum,
835 3778 942 3832 sedicet
964 3774 1048 3831 corde
1078 3774 1130 3831 etsi
1153 3791 1211 3831 nou
1238 3791 1302 3832 cor·

710 3863 790 3921 pore,
803 3846 871 3918 quia
894 3861 952 3901 non
974 3851 1067 3918 potest
1086 3846 1170 3904 aliter
1184 3863 1297 3904 corno·

711 3925 801 3976 strum
818 3917 944 3987 retineri,
961 3933 998 3974 ne
1020 3916 1175 3990 aliquando
1189 3925 1297 3977 terram

712 4007 745 4047 er
775 3988 871 4060 aliqua
901 3994 1000 4061 tangat
1026 3995 1116 4063 parte.
1143 3994 1177 4048 Et
1206 3989 1297 4048 sancti

712 4059 765 4117 viri
794 4075 853 4117 nou
874 4065 991 4132 possunt
1011 4061 1125 4134 penitus
1149 4060 1298 4135 elongari,

712 4132 763 4190 sed
796 4137 907 4203 oportet
934 4132 1045 4206 corpori
1060 4130 1299 4260 Jaroviderigsio

714 4222 746 4263 er
765 4222 782 4262 o
798 4201 879 4260 navis
902 4203 1035 4274 Simonis,
1049 4204 1058 4259 i
1097 4210 1149 4273 est,
1165 4204 1301 4279 religiosa,

715 4221 801 4336 dailei
828 4292 846 4335 a
871 4280 949 4336 terra
971 4274 1113 4347 elongari;
1140 4276 1192 4332 sed
1216 4268 1302 4329 hadre

1186 4377 1213 4423 ib

912 4568 1261 4624 *A*
