2790 4912
342 333 381 384 ne
409 333 635 390 CONCBPTIONE
661 337 802 392 tollius
831 334 1084 391 efldtulsollls.
1301 335 1333 387 li

387 875 429 920 BE
450 874 651 925 CONOEPTIONE
672 877 795 926 toattms
815 879 1030 928 PRAECURSORIS.

615 1063 698 1121 Luca
710 1079 773 1138 cap.
789 1066 811 1123 1.

50 1326 53 1331 ,
146 1265 202 1322 ills
218 1265 354 1321 Ζιειιιιιιι
372 1264 564 1321 Pnacuesoms
584 1281 678 1322 earne.
737 1266 845 1323 dotum.
875 1264 997 1322 Instituit
1020 1265 1118 1335 etiam,
1144 1271 1175 1322 ut
1202 1267 1326 1326 vicissim

33 1350 69 1411 „2
122 1336 210 1392 -het
226 1340 316 1391 catere
334 1338 366 1390 ia
379 1335 477 1391 diebus
490 1333 557 1404 illis,
573 1335 680 1394 scilicet
737 1337 932 1394 ministrantes
960 1351 1012 1408 per
1036 1335 1271 1407 hebdomadam,
1307 1356 1325 1396 a

33 1471 37 1485 Ι
101 1402 248 1463 .iadiebus
271 1405 401 1469 Herodis,
416 1408 491 1474 regis
508 1407 610 1463 Iudae
636 1423 681 1464 so·
737 1409 856 1465 sabbato
881 1405 1014 1478 usquein
1029 1407 1189 1473 sabbatum,
1204 1407 1234 1464 in
1253 1414 1325 1466 tem-

33 1500 49 1531 ·.
101 1475 192 1534 'tede
222 1475 317 1532 uidam
335 1478 679 1542 accommodandam
736 1494 805 1551 pore
832 1476 903 1534 vicis
930 1492 988 1533 suae
1018 1474 1122 1547 singuli
1149 1477 1325 1536 castimoniae

128 1548 166 1602 rie
185 1493 270 1613 adem
297 1551 325 1602 et
358 1563 432 1603 eaor
464 1549 544 1604 illias
571 1552 680 1606 nomine
735 1545 1080 1617 studerent,necinterim
1093 1546 1124 1602 in
1137 1547 1326 1621 domumpro

33 1640 62 1693 [-
128 1616 242 1682 metet,
265 1617 300 1673 de
323 1618 437 1700 pilabat
459 1618 564 1677 Aaron.
589 1622 679 1677 Erant
735 1619 827 1692 priam
846 1619 998 1686 intrarent,
1024 1617 1120 1674 sedin
1144 1618 1324 1678 domunculis

128 1692 192 1744 cess
213 1689 291 1745 ambo
314 1691 389 1757 justi
414 1693 478 1744 ante
503 1693 598 1755 mum,
620 1706 678 1747 non
735 1690 812 1747 circa
827 1688 968 1762 templum
981 1687 1153 1759 constitutis,
1169 1705 1233 1759 quae
1254 1692 1323 1748 Ere·

127 1754 340 1832 duthypocritae,
351 1757 400 1831 qui
416 1758 527 1832 dugunt
537 1759 677 1833 justitiam
735 1760 794 1817 drae
808 1762 993 1827 vocabantur,
1008 1760 1154 1817 cubarent.
1173 1762 1207 1816 Et
1221 1777 1322 1819 secun·

40 1886 45 1897 ,
126 1830 322 1899 siemundum,
337 1830 490 1887 medentes
503 1833 534 1887 ia
552 1832 678 1887 omnibus
734 1831 802 1888 dum
827 1837 918 1888 sortes
939 1830 1018 1887 dedit
1038 1831 1139 1902 cuique
1167 1830 1236 1888 vicis
1264 1849 1323 1890 suae

126 1900 242 1966 meato,
257 1904 395 1973 quantum
412 1901 449 1958 ad
467 1901 677 1959 observantiam
734 1902 953 1971 hebdomadam,
975 1905 1003 1958 et
1022 1907 1121 1959 octava
1139 1918 1203 1959 sors
1222 1903 1324 1960 cecidit

125 1970 244 2052 nardium
266 1974 484 2044 praeceptorum,
499 1977 526 2029 et
541 1973 678 2043 justitiae·
734 1989 820 2045 super
837 1973 949 2041 Abiam,
967 1972 1002 2029 de
1027 1987 1082 2044 quo
1099 1972 1247 2030 descendit
1267 1975 1323 2032 iste

123 2042 213 2098 tostas
231 2044 352 2107 uomet,
369 2047 505 2112 quantum
523 2043 561 2099 ad
580 2045 676 2101 obser·
732 2045 892 2101 Zacharias.
909 2042 1044 2101 Similiter
1066 2043 1193 2101 detribu
1211 2045 1321 2103 Levita-

122 2111 216 2170 maan
229 2111 676 2196 ceremonialium,sinequereta‚
733 2130 798 2171 rum
821 2114 922 2187 viginti
949 2118 1070 2186 quatuor
1097 2114 1202 2173 Levitae
1227 2120 1321 2186 erant,

118 2188 226 2261 pentum
250 2183 288 2241 ad
306 2182 534 2241 observationem
553 2185 676 2266 Judicia·
733 2190 765 2242 ut
779 2185 831 2258 ipsi
863 2200 975 2258 quoque
999 2186 1100 2242 eodem
1114 2186 1198 2242 modo
1216 2186 1320 2256 sortiti,

114 2248 172 2324 lun,
189 2254 257 2327 quia
277 2255 396 2327 pacifice
420 2255 457 2312 ad
481 2271 625 2327 proximos
646 2272 676 2314 se
736 2257 811 2314 'uxta
826 2272 935 2314 morem
952 2255 1119 2325 sacerdotis,
1137 2257 1245 2313 octenis
1260 2256 1320 2314 die·

111 2321 243 2384 hebebant.
269 2330 317 2407 Bt.
333 2341 389 2382 non
416 2331 476 2382 eret
502 2327 562 2383 iltis
589 2328 675 2398 litias,
730 2272 786 2385 bus
798 2328 1320 2395 ministrent.Foetumestoatem,cum

107 2401 205 2470 propter
229 2396 503 2470 sterilitatemque
524 2402 568 2454 est
590 2412 677 2455 causa
733 2402 763 2455 tn
774 2401 870 2455 ordine
881 2401 950 2454 vids
963 2399 1182 2454 saasacerdotto
1194 2401 1321 2468 fungere·

102 2467 357 2540 psammutes,
372 2472 401 2525 et
414 2472 598 2538 senectutem,
612 2485 675 2540 quae
733 2475 789 2535 tur,
805 2469 960 2526 secundum
977 2467 1147 2539 exigentiam
1162 2469 1247 2525 sortis
1262 2485 1320 2528 suae

33 2558 36 2567 ’
98 2544 135 2596 est
146 2555 234 2597 causa
252 2538 413 2597 communis
426 2538 487 2596 viro
504 2545 533 2596 et
551 2539 674 2598 mulieri.
733 2547 851 2608 octava,
867 2543 937 2594 eeiit
955 2538 991 2594 de
1009 2538 1095 2594 domo
1112 2537 1160 2595 ubi
1180 2554 1211 2595 se
1229 2554 1322 2596 sacer·

94 2611 190 2684 laquo
200 2616 320 2684 apparet
330 2609 476 2682 conceptio
490 2610 676 2668 Praecursoris
733 2609 876 2667 dotalibus
894 2608 1019 2665 vestibus
1041 2606 1143 2676 induit,
1168 2613 1201 2664 ut
1227 2612 1320 2665 incen-

90 2681 351 2810 miraculosaffluia
363 2696 421 2737 non
433 2680 487 2737 tuit
500 2686 609 2739 tantum
624 2697 677 2754 per
732 2697 793 2738 sum
820 2685 940 2752 poneret,
960 2683 1100 2760 ingressio
1131 2681 1162 2760 io
1190 2681 1320 2750 tenplum

88 2758 262 2821 naturam,s
312 2768 365 2825 per
379 2757 511 2809 naturam
525 2753 618 2824 gratia
633 2752 676 2809 di·
732 2754 852 2817 Domini,
870 2751 982 2809 decima
1000 2750 1046 2807 die
1064 2764 1170 2806 mensis
1194 2749 1318 2822 septimi,

87 2823 153 2881 rina
172 2823 311 2896 adjutam.
327 2825 382 2881 lste
397 2823 523 2880 Herodes
541 2823 576 2880 de
594 2829 675 2897 patre
732 2823 818 2881 idest
846 2823 1024 2895 septembris.
1051 2823 1087 2877 Et
1101 2820 1216 2878 interim
1231 2825 1320 2879 omnis

85 2893 213 2952 ldumaeo
232 2894 408 2952 descendens
429 2893 483 2951 luit
503 2893 674 2966 alienigena,
732 2896 880 2952 multitudo
895 2895 994 2966 populi
1007 2898 1067 2949 crot
1081 2909 1162 2950 orans
1173 2896 1254 2962 soris,
1270 2910 1318 2951 ex·

83 2969 114 3022 st
120 2965 185 3047 jam
196 2970 339 3037 sceptrum
350 2965 475 3023 ablatum
483 2965 535 3022 luit
545 2965 581 3022 dc
589 2965 673 3036 tuda,
732 2971 777 3023 tra
801 2965 937 3038 templum
969 2964 1035 3036 quia
1055 2981 1113 3021 uon
1130 2969 1193 3021 erat
1210 2963 1319 3022 licitum

81 3039 114 3092 et
123 3035 191 3093 ideo
203 3042 316 3109 tempus
325 3035 463 3093 adrentus
473 3035 674 3094 christiinsta-
731 3036 836 3109 populo
851 3007 962 3109 ingredi
976 3035 1123 3108 templum,
1144 3034 1194 3092 sed
1209 3040 1319 3093 tantum

83 3107 151 3174 bat,
178 3106 247 3178 quia
273 3109 361 3165 Jacob
388 3105 550 3179 patriarcha
573 3106 674 3164 siritu
731 3109 850 3176 atrium;
865 3110 1048 3164 borsineensi
1061 3106 1210 3164 ollerendi.

83 3176 253 3249 prophetico
271 3177 385 3249 signum
403 3177 542 3234 adventus
567 3123 672 3235 Christi
768 3200 782 3237 n
798 3182 858 3235 Nou
872 3196 932 3235 ιιιιτ
947 3195 1052 3235 sumus
1071 3193 1213 3233 sacnnnos.
1229 3205 1265 3218 -
1279 3178 1319 3233 Ex

82 3246 267 3319 predixerat,
290 3248 404 3320 quando
431 3263 551 3320 regnum
567 3249 673 3307 Judaeae
730 3250 775 3307 his
789 3250 901 3307 videtur
913 3247 1064 3305 Zacharias
1083 3247 1170 3303 tuisse
1184 3246 1318 3304 sacerdos

82 3319 122 3376 ad
154 3319 344 3392 alienigenam
376 3319 544 3376 translatum
572 3325 671 3389 esset,
729 3320 857 3393 simplex.
877 3335 935 3376 non
949 3333 1093 3398 summus,
1111 3315 1177 3388 quia
1191 3316 1237 3372 hic
1251 3316 1320 3373 dici·

82 3389 184 3446 dicens
203 3408 210 3447 ε
230 3393 292 3450 Noa
315 3392 457 3458 auream
477 3395 613 3472 sceptrum
639 3391 673 3446 de
730 3398 776 3449 tur
790 3390 864 3462 quod
890 3389 1036 3460 ingressus
1056 3388 1108 3444 lunt
1125 3386 1262 3457 templum
1281 3388 1318 3444 ad

82 3461 169 3525 tudo,
192 3466 218 3517 et
232 3461 305 3517 dua
321 3462 355 3517 de
377 3463 480 3529 femore
503 3477 572 3531 eptas,
589 3462 673 3518 donee
729 3459 893 3534 ponendum
918 3459 1065 3515 incensum
1090 3460 1200 3514 mutum
1229 3473 1236 3512 :
1263 3458 1318 3514 hoc

83 3535 179 3587 ceam
204 3535 255 3603 qai
271 3532 421 3590 mittendas
433 3537 490 3601 est,·
506 3535 604 3604 etipse
619 3534 673 3588 en‘t
729 3536 824 3590 autem
839 3529 948 3586 hcitum
962 3534 1024 3586 erat
1039 3528 1198 3585 minoribus
1220 3544 1316 3586 sacer·

82 3605 254 3674 exspectatio
268 3601 671 3672 Gentiumlltsciendumhic,
729 3602 853 3670 dotibus,
874 3600 1028 3658 secundum
1050 3599 1126 3671 quod
1148 3598 1217 3656 dicit
1240 3601 1317 3673 Apo·

82 3672 244 3746 quodcum
257 3675 367 3747 Moyses
377 3673 492 3730 unicum
506 3672 673 3730 instituisset
729 3674 818 3730 stolus
834 3690 841 3728 :
857 3676 889 3730 ln
905 3675 996 3744 primo
1012 3672 1123 3742 quidem
1142 3672 1317 3729 tobemacalo

81 3759 229 3801 summum
256 3745 457 3827 sacerdotem,
486 3743 532 3800 cui
560 3750 672 3826 mortuo
730 3744 854 3816 quotidie
869 3744 1022 3829 introibant
1039 3743 1192 3799 sacerdotes
1209 3746 1316 3826 sacrifl-

82 3815 672 3968 tttttttltlthittttltttltll
729 3819 1316 3968 tidboldiihiffliii‘iiliii:

80 3956 121 4013 de
141 3961 240 4028 ugrntr
256 3963 378 4030 quatuor
394 3956 519 4026 lamrlus,
544 3972 607 4029 que
623 3956 673 4013 de·
730 3962 849 4026 stomm,
866 3956 1015 4029 quoderat
1029 3972 1059 4012 ιιι
1074 3962 1158 4024 atrro,
1173 3955 1221 4012 ubr
1235 3971 1317 4012 muu-

82 4027 254 4084 seenderant
270 4029 306 4086 ab
318 4030 425 4096 Aaron,
435 4026 558 4084 instituit
572 4026 673 4098 viginti
730 4029 860 4085 strabant
873 4028 1036 4085 sacerdotes
1064 4027 1199 4094 minores,
1220 4041 1315 4083 sacer·

81 4103 207 4170 quatuor
218 4099 673 4170 sacerdotes:superquostamen
730 4099 782 4155 dos
801 4098 849 4171 qui
869 4098 907 4156 ibi
923 4098 1144 4165 ministraverat,
1160 4096 1316 4168 accipiebat

80 4183 158 4226 unus
172 4171 312 4226 maximus
334 4174 398 4226 erat
415 4173 444 4226 et
468 4183 596 4226 summus
611 4184 672 4225 om·
729 4185 836 4254 prunas
861 4169 1003 4227 de'altari
1023 4168 1264 4234 holocaustorum,
1287 4170 1316 4222 et

84 4238 176 4305 ηἰιιιιι,
190 4239 238 4310 qrri
263 4239 411 4297 dicebatur
426 4239 560 4312 Princeps
579 4255 672 4297 sacer·
729 4245 841 4298 intrans
855 4239 976 4313 primam
998 4243 1107 4311 partem
1125 4236 1234 4308 templi,
1250 4251 1314 4306 quae
