2790 4912
224 350 264 406 Db
290 349 330 404 ab
356 351 444 412 QUOD
470 353 592 408 tussia
619 351 743 408 tonuit
771 349 959 404 nluittunll
986 349 1132 403 ululltl.
1267 356 1296 410 [35

52 454 200 512 olitoribus
228 453 428 526 poenitentiam
458 469 493 510 ea
518 459 655 512 sententio
709 456 955 534 atteruntur,·noo
971 454 1008 510 ad
1027 455 1134 525 peccati
1149 459 1296 529 purgatio·

55 542 159 596 operer
173 524 224 580 sed
248 527 346 580 stotini
373 527 492 582 ultiones
510 527 652 592 adbibere,
708 541 772 581 nem
786 530 816 580 et
828 540 950 592 veniam,
966 525 1015 580 sed
1028 526 1064 582 ail
1080 527 1257 597 punitionem
1267 537 1296 587 et

56 599 158 666 moeni
185 595 309 665 beneficii
335 600 376 651 est
402 597 547 654 indicium.
573 598 653 655 Unde
707 595 871 663 vindictam,
883 600 911 651 et
925 595 961 652 ad
976 602 1090 654 aeternae
1103 598 1296 658 damnationis

53 666 216 725 secundum
239 669 447 736 Hieronymum,
470 683 574 742 magna
600 669 652 725 mi·
706 665 917 724 inchoationem
944 672 972 723 et
995 675 1189 739 augmentum,
1219 673 1297 744 quod

53 738 132 797 seria
152 742 197 794 est
216 737 409 819 adpraesens,
425 738 651 797 misericordiam
707 738 894 810 reproborum
909 743 952 794 est
964 739 1125 810 proprium;
1151 741 1223 799 sicut
1237 747 1294 800 Au-

54 826 113 868 non
135 824 297 881 consequ13
326 815 354 866 et
377 810 533 867 secundum
553 814 650 881 Aaou·
706 809 819 867 tiochus
842 815 871 865 et
894 809 1031 876 Herodes,
1052 827 1085 867 ac
1108 812 1224 884 quidam
1245 815 1295 871 alii

51 885 172 944 stiriam,
189 895 296 951 magna
321 879 366 937 ira
392 880 443 938 Dei
468 887 511 938 est
535 883 650 953 quando
705 886 773 937 sunt
791 879 877 953 passi.
898 882 931 937 Et
948 880 1028 937 multi
1046 882 1138 939 adhuc
1153 885 1237 942 hodie
1253 885 1294 943 vi-

55 957 225 1025 peocantem
249 967 308 1008 non
333 951 465 1024 corripit3
490 953 541 1010 sed
561 953 650 1010 licen·
705 951 810 1009 dentur
837 950 906 1023 pati,
936 952 1038 1022 quibus
1064 955 1196 1026 congruit
1223 955 1295 1015 illud

56 1022 127 1081 tiam
159 1037 262 1094 ragam
303 1022 333 1079 in
372 1028 521 1095 peccatum
549 1025 649 1082 ruendi
704 1024 851 1095 prophetie
879 1025 1022 1095 :Duplici
1047 1029 1210 1082 contritione
1231 1044 1297 1085 oon·

58 1092 210 1177 permittit.
227 1124 263 1134 -
285 1093 413 1163 Decimo,
430 1101 461 1152 ut
484 1111 565 1168 spem
591 1112 651 1154 ma·
704 1100 760 1150 tere
775 1110 829 1151 eos.
843 1093 958 1151 Talibus
973 1093 1050 1151 enim
1065 1105 1221 1168 praescntes
1237 1115 1295 1157 mo

54 1181 149 1237 iorem
168 1165 206 1222 ad
221 1166 312 1222 Deum
334 1166 450 1235 habeat,
466 1172 494 1222 et
513 1167 649 1224 fiduciam
704 1165 794 1222 lestiae
804 1170 870 1222 sunt
881 1165 1024 1236 quoddam
1038 1169 1255 1240 praeambulum,
1266 1176 1296 1228 et

54 1237 228 1310 ampliorem
252 1236 320 1293 inde
343 1236 473 1309 accipiat.
490 1238 569 1295 Unde
591 1242 651 1295 Aa·
702 1235 818 1292 initium
836 1252 985 1308 poenarum
1003 1239 1157 1308 gehennae3
1174 1241 1242 1312 quia
1256 1242 1296 1298 al·

55 1311 187 1376 cristinus
203 1327 212 1363 ε
228 1326 243 1360 ii
261 1308 331 1366 Cum
347 1307 450 1366 timore
468 1309 556 1367 debes
574 1326 646 1380 esse,
703 1307 861 1363 lliclionum
875 1324 988 1364 suarum
1002 1310 1188 1381 miseriaejam
1199 1318 1294 1368 osten·

57 1379 174 1451 quando
192 1376 244 1435 tibi
264 1379 336 1436 bene
357 1384 409 1436 est.
428 1382 526 1437 Nonne
546 1382 649 1438 melius
703 1379 785 1446 dunt,
804 1378 1030 1451 quodperpetua
1045 1379 1075 1435 in
1086 1382 1217 1451 gehenna
1232 1399 1295 1455 pas-

55 1458 102 1507 est
127 1449 234 1507 tentari
264 1455 294 1505 et
320 1451 447 1521 probari,
476 1467 563 1523 quam
589 1470 648 1509 non
703 1450 761 1506 suri
779 1453 854 1506 sunt.

58 1526 201 1579 tentalum
224 1521 428 1592 reprobarit»
451 1523 531 1580 Unde
543 1528 571 1580 et
585 1528 648 1581 Ber·
743 1543 773 1577 io
798 1522 950 1576 Parii-:uren
973 1537 1043 1576 anno
1068 1539 1227 1579 noscamus
1245 1542 1293 1580 ssr

56 1593 164 1649 nardus
176 1612 185 1648 ε
197 1614 213 1645 ii
223 1595 301 1650 Tunc
315 1593 406 1666 magis
416 1593 548 1651 irascitur
559 1597 645 1664 Deus,
702 1609 871 1648 iniucuiiio.
887 1623 922 1673 -3
938 1590 1019 1673 Circa
1035 1608 1102 1650 suos
1116 1609 1183 1650 vero
1195 1597 1292 1651 Domi·

57 1679 122 1721 cum
146 1679 207 1720 non
228 1662 371 1719 irascitur.
393 1666 455 1721 Non
479 1665 556 1722 enim
583 1682 647 1724 cum
702 1679 756 1720 iius
771 1662 866 1720 omnia
881 1663 1105 1720 misericorditer
1118 1665 1244 1734 ordinat,
1262 1670 1293 1724 et

58 1733 227 1804 nescio,sed
236 1750 301 1791 cuin
315 1735 406 1791 se'utio
418 1740 446 1792 te
462 1735 579 1804 iratum,
590 1739 645 1794 Uo·
702 1734 738 1789 ad
748 1733 900 1790 utilitatem
908 1751 1007 1790 eorum
1020 1741 1122 1792 cuncta
1131 1736 1290 1808 dispensat.

59 1804 645 1880 mine,tuncmaximenonlidopropitium3
702 1805 805 1862 Omnia
816 1821 896 1876 ergo.
912 1806 955 1862 vel
968 1806 1056 1887 iusto,
1075 1809 1118 1863 vel
1133 1808 1292 1866 misericor·

56 1877 165 1933 etenim
184 1893 244 1933 eum
269 1880 359 1933 iratus
374 1880 474 1946 tuens,
491 1882 646 1936 misericor·
702 1875 909 1944 diterlacit,vcl
921 1877 984 1932 lieri
996 1877 1132 1947 poiuiittit
1144 1880 1290 1951 Dominus,

56 1950 110 2004 dire
134 1947 333 2004 recordaberis.
351 1966 366 2001 ii
381 1950 416 1989 ’-
436 1949 601 2019 Undecimo
615 1957 647 2007 ut
701 1947 801 2004 etideo
812 1947 841 2003 in
853 1946 984 2004 omnibus
997 1964 1109 2021 semper
1120 1956 1162 2005 est
1175 1951 1292 2008 laudan·

55 2034 120 2076 cum
138 2024 257 2092 paratus
278 2018 315 2075 sit
335 2020 410 2076 Deus
431 2020 467 2075 ad
482 2037 648 2078 succurren-

57 2092 138 2159 dum,
155 2091 243 2146 homo
259 2089 339 2159 sciat,
355 2089 379 2146 si
400 2096 496 2147 tamen
521 2092 557 2148 ad
580 2109 646 2150 euin

57 2167 117 2218 toto
133 2160 223 2218 eorde
235 2167 374 2218 recurrat.
386 2162 465 2219 Unde
475 2162 643 2220 Psalmista:

59 2233 104 2289 Ad
117 2235 266 2289 Dominum
280 2249 341 2289 cum
354 2234 506 2289 tribularer
514 2236 644 2300 clomoui,

56 2310 83 2361 et
104 2304 253 2360 exaudivit
279 2320 329 2359 ine.
346 2335 380 2346 -
410 2305 593 2374 Duodecimn,
616 2310 646 2363 ul

59 2377 144 2433 hoino
159 2375 307 2447 probetur,
324 2374 347 2431 si
367 2377 456 2431 Deum
474 2381 560 2444 amet,
576 2383 605 2433 et
622 2377 645 2433 si

57 2446 177 2503 virtutes
204 2443 236 2502 in
260 2462 290 2503 se
315 2447 429 2503 habeat.
446 2448 524 2504 Unde
544 2449 645 2519 Gripo·

57 2521 136 2574 musi
155 2539 170 2569 ii
185 2519 273 2575 Poeiia
296 2516 466 2590 interrogat,
483 2518 507 2575 si
532 2521 646 2591 quietus

56 2590 118 2660 quis
154 2590 245 2645 Deum
277 2591 418 2645 ueraciter
449 2595 537 2647 amat.
563 2611 577 2642 s
611 2593 646 2647 Et

57 2659 183 2716 iterum:
205 2679 220 2711 (t
239 2662 327 2716 Nemo
348 2661 376 2715 in
393 2675 462 2731 pace
481 2660 556 2718 vires
577 2678 645 2719 suas

58 2732 222 2803 cognoscin
239 2729 263 2786 si
279 2729 354 2787 enim
369 2732 446 2787 bella
460 2731 575 2802 desunt,
591 2734 646 2789 vir·

58 2807 149 2859 tutum
165 2803 361 2873 experimenta
373 2818 429 2859 non
449 2804 643 2876 proderunt.»

59 2873 282 2940 -Tredecimo,
297 2879 329 2930 ut
352 2874 439 2930 homo
463 2873 530 2931 iride
544 2879 645 2947 proba-

60 2944 114 3000 tior
134 2944 198 3012 ssat,
218 2950 247 3001 et
260 2960 312 3016 pei·
326 2944 492 3016 patientiam
509 2962 644 3003 coronam

61 3016 198 3088 majorem
223 3020 252 3072 el
269 3015 404 3072 meritum
429 3017 550 3088 amplius
570 3019 644 3074 acci·

60 3086 128 3156 piat,
143 3092 175 3144 ut
189 3091 269 3158 patet
287 3087 322 3144 de
340 3088 395 3144 bob
414 3094 442 3144 et
461 3088 643 3161 martyribus.

60 3157 137 3215 Unde
150 3159 295 3216 lacobus:
311 3161 411 3215 Brutus
426 3161 470 3215 uir
486 3162 536 3230 oui
549 3161 646 3231 suffert

60 3231 245 3293 imbutionem,
275 3233 405 3299 quoniam
431 3247 491 3286 cuin
513 3232 646 3301 probatus

58 3302 156 3367 lauit,
170 3302 288 3371 accipiet
316 3317 442 3357 coronam
467 3305 541 3365 uite,
562 3320 645 3372 quom

58 3374 217 3443 repromisit
233 3375 305 3427 Deus
323 3372 504 3440 dilipentibus
521 3389 560 3431 se.
576 3376 645 3430 ltem

701 2018 763 2075 dus.
781 2019 860 2075 Unde
876 2021 1049 2088 lupustinus
1072 2040 1080 2075 s
1104 2043 1118 2071 α
1133 2023 1208 2078 Vera
1223 2022 1291 2079 iido-

701 2089 770 2147 lium
783 2089 928 2146 humilitas
945 2095 988 2147 est
1003 2090 1031 2147 in
1042 2091 1118 2148 nullo
1132 2094 1289 2164 superbire,

702 2163 731 2216 iii
756 2161 834 2218 nullo
858 2177 1047 2230 murmurare,
1073 2179 1125 2219 nec
1146 2163 1290 2237 ingratum

701 2248 773 2302 csse,
789 2249 842 2289 nec
860 2235 1025 2304 querulum;
1042 2234 1093 2290 sed
1112 2233 1140 2290 iii
1157 2236 1290 2293 oiiinibus

701 2302 752 2359 Uei
767 2303 896 2375 iudiciis,
915 2304 1022 2374 gratias
1041 2303 1094 2376 ipsi
1114 2307 1171 2362 lico
1192 2322 1289 2378 agere,

700 2389 822 2445 cumque
839 2374 1057 2446 laudare‚cujus
1076 2376 1173 2433 omnia
1191 2394 1289 2449 opera,

700 2453 747 2501 aut
757 2447 976 2516 J'ustasunt,aut
984 2445 1106 2516 benigna
1121 2464 1127 2502 :
1142 2472 1154 2495 i
1167 2448 1290 2504 haedu-

699 2516 902 2585 autionariis
922 2517 1017 2586 itaque
1037 2517 1233 2587 consideratis,
1249 2518 1290 2574 sic

700 2604 750 2643 cor
768 2592 847 2643 tuum
867 2585 994 2642 stabilire
1009 2591 1036 2642 et
1055 2587 1190 2645 ordinare
1210 2589 1288 2644 stud·

700 2674 759 2726 eas,
781 2663 810 2713 ut
831 2657 861 2712 in
888 2656 1118 2729 contingentibus
1148 2659 1288 2728 advorsis,

701 2736 728 2784 et
749 2727 974 2800 quibuscumque
994 2728 1181 2801 displiceiitiis
1195 2731 1287 2786 humi·

700 2800 775 2870 liter,
788 2816 822 2856 ac
831 2800 984 2882 patienter,
1001 2808 1029 2857 et
1045 2802 1176 2857 laetanter
1194 2808 1221 2858 te
1237 2803 1288 2860 ha-

700 2873 779 2940 beas,
790 2876 858 2928 etin
870 2871 915 2928 via
925 2871 1042 2942 spiritus
1053 2875 1092 2929 ita
1104 2877 1132 2928 te
1144 2890 1287 2942 exerceas,

699 2949 730 2999 ut
748 2944 810 3015 ejus
828 2943 954 3015 repletus
970 2943 1091 3012 lervore,
1113 2944 1199 3001 ctiam
1227 2948 1288 3002 lineo

700 3030 751 3096 pro
765 3030 863 3071 amore
878 3013 988 3071 Domini
1008 3017 1077 3072 lesu
1095 3022 1223 3088 appetas,
1239 3016 1287 3088 qui

699 3102 727 3142 iii
743 3102 774 3142 se
789 3092 817 3142 et
831 3085 859 3142 in
875 3086 1131 3154 suis‚hai1cvitam
1147 3089 1287 3144 excelsam

699 3156 791 3214 tonuit
818 3162 846 3213 ct
872 3156 1049 3225 monstravit,
1072 3164 1100 3214 et
1123 3161 1287 3230 exemplum

699 3227 863 3285 ambulandi
876 3244 927 3300 por
937 3244 1000 3284 eam
1015 3228 1147 3285 omnibus
1161 3230 1286 3300 reliquit.

701 3300 811 3356 Patitur
826 3300 900 3355 enim
916 3305 944 3355 et
962 3299 1095 3365 sustinet,
1113 3306 1144 3354 ut
1158 3299 1239 3355 electi
1259 3305 1289 3356 et

700 3370 751 3426 lilii
770 3369 850 3441 regni
865 3369 1030 3439 allligantur
1051 3368 1098 3425 hic
1113 3369 1143 3425 in
1157 3368 1286 3426 interiori

58 3441 217 3499 seeundum
237 3443 465 3524 chrysostomum,
481 3447 512 3500 ut
530 3445 645 3515 signum
699 3440 814 3497 liomine
832 3445 861 3496 et
880 3439 1023 3496 exteriori.
1045 3441 1115 3494 Nam
1131 3440 1287 3521 secundum

57 3512 232 3570 creditorum
246 3512 300 3570 sibi
315 3516 525 3583 thesaurorum,
547 3516 574 3570 iil
590 3520 644 3581 est,
698 3511 864 3583 Apostolum
879 3511 915 3566 ad
930 3511 1075 3592 Hebraeos,
1091 3526 1138 3582 qui
1151 3516 1229 3568 extra
1243 3511 1286 3594 di3

55 3584 200 3642 donorum
218 3583 385 3641 collatorum
402 3585 531 3657 accipiat.
549 3587 645 3658 Neque
699 3582 846 3654 sciplinam
859 3586 936 3650 sunt,
952 3597 1010 3636 non
1024 3581 1085 3650 lilii,
1100 3582 1151 3639 sed
1165 3583 1286 3640 adulteri

55 3655 133 3712 enim
159 3655 357 3727 superveniret
382 3655 408 3712 ei
432 3656 573 3724 diabolus,
589 3656 644 3713 nisi
699 3659 780 3720 sunt;
797 3657 826 3708 et
848 3652 1005 3709 secundum
1019 3653 1216 3734 daquslinum,
1237 3654 1286 3727 qui

54 3742 120 3783 eum
135 3727 240 3798 majori
254 3727 364 3784 honore
376 3727 511 3784 allectum
524 3727 643 3785 videret.
698 3729 843 3795 exemptus
857 3728 901 3780 est
919 3740 936 3780 a
951 3739 1082 3794 passione
1097 3726 1286 3807 flagellorum,

56 3798 134 3855 Sicut
150 3796 304 3855 insurrexit
317 3798 646 3872 adversusltdam,quia
698 3800 845 3866 exemptus
864 3800 907 3851 est
924 3800 952 3852 et
973 3811 990 3850 a
1012 3811 1131 3853 numero
1155 3798 1290 3878 illiorum²

55 3869 148 3926 multa
174 3868 255 3926 illum
278 3868 416 3940 dignitate
444 3870 514 3926 vidit
533 3869 645 3942 conspi·
699 3868 778 3924 Unde
796 3866 872 3923 idem
887 3867 1061 3935 Aaoustinus
1077 3887 1085 3921 ε
1103 3887 1116 3919 ii
1133 3869 1220 3924 Nemo
1236 3868 1289 3925 sibi

54 3955 154 4009 cuum,
170 3945 200 3997 et
219 3944 320 3996 contra
339 3947 470 3998 sanctum
491 3942 555 4011 lob,
577 3941 646 4024 quia
699 3936 858 4011 promittat,
869 3938 945 4009 quod
960 3938 1142 4010 Evangelium
1157 3955 1213 3995 nou
1228 3955 1293 4010 pro·

55 4013 174 4070 videbat
201 4010 282 4070 illum
308 4011 380 4069 adeo
407 4012 488 4068 miris
514 4013 647 4071 laudibus
701 4008 796 4065 mittit.
813 4011 932 4066 Necesse
945 4014 998 4091 est,
1014 4015 1044 4066 ut
1059 4026 1147 4092 usquo
1160 4010 1188 4066 in
1205 4010 1293 4066 ssnem

55 4087 239 4140 coronatum.
701 4080 742 4138 sie
757 4080 817 4153 fiat,
829 4082 901 4137 siout
915 4082 1069 4152 Scripturas
1080 4082 1219 4138 disci-unt.
1233 4083 1293 4138 Non

90 4156 290 4229 9Ta1suniirio
320 4171 447 4212 usnonuii
471 4173 505 4211 io
532 4172 648 4212 irsoiiuii
703 4151 784 4209 nobis
797 4151 967 4224 promittunt
979 4152 1131 4224 Scripturae
1146 4151 1294 4209 nostruin

55 4242 233 4284 rosiriossir.
249 4256 284 4268 -
302 4228 422 4298 insuper
435 4226 561 4308 quidam,
580 4227 647 4283 mali
703 4227 757 4280 hoc
776 4223 883 4296 seculo,
902 4223 955 4306 uisi
980 4223 1191 4290 tribulationes,
1214 4237 1294 4293 pres·

55 4297 177 4367 scilicet,
210 4296 334 4370 flagellis
362 4303 390 4355 et
416 4297 648 4355 tribulationibus
704 4311 795 4366 suras,
809 4301 966 4368 angustias,
980 4301 1135 4366 augmenta
1150 4294 1294 4360 dolorum,

139 4376 208 4429 Viro
223 4375 291 4430 insu
307 4378 427 4441 Canisni,
444 4391 530 4429 nouus
548 4377 569 4428 l.
1188 4378 1199 4421 5
