2790 4912
245 285 414 368 sunnonis
441 288 472 342 tlt
499 288 610 343 dolls
637 286 881 340 cattianilla.
1137 294 1187 350 w

55 395 80 443 et
103 387 207 445 taciem
230 387 345 458 lavabit,
366 390 394 447 id
415 397 470 462 est,
491 408 542 449 cor
593 396 653 450 tute
685 391 822 449 liberatur
848 396 876 449 et
902 393 1033 465 proprius
1066 396 1179 456 virtutis

57 459 176 531 bit,quo
191 459 304 516 visurus
316 466 359 517 est
369 464 469 532 Deum,
483 481 541 520 non
593 467 726 536 operator
749 463 881 533 eflicitur,
909 479 973 520 eam
994 481 1095 523 amans
1119 485 1177 526 non

55 534 188 603 :erposito
210 532 350 589 velamine
365 540 480 606 propter
494 535 539 591 in·
591 535 799 608 propteralios,
815 535 865 592 sed
877 542 994 608 propter
1012 539 1144 610 seipsam.
1160 561 1175 593 u

56 609 115 660 tem
128 607 303 658 contractam
318 604 353 661 de
367 605 509 663 sordibus.
525 627 538 658 o
592 608 728 663 Notanter
747 622 814 663 vero
827 607 950 664 orationi
968 609 1176 692 eleemosynam

55 675 185 730 trundum
210 676 438 745 chrysostomum,
463 694 540 749 unge
593 682 621 733 et
633 678 774 748 je'unium
789 679 927 749 ad'ungit,
944 680 1011 750 quia
1030 688 1120 738 oratio
1135 687 1177 739 est

61 745 88 801 id
109 751 150 826 est
172 744 326 813 Christum,
350 747 412 804 oleo
428 748 538 805 miseri·
593 695 722 819 quaedam
747 695 856 806 aricuia
884 765 946 820 quae
968 757 1097 823 penetrat
1120 770 1176 811 coe·

56 858 63 883 ,
79 818 186 871 scilicet
203 832 343 898 pauperos
354 818 517 890 recipiendo
530 838 536 888 ;
593 819 661 888 lum,
677 825 706 875 et
718 820 804 876 habet
818 820 889 877 duas
903 821 972 890 alas,
984 823 1091 879 scilicet
1104 824 1176 881 elee·

55 887 137 956 riom,
156 887 185 943 id
203 893 243 943 est
259 889 454 959 intentionem,
471 908 537 964 pro·
593 906 738 963 mosynam
753 896 781 947 et
792 891 947 962 jejunium;
962 899 991 949 et
1004 894 1068 950 ideo
1080 895 1173 966 primo

55 959 196 1040 eumnhoc
211 958 350 1040 iaciendo.
376 962 410 1016 m
432 963 537 1031 subdit,
591 961 651 1033 am't
665 963 700 1018 de
716 962 906 1043 eleemosyna,
922 969 951 1019 et
970 964 1070 1021 ultimo
1089 968 1176 1040 deje-

55 1046 97 1085 :ns
127 1035 316 1087 intentionem
338 1047 472 1103 pravam:
499 1038 540 1093 lile
589 1033 682 1104 junio,
704 1037 733 1090 et
758 1035 852 1090 medio
880 1033 943 1091 loco
970 1037 1005 1092 do
1035 1037 1176 1108 oratioue,

55 1103 249 1170 staminibus,
269 1101 362 1171 idest,
375 1104 412 1159 ob
426 1104 539 1162 laudem
592 1104 660 1176 quia
682 1104 745 1177 ipsa
767 1105 859 1162 oratio
885 1105 930 1161 bis
957 1107 1037 1176 quasi
1065 1109 1176 1166 duabus

55 1172 116 1228 iam
131 1172 278 1228 hominum
293 1176 487 1245 quaerendam,
498 1178 540 1246 je·
592 1175 694 1248 pennis
709 1194 727 1235 a
740 1176 847 1233 dextris
860 1181 888 1233 et
902 1193 920 1233 a
934 1177 1056 1235 sinistris
1079 1180 1175 1237 suble-

55 1244 128 1309 ‚sed
147 1247 226 1299 Petri
243 1250 290 1301 tuo
312 1245 430 1314 coelesti,
458 1248 539 1319 cujus
592 1253 666 1315 vata,
702 1254 814 1305 enetrat
832 1248 945 1316 coelum,
961 1256 989 1303 et
1006 1249 1067 1320 ipsa
1113 1251 1174 1307 nasi

55 1332 66 1370 l
93 1321 205 1371 tantum
227 1316 315 1373 debes
343 1317 373 1378 in
402 1318 538 1390 operibus
592 1264 713 1376 rolando
732 1319 862 1391 pervenit
884 1320 919 1375 ad
935 1322 1034 1376 Deum.
1053 1267 1174 1377 uniein

55 1403 162 1449 raerere,
187 1391 237 1456 qut
259 1394 299 1444 ost
325 1392 356 1444 in
378 1390 537 1448 abscondito
592 1389 679 1447 lobia
697 1409 704 1446 ε
719 1394 796 1449 Bono
814 1397 854 1447 est
878 1394 966 1448 orutto
989 1408 1050 1446 eum
1065 1392 1174 1462 jejunio

55 1475 86 1524 n,
100 1459 166 1529 quia
178 1465 404 1516 emutaturrenes
417 1464 536 1518 etcordo
590 1465 616 1516 et
632 1463 808 1543 eleemosyna.
827 1465 859 1519 ln
877 1461 1009 1518 omnibus
1036 1478 1104 1533 ergo
1123 1479 1177 1520 no·

55 1546 105 1596 rm,
123 1531 164 1584 sel
187 1535 216 1585 in
232 1531 390 1586 (abscondito
410 1549 538 1590 remune·
591 1531 657 1587 stris
671 1535 804 1603 operibus
831 1535 983 1588 humanam
1008 1533 1120 1590 laudem
1135 1534 1176 1592 iu·

55 1618 100 1668 rm,
116 1617 186 1671 qrras
210 1603 357 1657 abscondit
371 1603 536 1661 timentibus
590 1619 656 1674 gere
669 1604 816 1672 debemus,
834 1604 900 1676 quia
917 1609 947 1659 ut
963 1603 1030 1658 dicit
1044 1608 1175 1661 Beotius:

55 1675 85 1727 'et
100 1673 167 1742 qiua
184 1676 258 1728 Deus
276 1673 304 1728 in
324 1673 381 1728 vita
400 1675 534 1745 praesenti
592 1695 605 1726 a
623 1674 740 1745 Sapiens
754 1678 860 1732 bonnm
877 1691 958 1730 suum
973 1691 1030 1731 non
1045 1676 1174 1747 populari

56 1749 138 1798 testa
158 1743 356 1812 nobissideri,
380 1745 535 1818 licetprae²
589 1761 723 1813 rumore,
753 1747 802 1802 sed
824 1745 1004 1802 conscientiae
1033 1746 1172 1815 veritate,

55 1814 72 1868 it
96 1815 210 1885 ubique.
232 1819 268 1871 Et
294 1819 376 1871 Pater
391 1821 465 1884 tuus,
487 1819 535 1890 qui
591 1816 714 1872 metitur.
731 1838 745 1866 »
762 1819 817 1872 Nec
840 1817 932 1872 solum
952 1822 1046 1873 autem
1062 1818 1089 1872 in
1105 1834 1172 1889 ope·

55 1885 189 1940 livisritur
204 1886 313 1956 prolem
328 1903 419 1956 suam,
436 1892 485 1958 qui
495 1893 536 1944 oa·-
589 1885 676 1955 ribus,
697 1888 842 1944 sedetiam
855 1887 885 1943 in
900 1887 957 1944 otio
973 1888 1034 1944 laus
1049 1890 1173 1946 bumana

67 1957 236 2024 abscondito,
265 1957 294 2012 id
322 1965 375 2026 est,
395 1962 534 2030 approbat
589 1963 632 2014 est
663 1958 804 2030 fugienda.
828 1960 906 2015 Unde
929 1962 1052 2016 Seneca:
1075 1962 1174 2018 «Abs-

67 2032 244 2083 etsecretam
260 2028 459 2099 intentionem,
474 2033 535 2086 rect-
588 2031 677 2087 conde
690 2035 718 2087 te
734 2030 763 2087 in
785 2030 855 2100 otio,
871 2032 920 2088 sed
936 2037 965 2087 et
977 2029 1068 2101 ipsum
1082 2032 1172 2089 otium

56 2141 63 2165 ,
81 2099 146 2154 talis
163 2099 263 2170 jejunii
280 2101 451 2170 mercedem,
466 2102 534 2172 quia
588 2101 739 2159 abscondo.
756 2105 817 2160 Non
832 2103 970 2159 inscribas
984 2105 1034 2160 tibi
1045 2104 1171 2176 philoso-

55 2174 126 2224 lleus
151 2172 297 2225 irrereedem
319 2174 442 2228 todorum
462 2175 532 2231 Son·
587 2174 694 2256 pbiam,
714 2174 790 2230 aliud
815 2174 960 2246 proposito
991 2182 1038 2231 tuo
1068 2192 1171 2232 nomen

61 2258 181 2298 suerrum.
198 2241 249 2297 L'bi
264 2246 426 2312 ltenriqtus:
444 2267 458 2294 α
470 2247 532 2302 Sui·
588 2261 712 2316 impono,
733 2246 932 2313 valetudinem,
949 2245 1172 2302 imbecillitatem

55 2312 102 2367 iim
124 2312 184 2379 tibi,
205 2313 301 2384 utqui
322 2320 364 2369 est
390 2316 533 2386 inspector
588 2320 685 2371 vocato
707 2320 736 2371 et
760 2316 908 2371 desidiam.
928 2316 1047 2371 Gloriari
1069 2316 1097 2370 in
1113 2316 1171 2373 otio

58 2383 136 2452 ntiae,
149 2384 185 2438 sit
199 2383 284 2439 etiarn
296 2392 503 2444 remunerator.
517 2410 530 2439 o
586 2385 703 2442 ambitio
718 2391 771 2442 est.
788 2385 929 2465 Animalia
945 2387 1075 2466 quaedam
1092 2387 1170 2442 inve·

55 2455 122 2511 itate
145 2460 240 2511 autern
268 2462 297 2511 et
315 2458 408 2512 fructu
430 2458 530 2529 ijunii
585 2455 775 2582 nirilpossunt,
786 2474 848 2528 quae
862 2461 980 2526 vestigia
991 2472 1067 2512 circa
1081 2456 1174 2527 ipsum

55 2528 267 2595 triuerat-mus:
285 2550 299 2579 «
311 2528 453 2599 tejunium
469 2546 532 2601 pur·
586 2544 639 2583 con
652 2527 764 2584 undunt
783 2526 887 2596 cubile,
904 2526 979 2582 idem
999 2526 1048 2582 tibi
1064 2527 1171 2583 lacien-

55 2603 136 2664 item,
148 2599 530 2668 sublevatsonsum,carnem
585 2599 652 2655 dum
672 2601 725 2666 est,
744 2598 876 2678 alioquin·
892 2613 950 2653 non
977 2599 1097 2654 deerunt
1123 2600 1171 2680 qui

67 2670 193 2741 subjicit,
217 2687 267 2725 cor
285 2670 353 2727 lacit
376 2672 529 2729 contritum
585 2674 799 2741 persequantur.
814 2670 957 2740 Optimum
983 2674 1105 2724 estnon
1128 2685 1169 2740 Ja-

55 2740 173 2808 iliatum,
190 2741 429 2813 concupiscentiae
444 2745 530 2801 nebu·
585 2748 662 2799 ctare
688 2740 779 2798 otium
814 2756 905 2796 suum.
923 2739 972 2796 llle
997 2756 1027 2796 se
1052 2740 1171 2796 abscon-

54 2813 155 2938 perffit
189 2812 335 2868 libidinem
366 2814 527 2885 exstinguit,
584 2814 636 2882 dit,
660 2813 708 2869 ille
734 2812 845 2894 clausus
862 2816 916 2880 est,
944 2811 991 2868 ille
1014 2809 1110 2892 multis
1124 2826 1174 2868 an·

55 2884 87 2938 lis
121 2900 204 2939 nmen
222 2885 385 2940 accendit.»
404 2885 464 2950 llic,
484 2903 534 2944 se*
584 2884 629 2941 nis
650 2900 707 2940 non
735 2889 837 2941 transit
859 2883 960 2940 domus
984 2899 1042 2940 suae
1071 2882 1168 2940 limen.

55 2971 65 3010 1
83 2957 281 3024 Aupusttnum,
298 2955 526 3014 animadverten·
584 2958 726 3013 Convocat
750 2957 873 3024 turbam,
893 2954 1021 3027 quisquis
1039 2953 1098 3010 otio
1116 2970 1168 3011 suo

55 3032 76 3095 t,
92 3043 149 3081 non
174 3026 265 3082 solum
285 3043 347 3083 esse
361 3029 529 3099 jactantiam
584 3027 708 3099 aliquam
733 3027 857 3086 tabulam
879 3026 1023 3099 imposuit.
1039 3026 1110 3083 Cum
1124 3041 1171 3083 se·

55 3113 134 3153 orum
159 3104 187 3153 ct
210 3114 305 3154 rerum
329 3115 530 3171 corporearum
584 3098 703 3156 cesseris
716 3115 774 3155 non
790 3105 833 3156 est
848 3100 902 3155 hoc
918 3098 1072 3169 agendum,
1087 3101 1120 3153 ut
1133 3098 1169 3153 de

58 3176 143 3239 atque
170 3185 283 3240 pompa,
310 3170 360 3226 sed
387 3171 471 3228 etiam
499 3172 529 3228 in
583 3175 612 3227 te
636 3170 766 3226 homines
792 3171 954 3241 loquantur,
974 3170 1024 3225 sed
1052 3174 1082 3225 ut
1108 3167 1169 3240 ipse

57 3240 156 3295 rdibus
169 3248 198 3296 et
221 3241 371 3312 squalore3
386 3248 414 3298 et
429 3244 528 3300 boeeo
583 3246 677 3297 tecum
702 3241 839 3312 loquaris.
858 3241 929 3309 Quid
948 3241 977 3322 in
1000 3238 1059 3295 otio
1078 3239 1168 3296 lacis?

55 3311 125 3367 isius
139 3315 192 3377 est,
207 3328 262 3383 quo
276 3313 328 3369 sub
341 3312 456 3370 nomine
471 3330 529 3370 ser-
584 3312 668 3369 Ulcus
701 3328 795 3369 meum
823 3327 900 3369 curo.
930 3312 958 3368 Si
988 3310 1167 3367 ostenderem

55 3383 104 3439 liei
119 3383 235 3455 decipit,
246 3400 311 3455 quae
326 3389 422 3440 tamen
437 3402 470 3442 ex
481 3402 528 3441 ee·
582 3382 633 3439 tibi
656 3382 756 3453 pedem
784 3381 1081 3462 turgidum-lividam
1106 3396 1180 3438 ma-·

55 3454 174 3526 peribus
198 3454 329 3526 cognosci
358 3461 461 3527 potest.
494 3459 529 3513 Et
583 3469 662 3529 num,
678 3469 711 3510 ac
725 3458 862 3534 contracti
880 3468 971 3508 cruris
985 3453 1082 3534 aridos
1096 3468 1165 3509 ner-

56 3525 134 3582 dium
150 3532 193 3582 est
209 3526 381 3595 tenendum;
394 3527 461 3597 quia
475 3544 527 3585 neo
581 3542 642 3593 vos,
658 3528 836 3596 permitteres
856 3538 901 3580 me
923 3538 980 3603 uno
996 3523 1057 3579 loon
1068 3539 1166 3594 iacere

55 3613 93 3653 ree
106 3599 222 3670 squalor
233 3597 338 3654 nimius
352 3598 433 3655 decet
450 3597 528 3656 Chri·
581 3602 610 3655 et
620 3597 716 3654 terere
728 3595 859 3652 morbum
875 3611 883 3664 ;
899 3609 991 3675 maius
1002 3595 1109 3651 malum
1121 3599 1166 3652 est

55 3683 75 3723 r.
581 3670 634 3726 boc
644 3666 721 3739 quod
735 3682 792 3723 non
806 3681 923 3737 possum
937 3667 988 3747 tibi
998 3667 1161 3723 ostendere.

55 3757 78 3797 rs
93 3758 203 3797 nonina
220 3758 365 3804 rsumsoun
385 3757 484 3797 onnam
496 3757 524 3797 m
580 3740 649 3797 Nolo
669 3754 715 3795 me
737 3736 846 3807 laudes,
862 3737 928 3793 nolo
948 3736 1025 3794 dicas
1040 3754 1047 3792 :
1064 3737 1087 3794 0
1102 3753 1162 3794 ma·

79 3830 210 3868 virosos.
237 3844 273 3855 -
304 3814 342 3868 Er
368 3811 522 3884 praemissis
619 3827 667 3868 um
690 3808 796 3872 sirum,
820 3809 990 3889 contempsit
1012 3807 1120 3878 omnia,
1135 3813 1164 3865 et

55 3885 205 3955 perpende,
224 3882 300 3956 quod
318 3883 438 3940 virtutes
457 3899 523 3954 prn-
579 3827 721 3962 dimnatis
755 3881 895 3962 hurnanae·
915 3884 979 3961 vitae
1007 3879 1161 3951 furoribus,

64 3959 92 4011 et
113 3957 211 4024 Deum,
228 3971 285 4011 non
301 3969 351 4025 pro
373 3961 416 4012 ter
434 3953 524 4011 homi·
578 3953 663 4025 tugitl
677 3952 751 4011 Nihil
764 3952 896 4010 damnavi
911 3967 965 4007 nisi
980 3967 1035 4033 me,
1052 3955 1161 4006 nonest

55 4031 84 4081 nt
104 4027 282 4098 appetendae.
303 3972 382 4083 Unrie
406 4028 522 4095 coryco-
578 4025 655 4097 quod
667 4022 834 4095 proliciendi
852 4038 937 4080 cansa
953 4038 1050 4079 venire
1064 4021 1099 4102 ad
1115 4036 1160 4101 me

55 4117 63 4151 ε
81 4100 171 4154 «Non
190 4114 295 4170 parvus
308 4099 523 4155 autemiructus
579 4095 656 4152 velis.
672 4097 757 4152 lli-ras
771 4095 819 4167 qui
845 4095 910 4153 hinc
930 4094 1028 4152 auxilii
1051 4090 1159 4171 aliquid

55 4185 157 4225 nonam
178 4169 298 4241 gloriam
327 4176 521 4239 contemnere,
577 4182 684 4238 speras.
704 4167 766 4223 Non
789 4166 926 4236 medicus,
946 4166 998 4224 sed
1016 4177 1101 4246 'eger
1113 4162 1159 4242 ¹¹¹9

55 4241 157 4297 :enim
179 4240 282 4313 aliquis
296 4256 314 4298 a
327 4240 406 4313 graii
431 4239 519 4298 servi·
575 4237 696 4297 habitet.
723 4237 797 4296 llalo
818 4239 878 4308 illa,
900 4252 966 4295 cum
994 4236 1162 4292 diseamus
