2790 4912
325 393 366 448 ll!
392 390 526 449 orituro
553 394 593 448 BT
619 395 697 452 t'iaa
723 401 860 455 toartis
889 405 1073 462 nabrissa.
1278 420 1321 472 ιιι

123 506 183 560 uatus
205 497 328 580 ostendit
352 497 544 583 medicamen·
558 501 678 572 rulneri,
733 512 892 573 sostomam,
908 510 956 582 qui
976 513 1043 570 alibi
1068 516 1109 572 sic
1130 517 1170 573 ait
1198 536 1204 574 :
1223 540 1236 573 a
1254 524 1320 580 Erat

123 576 208 653 peccalo
256 574 454 653 oenrtentram,
480 586 593 628 remam
622 573 678 629 ini·
732 579 866 649 loanues,
883 582 938 638 lroc
957 590 1001 640 est
1023 587 1077 642 Lex
1093 587 1120 644 in
1137 591 1259 662 inanire,
1275 610 1321 652 ve

149 648 204 699 aab.
229 657 291 723 ‘aec
320 646 365 698 est
390 657 484 714 prima
508 658 570 723 vox,
592 660 678 716 quam
733 654 815 707 stitus
825 651 891 723 pilis
902 656 1081 713 cameli.Nou
1090 665 1201 731 poterat
1212 663 1318 723 habere

151 728 215 798 nans
228 729 257 768 ιιι
272 712 387 798 deserto
401 718 559 786 proposuit,
577 720 606 771 et
624 734 678 772 coc
733 721 856 779 tunicam
882 724 918 781 de
943 742 1028 797 agria,
1048 729 1084 786 de
1110 746 1166 801 quo
1191 733 1319 793 dicitur:

121 790 208 842 amans
231 784 332 840 audate
358 789 398 839 est
419 788 449 839 in
472 789 547 841 terra
569 793 677 853 nostra,
732 795 802 849 mee
816 795 1320 876 Aparcsllci,ecceqraitottitpcccata

120 860 199 912 alane
212 858 329 911 immisit
345 858 375 910 in
391 870 421 910 os
439 860 569 913 nostrum
586 863 677 915 canti·
733 866 845 931 maadi;
863 867 911 922 sed
925 884 1023 925 zonam
1038 872 1185 943 pelliceam
1197 876 1321 937 laaliebat

120 942 279 991 amaseam,
300 942 411 982 carruca
432 930 487 983 Deo
512 935 623 997 nostro,·
650 935 680 987 et
732 934 808 992 circa
834 937 1038 1011 lumbossuos,
1057 945 1124 1015 quia
1146 947 1238 1004 iudai
1267 950 1321 1007 hoc

62 1006 64 1016 ·
119 1003 205 1055 resona
222 997 318 1054 inore
335 1006 434 1054 nostro
457 998 615 1069 gratiarum
634 1018 679 1059 ac·
732 1005 822 1064 solum
847 1014 947 1080 putant
973 1020 1119 1083 peccatum
1150 1033 1212 1075 esse
1243 1022 1320 1093 quod

61 1074 67 1181 l

120 1066 163 1137 lio,
182 1073 206 1125 et
231 1085 284 1124 rex
312 1068 415 1125 laudis.
445 1070 678 1141 superexaltatur
732 1093 818 1149 opere
832 1087 959 1151 peccant.
975 1085 1105 1142 Ceterum
1119 1089 1257 1147 Dominus
1270 1109 1321 1153 no·

61 1194 64 1205 ,
119 1138 295 1207 misericordia,
314 1139 510 1212 peccatoribus
540 1142 677 1219 parcitur,
732 1154 790 1205 ster
804 1152 886 1208 Jesus
902 1153 1028 1211 Christus
1046 1156 1075 1212 in
1088 1159 1255 1234 Apocalypsi
1270 1166 1318 1221 Jo-

118 1215 194 1292 rsguat
207 1211 308 1293 pietas,
331 1211 442 1283 justitia
470 1211 676 1297 dissimulatur,
731 1220 814 1276 annis
828 1223 875 1294 qui
895 1223 1007 1280 ridetur
1028 1227 1104 1284 iuter
1118 1236 1227 1303 septem
1251 1250 1318 1292 cau·

120 1283 310 1351 stmrserendr,
337 1298 395 1339 nou
426 1283 546 1340 terrendi
574 1292 678 1356 quaerat
731 1291 859 1360 delabra,
873 1294 995 1351 habebat
1008 1314 1105 1354 zonam
1118 1316 1244 1371 auream,
1260 1320 1318 1362 non

60 1372 63 1395 =
118 1355 265 1438 occasionem
292 1356 447 1410 misericors
475 1361 500 1411 et
532 1358 676 1414 miserator
730 1361 761 1417 in
779 1362 894 1432 lumbis,
921 1366 970 1421 sed
999 1368 1029 1422 in
1055 1375 1178 1440 pectore.
1205 1374 1259 1430 lex
1288 1375 1318 1433 iu

60 1466 63 1497 ÷
119 1424 351 1482 boamusrahace
373 1428 470 1481 Petras
485 1429 640 1485 ltoacaaes.
730 1433 835 1491 lumbis
860 1435 992 1505 cingitur,
1022 1446 1147 1496 ceterum
1176 1443 1316 1517 Christus,

60 1500 66 1567 ξ.
146 1497 308 1568 ιὸιιετιιιι
328 1499 444 1579 trinacris
468 1514 674 1579 eouuesnarua.
731 1504 784 1560 hoc
799 1510 842 1561 est
859 1507 1053 1577 Evangelium,
1069 1516 1096 1566 et
1112 1515 1318 1574 monachorum

59 1598 65 1651 3,
118 1568 185 1636 -Et,
194 1576 220 1649 ut
229 1568 397 1625 ostendatur
412 1569 548 1651 idoneitas
558 1571 677 1627 ioannis
731 1577 831 1645 uirtus,
845 1593 903 1632 non
917 1580 1009 1635 solum
1023 1579 1052 1636 in
1071 1580 1201 1653 libidine,
1218 1586 1268 1642 sed
1291 1593 1319 1644 et

59 1704 61 1711 Ι
119 1636 147 1717 td
159 1639 408 1721 lestibcandumlde
421 1640 543 1708 Christo,
559 1657 592 1722 ει
609 1658 675 1698 san-
729 1646 1182 1721 inmentecorrimcndatur.llic
1202 1673 1315 1714 cccco·
1364 1680 1367 1685 ·

59 1778 62 1783 Ι
118 1711 263 1767 cultarum
279 1711 416 1767 describit
435 1710 615 1782 evangelista
633 1712 674 1769 vi·
729 1717 820 1790 gitare
837 1719 952 1792 quidem
969 1724 1091 1794 expedit,
1107 1724 1145 1781 ibi
1161 1726 1208 1797 qui
1226 1728 1316 1785 locui·

116 1782 287 1859 ttuloaunis.
303 1813 338 1823 -
351 1781 457 1850 Primo,
470 1784 506 1839 ab
522 1786 674 1854 asperitate
729 1796 810 1846 catus
825 1791 910 1847 suerit
927 1798 1041 1850 tenetur
1055 1795 1084 1851 in
1105 1798 1234 1855 crimine.
1251 1821 1266 1849 ιι
1281 1831 1317 1843 .-

119 1854 190 1931 ustis,
206 1853 279 1936 quia·
291 1854 439 1936 utebatur.
449 1858 526 1910 reste
548 1870 673 1937 aspera,
728 1863 1317 1941 Tertioababstinentiaetrictusparcimo·

119 1920 199 1979 aurea
210 1925 300 1981 cilicio
315 1940 365 1981 scu
381 1930 476 1981 tunica
490 1925 525 1981 dc
540 1925 619 1982 duris
630 1943 675 1983 ca·
729 1932 786 1988 nia.
796 1937 1098 2006 Escaaatcmejascrat
1108 1941 1227 2005 Iocasta,
1237 1942 1316 2000 idest

118 1991 226 2051 melorum
248 1996 338 2068 pilis:
362 1999 423 2066 lpse
445 2002 536 2052 autem
557 1999 674 2053 Jouaacs
730 2003 825 2060 herbae
840 2004 1051 2079 sicappellalae‚
1067 2014 1160 2067 etmel
1178 2016 1314 2081 silcestre,

117 2059 205 2121 malac
221 2071 410 2123 uestimentum
426 2068 462 2123 dc
475 2070 544 2140 pitis
558 2070 674 2124 camelo·
729 2074 777 2145 crui
795 2078 875 2133 cilius
890 2093 1043 2150 pauperum
1058 2086 1101 2138 cst
1114 2081 1144 2138 in
1159 2087 1235 2141 terra
1254 2085 1313 2143 illa.

57 2204 60 2209 Ι
116 2137 206 2192 remla
225 2154 280 2210 que
301 2154 459 2207 monemur,
478 2143 508 2195 ut
524 2139 561 2195 ad
584 2140 673 2196 retre-

116 2203 331 2266 natioucmcarnis
341 2210 449 2281 asperis
462 2214 584 2266 utamur.
596 2212 673 2268 Unde

116 2273 268 2362 fliempmas
292 2300 301 2335 :
318 2302 333 2331 a
349 2282 389 2337 Dc
406 2280 482 2352 pilis,
497 2280 601 2408 inanit,
621 2283 672 2338 lra-

116 2340 182 2425 bela
201 2357 417 2420 vestimentum,
445 2368 503 2407 nnn

116 2412 177 2476 llud
189 2422 358 2481 austeritatis
377 2422 511 2480 indicium
528 2428 582 2492 est,
595 2424 671 2481 aliud

114 2482 203 2551 lmn‘a
216 2494 387 2551 mollioris.»
400 2494 479 2550 Unde
491 2496 576 2551 etiam
588 2497 672 2565 Cli-p-

550 2369 566 2409 ε
595 2353 670 2409 lana.

56 2620 58 2625 ,
113 2564 238 2622 mbram:
267 2564 392 2623 «Servis
415 2571 509 2622 autem
534 2565 584 2622 Del
614 2583 671 2623 non

112 2636 214 2707 φιιειιι
228 2638 335 2694 babere
348 2642 547 2693 restuneutum
559 2637 594 2693 ad
610 2654 671 2709 spc-

111 2708 163 2760 tan
175 2707 298 2775 visionis,
313 2708 357 2765 vel
383 2707 419 2764 ad
437 2707 531 2763 carnis
547 2708 671 2765 delecta·

112 2780 222 2846 aarum,
239 2778 291 2835 sed
306 2784 416 2835 tantum
431 2779 468 2835 ad
483 2779 620 2835 nuditatis
633 2786 673 2836 te

109 2852 239 2909 matum.
256 2851 385 2907 Habebat
397 2849 474 2907 enim
488 2852 611 2907 ioannes
628 2868 671 2908 ve

108 2914 160 2975 Uen
179 2937 237 2977 uon
260 2920 374 2977 mollem
396 2937 489 2993 neque
508 2921 670 2991 delicatam,

105 2988 141 3045 ted
151 2990 299 3059 cilicinam,
314 3008 430 3063 gravem
443 2997 472 3048 et
483 3008 626 3064 asperam,
640 2999 669 3050 et

102 3066 275 3121 mutarentem
293 3079 395 3135 corpus
414 3063 608 3135 potiusquam
629 3064 670 3120 lo-

99 3139 206 3207 mam,
219 3140 249 3191 ut
260 3135 296 3191 de
307 3136 410 3192 virtute
423 3136 526 3191 animae
538 3136 599 3208 ejus
611 3133 669 3263 igse

95 3202 199 3263 babitus
213 3208 342 3278 corporis
356 3206 531 3277 loqueretur.
541 3227 556 3256 »
570 3236 604 3249 -
639 3223 669 3262 e·

89 3278 187 3347 cnudo,
215 3292 233 3333 a
261 3276 436 3334 continentia
457 3277 670 3348 constringente

85 3350 176 3407 amis
192 3347 348 3417 lasciviam,
365 3350 431 3419 quia
447 3349 570 3405 habebat
584 3355 610 3404 ct
622 3366 669 3405 zo·

81 3436 145 3477 nam
155 3422 304 3493 pelliceam
320 3434 462 3490 asperam,
479 3419 508 3475 id
526 3426 569 3475 est
583 3419 670 3475 corri-

79 3490 157 3567 giam
174 3491 212 3548 de
236 3490 319 3547 siccis
340 3495 368 3547 et
384 3491 479 3547 crudis
502 3490 669 3547 animalium

729 2146 780 2227 Ubi
795 2146 941 2205 sciendum
959 2152 1035 2232 quod
1050 2151 1165 2211 locustae
1181 2157 1263 2227 plura
1276 2157 1314 2213 si-

727 2218 915 2289 gnificanl,dc
927 2223 1087 2292 quibusiste
1098 2241 1195 2282 vorsus
1207 2233 1312 2285 exstat:

761 2328 888 2393 Radices,
904 2329 1001 2384 lierbcs
1013 2334 1039 2385 ct
1053 2346 1128 2395 aces,
1144 2332 1312 2473 dic[cssc‘lo

1208 2420 1255 2459 cas
1268 2421 1310 2462 es.

726 2494 796 2550 Sunt
804 2493 879 2550 enim
888 2510 976 2565 parva
986 2494 1122 2552 animalia
1131 2512 1183 2567 per
1195 2500 1312 2556 modum

726 2567 814 2621 sallus
831 2564 988 2633 volitantia,
1004 2581 1067 2636 qaam
1084 2567 1267 2638 reperiuntur
1281 2569 1312 2625 iu

726 2636 838 2691 deserto
866 2636 983 2703 Juuaae,
1004 2642 1034 2692 ct
1055 2637 1126 2692 lrixa
1153 2654 1216 2693 cum
1248 2639 1312 2697 oleo

725 2712 792 2762 sunt
810 2705 889 2763 cibus
911 2722 1080 2778 pauperum,
1095 2709 1144 2764 sed
1160 2725 1216 2764 nou
1232 2709 1312 2767 ride·

726 2783 772 2834 tur
782 2777 856 2848 quod
866 2779 992 2833 ioannes
1002 2779 1128 2851 Baptista
1137 2779 1310 2840 locustarum

725 2865 825 2930 carnes
846 2849 1036 2919 manducavit,
1055 2851 1101 2922 qui
1124 2867 1197 2924 pane
1224 2853 1311 2913 eliam

724 2937 800 2976 vesci
825 2920 930 2990 renuit,
955 2926 984 2977 ct
1008 2924 1084 2994 quod
1108 2924 1221 2981 iriruris
1244 2942 1311 2984 usus

725 2991 771 3060 sit,
786 2991 833 3073 qui
846 2991 915 3048 nihil
934 2998 1044 3051 eoelum
1060 2996 1185 3068 accepit;
1203 3003 1230 3053 el
1245 2998 1311 3056 ideo

725 3079 816 3135 magis
838 3063 949 3121 videtur
969 3066 1116 3138 probabile
1137 3068 1172 3124 de
1188 3069 1251 3125 aliis
1267 3069 1310 3125 in-

724 3135 812 3205 telligi
828 3135 943 3205 debere,
959 3138 1035 3194 unde
1057 3138 1085 3193 in
1112 3139 1240 3210 partibus
1255 3141 1311 3197 illis

725 3207 876 3276 quamdam
899 3208 1017 3265 herbam
1043 3208 1193 3279 laupusta,
1220 3212 1310 3266 idest

725 3278 873 3346 locustam,
889 3280 1036 3334 nominant
1051 3296 1057 3333 :
1072 3296 1134 3349 qum
1146 3280 1249 3336 dicitur
1262 3281 1310 3336 illa

725 3364 797 3416 esse,
818 3366 902 3420 quam
928 3350 1027 3406 beatus
1048 3351 1172 3405 loannes
1196 3351 1308 3406 edebat.

725 3420 778 3475 ltlcl
789 3426 883 3474 cautem
897 3419 1025 3475 silcestre
1038 3435 1071 3474 cx
1082 3418 1182 3489 apibus
1195 3419 1222 3474 in
1232 3425 1310 3476 trun·

725 3490 764 3546 cis
780 3492 914 3545 arborum
924 3488 1308 3561 reperitur3rel,secuudum

76 3562 203 3639 pellibus
219 3563 334 3630 laetam,
351 3565 425 3619 circa
444 3563 549 3617 trembos
562 3578 626 3617 suos
640 3564 669 3617 in
723 3562 877 3623 Raabaaam,
892 3568 957 3616 sunt
972 3559 1040 3617 lolia
1052 3562 1186 3618 arborum
1202 3563 1268 3619 alba
1281 3570 1309 3620 et

76 3634 184 3709 quibus
203 3638 248 3690 est
262 3633 345 3689 sedes
359 3633 487 3702 luxuriae,
503 3633 539 3689 ad
555 3648 669 3689 carnem
723 3639 832 3698 tenera,
849 3648 911 3701 quau
937 3632 1070 3689 manibus
1088 3635 1209 3690 contrita
1226 3650 1308 3717 supo-

75 3712 106 3765 et
120 3704 263 3762 luxuriam
275 3704 513 3773 mortificandam,
526 3704 592 3775 quia
604 3719 670 3760 car·
723 3719 785 3759 rem
810 3703 915 3759 liabent
934 3703 1015 3775 quasi
1036 3703 1147 3775 mellis;
1167 3704 1310 3764 inuenitur

74 3790 143 3835 uem
173 3791 257 3833 suam
285 3774 422 3832 cruciilxit
448 3791 510 3832 cum
539 3774 615 3833 vitiis
642 3779 670 3830 ct
724 3776 810 3830 etiam
827 3773 931 3830 ibidem
947 3776 1002 3831 mel
1018 3792 1051 3832 ex
1066 3775 1231 3844 calamellis,
1245 3794 1309 3849 quai

74 3846 325 3919 eoncupiscentia
343 3847 419 3919 quod
433 3862 532 3929 eorum
543 3852 590 3929 'est
603 3862 668 3929 pro·
724 3845 880 3902 calamellae
896 3851 962 3903 sunt
976 3845 1075 3929 calami
1086 3847 1162 3919 pleni
1173 3849 1267 3918 melle,
1280 3851 1308 3907 id

73 3920 186 3993 prium,
202 3919 252 3990 qui
273 3922 338 3974 suut
357 3920 423 3976 lesu
445 3919 561 3975 Christi.
589 3917 669 3973 lande
725 3921 778 3986 cst,
797 3918 832 3974 de
852 3933 935 3974 succo
955 3918 1118 3975 dulcissimo
1140 3938 1148 3975 r
1171 3928 1310 3978 vectantur

75 3990 349 4061 chrysostomum
383 3989 564 4046 Consuetudo
593 3988 668 4045 enim
725 3989 879 4045 etiamalio
900 3989 1308 4075 nominecauaamcllcs,quod

76 4066 141 4119 erat
154 4061 233 4133 apud
246 4060 361 4117 Judaeos
375 4064 407 4117 ut
420 4060 499 4116 zonis
514 4059 671 4116 laneisutc-
725 4076 829 4116 nomen
841 4077 873 4115 ει
888 4066 1014 4117 cananei.
1028 4064 1106 4117 mette
1119 4070 1308 4145 componitur,

76 4138 194 4201 rentur,
210 4131 276 4188 ideo
289 4131 343 4188 iste
358 4134 437 4203 quasi
449 4130 549 4188 durius
563 4130 670 4202 aliquid
726 4148 760 4186 eo
776 4131 851 4202 quod
864 4133 963 4187 cannis
982 4131 1041 4191 sire
1059 4134 1246 4191 arundinibus
1260 4136 1310 4191 hu·

78 4202 176 4261 lacere
189 4203 293 4260 volens
314 4219 385 4259 zona
402 4202 521 4275 pellicea
536 4203 670 4273 cingeba·
723 4203 850 4285 jusmodi
863 4203 964 4259 calami
990 4209 1057 4261 suut
1078 4205 1195 4262 similes.
1213 4209 1241 4260 ιιι
1257 4205 1311 4261 linc

77 4278 136 4332 tur.
152 4295 169 4326 ιι
185 4274 261 4343 Quid
276 4274 372 4331 tunica
379 4280 407 4331 et
419 4290 492 4331 zona
503 4276 623 4332 loannis
631 4273 672 4329 al·
727 4280 822 4345 itaque
833 4274 934 4331 beatus
949 4277 1073 4335 ioannes
1087 4282 1184 4348 aperte
1197 4277 1311 4331 demon-

79 4344 208 4419 lsgorice
221 4344 395 4417 significent,
411 4351 491 4420 patet
511 4362 563 4420 per
586 4346 671 4417 Clara·
706 4376 710 4387 ·
730 4350 813 4417 strat,
820 4346 897 4419 quod
911 4362 963 4419 pro
973 4346 1062 4405 nihilo
1076 4345 1213 4402 mundum
1228 4346 1312 4401 istum
