2790 4912
193 296 364 352 selbonis
392 297 426 350 lb
451 295 564 351 libbi!
591 297 898 352 coitibutiiozbii
923 299 1022 355 otili.
1050 302 1127 355 DOM.
1236 303 1283 360 ³oe

65 406 221 464 orillcent.
236 405 315 464 Sicut
330 404 409 462 enini
425 420 490 463 cum
503 405 567 477 quis
580 405 644 463 coeli
698 405 777 462 Unde
800 406 1006 477 Gbflpsostomus
1026 427 1036 465 .·
1056 426 1072 463 o
1091 410 1150 465 lloc
1168 425 1282 483 quoqne

63 478 292 537 alclicitudinem
316 475 426 549 aspicit,
454 476 523 534 dicit
552 476 643 560 gloria
697 475 852 560 gratissimi
878 478 994 536 omnino
1017 479 1090 537 servi
1112 487 1165 551 est,
1188 497 1281 554 neque

63 550 97 607 bi
114 553 204 619 Deus,
219 548 258 606 sic
281 548 366 604 etiam
390 564 456 605 cum
472 548 573 621 aspicit
590 548 643 605 ali·
697 551 1030 621 inhaererepcaesentibus
1047 568 1281 624 nequemagnnm

63 623 129 694 ujus
152 621 300 690 virtutem,
324 618 392 692 quia
410 620 533 676 hominis
553 619 643 677 virtus
697 620 804 692 aliquid
826 637 860 678 ea
874 638 937 694 quae
957 621 1089 680 ridentur
1106 629 1218 696 putare,
1232 624 1283 683 sod

63 692 139 751 nulto
158 692 249 765 magis
264 706 350 763 quani
371 691 484 760 coelum,
500 692 643 763 glorificat

63 765 144 823 Deum
163 783 170 822 :
192 786 206 816 o
233 765 294 819 haec
324 764 538 833 chrysostomus.
578 764 639 833 Vel,

63 852 149 895 mmm
164 843 249 902 tuum,
267 832 375 891 scilicet
389 834 571 906 paternitatis
585 851 640 906 quo

63 907 159 966 deeris
180 909 273 975 Pater,
299 909 505 977 sanctificetur,
529 906 639 977 idest,

63 980 237 1039 confirmetur
250 978 280 1034 in
297 976 380 1034 nobis
392 993 443 1049 per
454 992 640 1049 perseveran-

68 1050 129 1108 tiam
143 1057 171 1107 et
184 1049 378 1117 stabilitatem,
394 1064 430 1105 ne
447 1064 464 1104 a
482 1048 641 1106 sanctitica-

68 1121 135 1179 lione
147 1121 270 1178 nominis
284 1120 314 1176 in
326 1119 423 1191 aliquo
434 1120 639 1192 discrepemus,

70 1194 113 1251 sed
125 1192 212 1250 Patris
228 1208 331 1248 nomen
350 1193 378 1247 in
394 1191 475 1248 nobis
493 1198 639 1264 tamquam

72 1263 165 1321 inlilils
178 1263 236 1320 rita
248 1268 277 1320 et
299 1262 426 1319 moribus
443 1263 638 1332 ostendamus,

69 1340 97 1392 nt
114 1351 263 1407 numquam
288 1350 340 1407 per
366 1341 544 1406 peccatuma
566 1334 639 1391 lilia-

70 1406 141 1465 lionis
164 1406 256 1480 gratia
274 1422 451 1479 separemur,
466 1406 511 1462 vel
526 1422 543 1462 a
558 1405 640 1462 nobis

72 1478 148 1551 gratia
161 1484 309 1550 separetur
330 1476 492 1547 filiationis;
521 1478 572 1534 sed
588 1477 638 1533 lilii

71 1549 104 1607 lui
117 1565 165 1622 per
186 1549 308 1621 gratiam
332 1565 445 1620 semper
461 1565 638 1618 maneamus,

70 1624 167 1678 nticre
192 1621 281 1677 simus
306 1619 358 1677 tllii
383 1619 435 1690 tui,
459 1636 582 1692 quorum
609 1628 640 1678 tu

72 1690 209 1773 luccesse
222 1691 358 1774 dignaris.
368 1692 430 1761 llel,
443 1709 540 1748 nomen
550 1698 637 1760 tuom,

71 1762 153 1821 idest
179 1764 281 1820 notitia
302 1769 361 1832 tua,
382 1766 586 1835 soocttptcetur,
610 1763 638 1820 id

70 1839 103 1891 eit
115 1836 298 1893 confirmetur
320 1833 403 1893 nobis
425 1851 476 1907 pec
496 1852 590 1892 veram
607 1835 639 1890 tl-

68 1903 128 1975 dciii,
143 1913 173 1964 ut
188 1915 219 1964 tu
234 1906 364 1978 Deusqui
379 1905 408 1962 in
423 1910 451 1963 te
462 1914 577 1964 sanctus
595 1923 637 1975 es,

66 1986 167 2035 tinctus
194 1977 328 2036 habearis
350 1978 386 2034 ab
412 1977 592 2046 hominibus,
610 1986 639 2034 et

696 692 733 748 ad
749 693 862 749 Patrem
876 709 988 765 semper
998 711 1032 750 ur
1051 695 1103 764 eri,
1114 710 1283 769 semperque

695 762 1020 845 intuturagestlreDuo
1048 767 1285 839 certedeoptima

695 841 788 891 oritur
801 836 984 904 conscientia,
1000 843 1028 894 et
1047 843 1143 895 mente
1162 838 1285 896 terrenis

695 906 827 964 omnibus
842 913 934 964 eruta.
954 909 1005 975 Qui
1022 910 1099 965 enim
1117 910 1172 966 isto
1186 926 1285 968 amore

694 979 884 1047 succenditur,
897 984 924 1035 et
937 980 990 1035 lioc
1002 981 1087 1036 habet
1098 981 1282 1065 desiderium²

694 1065 787 1121 neque
798 1052 880 1122 hujus
891 1050 992 1122 opibus
1002 1056 1030 1106 et
1040 1053 1173 1122 benignis
1186 1053 1281 1110 intlari

693 1120 807 1247 poterit,
828 1137 921 1193 neque
944 1121 1072 1178 adversis
1098 1130 1127 1179 et
1151 1125 1280 1182 tiistibus

714 1191 847 1261 umiliari,
863 1193 913 1248 sed
926 1197 1070 1263 tamquam
1087 1194 1190 1266 inipso
1206 1196 1278 1251 coelo

693 1262 826 1319 habitans
850 1269 878 1319 et
900 1280 1082 1332 conversans,
1097 1267 1132 1322 ab
1158 1270 1278 1336 utraque

693 1339 790 1390 erutus
800 1333 881 1390 estin
895 1334 1069 1405 inqualitate.
1083 1358 1096 1385 n
1111 1338 1142 1391 Et
1154 1336 1276 1392 iterum:
1361 1394 1369 1408 ,

694 1426 709 1457 ι(
725 1405 780 1461 Sed
795 1421 903 1477 magnae
916 1405 1027 1463 fiduciae
1042 1411 1071 1463 et
1082 1407 1200 1463 sincerae
1213 1422 1278 1464 con-

694 1476 819 1533 scientiae
836 1482 879 1533 cst
898 1478 951 1533 hoc
973 1477 1083 1534 Domini
1100 1494 1231 1549 regnum,
1246 1482 1279 1536 ut

694 1547 827 1604 adveniet
841 1549 1018 1605 confidenter
1032 1548 1277 1621 optarc.¹dtidcir·

693 1635 737 1686 co,
750 1621 815 1691 quia
826 1624 983 1692 utregnum
996 1621 1044 1677 Dei
1063 1622 1158 1677 veniat
1168 1636 1281 1704 semper

694 1707 819 1761 oramus,
834 1692 906 1749 tales
925 1708 977 1748 iios
998 1692 1027 1748 in
1046 1693 1103 1749 lldc
1126 1691 1238 1748 Domini
1252 1695 1281 1749 et

694 1764 836 1820 mandatis
856 1765 918 1836 ejus
935 1765 1068 1820 exhibere
1088 1764 1235 1831 debemus,
1249 1767 1281 1821 ut

694 1834 787 1891 tuturo
806 1851 895 1906 regno
910 1835 989 1906 digni
1005 1852 1067 1892 csse
1083 1835 1225 1907 possimus
1241 1851 1248 1890 :
1263 1854 1280 1885 »

693 1907 754 1962 liaec
768 1908 973 1977 dispensemus
982 1924 988 1962 :
998 1908 1031 1963 Et
1044 1906 1083 1963 sic
1097 1922 1218 1979 regnum
1230 1904 1282 1963 Dei

693 1984 737 2033 est
747 1977 858 2050 triplex,
876 1977 982 2035 scilicet
995 1995 1001 2034 :
1019 1977 1049 2035 in
1061 1978 1196 2045 Ecclesia,
1209 1983 1238 2034 ct
1251 1979 1281 2034 iii

67 2044 253 2108 itaomnibus
279 2048 485 2115 innotesceris,
515 2055 547 2106 ut
580 2066 637 2105 iion
693 2048 1282 2121 aniina,atqueinritaaeterna3necpos·

66 2120 215 2178 existiment
228 2119 336 2190 aliquid
347 2120 474 2177 sanctius
488 2121 564 2192 quod
579 2137 638 2176 ma·
693 2136 791 2177 sumus
807 2121 843 2178 ad
863 2124 952 2179 Deum
968 2124 1066 2178 venire
1082 2138 1134 2194 per
1147 2121 1279 2193 gloriam,

63 2190 98 2262 gis
110 2192 230 2249 timeant
251 2190 408 2260 ollendere,
424 2200 453 2248 et
473 2191 551 2265 quod
570 2192 638 2248 dili·
692 2191 747 2248 uisi
771 2192 832 2264 ipse
860 2193 951 2265 primo
979 2192 1074 2251 veniat
1094 2193 1131 2251 ad
1156 2209 1208 2249 nos
1227 2208 1279 2265 per

63 2264 165 2335 gentius
179 2264 311 2321 studeant
328 2264 481 2320 honorare.
691 2262 823 2334 gratiam.

84 2340 99 2391 5
123 2337 250 2393 Sncuuni
272 2353 387 2391 carisio.
406 2365 441 2377 -
462 2333 570 2390 Deinde
592 2350 636 2390 sc·
727 2339 744 2389 6
774 2336 876 2392 Taurii
908 2353 1023 2392 raucio.
1053 2366 1087 2377 -
1117 2337 1183 2392 Post
1215 2336 1277 2391 liaec

63 2406 146 2479 poitur
174 2407 300 2463 secunda
325 2404 425 2488 petitio
459 2423 465 2461 :
490 2407 637 2489 ,Adueniet
693 2404 822 2476 sequitur
836 2405 933 2476 petitio
951 2410 1035 2464 tertia
1050 2425 1057 2463 ε
1072 2409 1136 2463 Fiat
1149 2408 1278 2463 voluntas

63 2494 163 2549 mum
175 2484 261 2546 tuane
272 2477 379 2534 scilicet
390 2477 538 2545 Ecclesiae;
553 2478 581 2533 id
594 2481 637 2532 est
692 2480 750 2539 tuo,
767 2479 838 2531 sicia
858 2480 886 2531 tn
908 2478 971 2533 ciclo
990 2484 1015 2534 ot
1034 2481 1064 2534 in
1083 2485 1167 2542 toro,
1186 2477 1215 2534 id
1235 2482 1279 2535 est

63 2550 248 2608 nanifestetur
270 2548 444 2616 hominibus,
472 2554 503 2604 ut
529 2553 559 2604 tu
588 2546 636 2618 qui
693 2545 765 2603 sicut
778 2547 806 2601 in
818 2546 933 2617 Angelis
948 2553 976 2604 et
991 2549 1097 2617 clectis,
1108 2548 1155 2620 qui
1172 2549 1278 2606 suntin

63 2637 125 2681 inne
143 2637 259 2692 regnas,
275 2635 443 2692 semperque
462 2618 586 2689 regnasti
608 2619 638 2675 in
693 2617 775 2687 coelo,
792 2617 918 2689 perlecta
940 2623 984 2674 est
1009 2620 1141 2677 voluntas
1165 2626 1223 2689 tua,
1248 2624 1278 2677 ut

63 2692 144 2762 ercis,
179 2694 214 2749 ab
245 2691 408 2748 hominibus
437 2690 637 2762 ignorantibus
692 2688 829 2745 voluntati
853 2694 909 2745 tuae
934 2690 1101 2747 conformati
1129 2692 1279 2764 praeceptis

63 2781 173 2848 egnare
197 2762 362 2836 perciplaris
390 2766 420 2819 et
445 2761 636 2834 cognoscaris,
693 2760 749 2818 tuis
768 2759 912 2830 obediant,
929 2764 957 2816 et
975 2761 1025 2818 tibi
1046 2762 1161 2818 oninino
1181 2764 1279 2819 adbae-

63 2837 154 2908 uibus
174 2852 293 2906 regnum
318 2833 383 2903 Dei,
405 2833 535 2905 quernus
558 2849 638 2889 nuin-
693 2835 786 2896 ceant,
812 2836 840 2888 et
867 2833 1008 2904 inculpate
1031 2835 1168 2903 serviant,
1194 2839 1280 2906 teque

63 2924 137 2981 [uam
147 2907 276 2964 discedat
286 2908 320 2962 dc
331 2903 526 2975 terris,tamen
534 2906 638 2962 absens
692 2903 889 2975 pertruantur,
905 2903 945 2961 ita
955 2904 1042 2961 Datin
1052 2905 1217 2962 bominibus
1231 2904 1279 2977 qui

63 2985 104 3048 st,
120 2978 195 3035 sicut
214 2978 260 3034 lux
274 2992 399 3051 praesens
417 2977 497 3033 abest
512 2975 593 3032 caecis
609 2980 638 3032 et
692 2976 728 3031 de
742 2980 820 3032 terra
832 2980 907 3048 sunt,
930 2979 959 3034 ct
973 2974 1001 3032 iii
1019 2981 1096 3033 terra
1109 2992 1281 3034 conversan·

63 3050 150 3108 culos
164 3050 369 3106 claudentibus.
382 3048 442 3113 Vel,
459 3049 638 3104 adueniotre-
692 3052 748 3104 tur.
769 3047 831 3119 Vel,
856 3051 906 3120 piot
929 3050 1131 3115 rainstesten,
1154 3053 1225 3106 sicut
1249 3051 1281 3105 tn

63 3139 135 3179 num
146 3128 234 3184 taum,
252 3120 358 3176 scilicet
371 3119 481 3190 gratiae,
495 3134 552 3247 2⁰⁰
567 3135 638 3191 quo·
693 3121 757 3176 coto
771 3125 797 3176 et
811 3123 841 3175 iii
859 3125 942 3186 lma,
958 3118 987 3176 id
1002 3126 1045 3176 cst
1059 3119 1131 3177 sicut
1146 3122 1173 3175 in
1185 3118 1278 3190 Justis,

63 3193 121 3250 idic
136 3208 241 3264 regnas
255 3192 283 3248 in
299 3190 421 3260 Sanctis,
437 3206 492 3262 quo
528 3191 560 3246 tit
574 3206 638 3247 cum
692 3190 775 3247 itaet
789 3190 818 3246 iii
833 3189 1038 3263 peccatoribus,
1055 3197 1084 3245 ut
1098 3192 1133 3246 ad
1150 3195 1188 3256 te,
1204 3188 1278 3244 scili-

63 3263 161 3322 liaboli
193 3262 312 3336 imperio
339 3278 391 3336 por
422 3261 639 3318 exstinctionem
693 3268 839 3318 cetunum
855 3264 944 3316 Deum
959 3265 988 3316 et
1003 3262 1277 3316 remmconvertan·

63 3335 189 3394 citiorum
199 3336 234 3392 de
244 3334 377 3392 cordibus
389 3333 494 3390 nostris
506 3334 639 3405 pulso,tu
693 3337 749 3397 tur,
766 3336 794 3387 et
808 3330 933 3387 universi
948 3346 1005 3385 non
1026 3346 1117 3396 suain,
1135 3328 1184 3384 sed
1201 3332 1279 3385 tuam

62 3406 191 3465 nnobis
237 3423 268 3463 er
293 3406 427 3462 virtutum
452 3404 637 3477 fragrantiam
693 3402 800 3459 iaciant
825 3401 1014 3469 voluntatem,
1042 3416 1075 3457 ac
1105 3404 1133 3455 te
1162 3397 1280 3456 credant

63 3478 173 3552 ncipias
222 3477 360 3548 ominari,
390 3480 422 3534 ut
451 3492 509 3532 non
538 3480 639 3548 regnet
694 3474 792 3531 omnia
810 3488 873 3545 quae
897 3472 1027 3528 videntur
1048 3472 1093 3528 iel
1117 3469 1279 3552 asperare]

63 3549 193 3619 liabolos,
218 3548 421 3616 autmundus,
444 3548 490 3603 vel
515 3546 639 3604 carnalis
693 3559 840 3618 prospera,
850 3559 910 3673 'im
925 3543 1030 3600 nostris
1042 3542 1211 3600 utilitatibus
1219 3540 1278 3599 dis·

63 3622 174 3681 iiiectus
184 3637 235 3678 seu
245 3621 334 3677 ullum
344 3623 490 3701 peccatum
501 3618 531 3674 in
545 3620 639 3687 nobis,
694 3632 824 3700 pensare.
873 3620 972 3673 autum
999 3614 1074 3672 enim
1095 3612 1283 3687 spiritualiter

63 3693 101 3751 ed
115 3699 148 3749 tu
161 3693 238 3749 solus
262 3692 323 3749 sine
344 3690 409 3747 illis.
425 3689 488 3760 Vel,
509 3690 640 3746 adueniat
694 3687 961 3765 interesseriidetuc
975 3686 1150 3759 intorjustos
1165 3689 1193 3743 et
1210 3701 1282 3770 pec·

63 3780 166 3834 mum
194 3769 281 3828 tuum,
302 3762 410 3820 scilicet
434 3761 544 3844 gloriae,
565 3761 640 3833 quod
695 3764 816 3832 catores,
834 3764 972 3833 'quantum
999 3758 1185 3887 corporaliter
1206 3762 1283 3841 inter

63 3835 213 3893 instituto
229 3842 284 3892 tem
305 3851 355 3891 ore
370 3834 503 3890 omnibus
517 3838 562 3890 est
576 3849 640 3905 pec·
695 3832 800 3889 coelum
822 3837 851 3888 et
871 3837 988 3901 terrani,
1004 3837 1033 3888 et
1072 3846 1106 3886 oc
1124 3831 1226 3887 accidit
1248 3845 1283 3887 ex
1304 3850 1305 3854 ¹

63 3906 145 3976 ictis,
161 3922 196 3964 ac
212 3907 263 3963 Dei
277 3851 344 3962 liiiio
357 3904 530 3977 generaliter
541 3920 640 3977 repro·
695 3903 865 3987 diversitate·
887 3904 1049 3960 allectuum.
1068 3904 1138 3959 Nam
1164 3901 1283 3958 allectus

63 3977 183 4037 nissum.
199 3977 251 4036 Ubi
269 3975 442 4034 desiderium
461 3980 590 4033 nostrum
604 3975 641 4031 ad
692 3974 766 4048 justi
780 3983 823 4032 est
842 3991 917 4031 circa
935 3975 1079 4043 coelestia;
1100 3979 1281 4045 peccatorum

63 4053 178 4108 titurum
192 4064 311 4121 regnnni
328 4047 493 4116 excitamus,
507 4052 539 4104 ut
557 4045 641 4103 nobis
695 4051 790 4103 autem
800 4045 1144 4104 allectusvcrsatuccirca
1155 4049 1278 4101 terrena.

63 4121 132 4179 etad
146 4136 200 4178 nos
212 4121 308 4177 veniat
319 4125 348 4177 ct
361 4119 437 4176 ineo
449 4134 571 4190 regnare
584 4133 642 4175 me-
695 4117 756 4186 Vel,
771 4121 823 4189 plot
835 4120 964 4175 ootwitoc
978 4125 1037 4188 tuo,
1048 4120 1120 4173 sicut
1130 4119 1161 4197 tn
1176 4116 1239 4196 cocto
1252 4117 1280 4168 et

63 4208 178 4251 camur.
187 4193 258 4249 llam
266 4191 397 4260 velimus,
405 4189 530 4247 nolimus
541 4188 640 4261 utique
694 4191 725 4244 ta
740 4193 823 4255 ἰῶτα,
837 4189 867 4246 id
881 4194 925 4247 est
938 4189 1009 4247 sicut
1024 4190 1053 4245 in
1070 4187 1180 4260 spiritu,
1195 4188 1236 4265 ita
1248 4185 1277 4239 et

63 4262 357 4333 uveniateiuiinan
369 4260 639 4336 paratosinieniatl
695 4258 727 4315 in
746 4274 847 4331 earne;
878 4265 910 4318 ut
931 4276 998 4320 caro
1017 4274 1076 4317 non
1100 4257 1279 4326 concupiscat
