2790 4912
125 352 167 404 tm
502 344 612 398 valate
641 341 761 396 rnssrls
788 342 891 396 CAPUT
920 342 973 397 xll

121 453 241 511 candela
268 465 401 518 aceensa,
426 451 543 575 propter
566 447 622 505 tria
647 464 710 520 qum

122 525 308 582 inveniuntur
326 521 356 577 in
375 536 420 588 ea,
440 519 480 576 sci
492 518 547 576 icet
567 536 574 575 ι
593 519 709 590 ligmeu,

122 595 208 670 ignis,
218 600 246 651 et
256 609 336 661 cera;
352 597 380 647 et
393 591 422 647 iu
439 591 550 649 Christo
565 596 631 647 sunt
644 589 709 659 tria,

122 666 230 724 seilicet
248 683 253 720 :
271 680 348 732 earo,
369 660 466 719 anima
482 667 511 718 el
526 660 617 719 deitas
632 677 709 718 vera.

123 740 189 794 llaec
215 735 345 803 candela,
373 749 424 860 pro
451 734 577 790 humano
604 749 710 804 genere

123 807 244 867 Domino
269 812 312 863 est
336 806 447 872 obala,
470 820 521 877 per
544 820 629 875 qnam
654 820 710 861 uox

121 879 305 937 tenebrarum
314 882 475 933 nostrarum
486 881 530 932 est
539 874 708 932 illuminata.

123 981 157 993 —
170 948 282 1008 Oblatio
296 949 383 1019 hujus
398 946 570 1004 beatissimae
584 945 710 1004 candelae

123 1022 306 1094 praenguraca
328 1018 380 1076 luit
405 1017 435 1075 in
457 1035 545 1091 puero
567 1019 708 1076 Samuele.

122 1096 213 1150 Annae
233 1090 332 1159 sterili,
353 1095 453 1147 contra
472 1105 581 1147 morem
601 1093 710 1147 naturae

124 1167 199 1221 Deus
219 1163 309 1220 filium
331 1161 420 1229 dedit,
436 1167 465 1218 et
486 1161 581 1218 Mariae
601 1160 710 1234 Virgini

123 1251 209 1308 snpra
227 1249 339 1291 cursum
358 1238 480 1300 naturae,
501 1232 603 1289 Filium
622 1233 709 1305 inspi-

122 1306 207 1364 ravit.
219 1309 300 1363 anna
313 1304 415 1362 obtulit
426 1303 527 1374 fllium,
537 1302 585 1386 qui
594 1304 711 1361 ludaeos

123 1383 185 1435 erat
212 1381 458 1449 propugnaturus;
489 1377 578 1431 Maria
608 1374 711 1432 obtulit

124 1450 235 1517 Filium,
245 1448 291 1521 qui
303 1449 440 1504 mucidum
449 1451 510 1503 erat
519 1451 707 1517 protecturus.

123 1520 210 1578 Filius
222 1523 309 1577 duuae
324 1524 422 1591 postea
434 1535 452 1574 a
462 1518 570 1575 ludaeis
582 1524 626 1574 est
637 1518 711 1574 relu-

124 1596 215 1663 tatus3
232 1591 318 1648 Filius
333 1589 426 1647 blariae
442 1596 485 1646 est
499 1591 534 1646 ab
552 1588 592 1644 eis
605 1588 710 1662 turpis·

124 1663 197 1720 sima
222 1668 312 1718 morte
339 1661 553 1717 condemnatus.
583 1661 641 1715 Hoc
667 1666 710 1716 est

124 1735 201 1807 quod
234 1732 349 1791 Simeon
384 1731 479 1787 Mariae
514 1731 709 1803 prophetando

123 1804 306 1878 predicebat,
322 1803 398 1874 quod
414 1801 476 1858 Filii
494 1801 584 1873 ipsius
598 1801 709 1873 gladius

124 1878 248 1934 animam
262 1890 342 1931 suam
355 1871 529 1945 pertransire
541 1873 672 1931 debebat.

159 1954 176 2004 6
188 1949 257 2014 Qum
271 1964 322 2002 uos
335 1947 466 2003 Cumsrus
481 1962 525 2000 mn
539 1946 661 2001 nonensi
676 1976 710 1986 -

124 2020 204 2075 lbant
219 2017 307 2089 igitur
320 2021 452 2088 parentes
468 2017 536 2072 lesu
552 2015 582 2071 in
594 2018 709 2073 Jerusa-

123 2089 190 2158 lem,
204 2096 235 2145 ut
249 2087 330 2169 Legis
342 2087 475 2143 mandata
487 2086 668 2159 perlicerent,
682 2093 710 2143 et

122 2158 252 2232 quamvis
274 2162 407 2214 timerent
433 2159 589 2226 Herodem,
613 2163 709 2215 tamen

123 2247 181 2288 nou
192 2235 259 2286 sunt
268 2229 329 2287 ausi
341 2228 500 2301 transgredi
512 2231 625 2301 Legem,
639 2229 708 2302 quin

123 2302 160 2359 ad
183 2307 240 2358 tem
263 2302 319 2357 lum
349 2302 470 2358 Puerum
496 2301 648 2358 deterrent.
676 2303 711 2357 Et

123 2317 709 2444 lorleadKucomniaquietaerant,adhue

123 2446 250 2503 Herodes
269 2447 364 2515 Magos
390 2450 557 2516 exspectans
583 2443 708 2500 noudum

122 2517 165 2574 sui
181 2515 274 2573 cordis
295 2515 432 2573 malitiam
452 2515 635 2572 revelaverat.
653 2517 708 2572 Do·

122 2587 216 2646 miuus
248 2587 343 2659 itaque
372 2590 454 2644 lesus
483 2587 610 2645 Christus
645 2602 707 2643 oum

122 2658 706 2730 Matre,iuhisetaliisLegemobservans,

122 2731 246 2787 ostendit
264 2746 327 2786 eum
345 2735 452 2801 quanta
470 2729 661 2786 sollicitudine
679 2735 707 2785 et

121 2801 148 2857 vi
171 2800 269 2858 ilantia
287 2801 424 2857 debemus
445 2802 598 2857 observare
619 2802 708 2856 Evan-

122 2818 188 2943 gain
200 2877 353 2953 praecepta,
365 2871 478 2942 quando
494 2874 554 2942 ipse
567 2877 707 2944 praecepta

123 2943 236 3014 legalia,
244 2958 306 3012 quae
318 2957 369 3012 per
381 2957 492 2997 servum
508 2941 708 3011 dederat,cum

121 3018 203 3070 tenta
217 3012 411 3068 observaverit
422 3011 580 3084 diligentia.

158 3107 173 3156 7
192 3086 249 3141 Cen
266 3100 401 3139 runrunes
422 3100 474 3139 aur
490 3100 590 3139 runnos
607 3101 707 3141 conus·

123 3172 212 3211 annun
225 3163 383 3211 ornanum?
398 3186 430 3196 —
446 3154 627 3212 Adduxerunt
640 3171 708 3227 ergo

123 3227 274 3283 Dominum
285 3225 426 3298 templiad
436 3226 585 3298 templum,
595 3233 626 3283 ut
636 3226 709 3284 taee-

123 3304 187 3356 rent
204 3297 607 3355 secundumconsuetudinem
625 3297 708 3371 Legis

122 3386 174 3444 pro
189 3387 232 3427 eo.
249 3372 376 3441 Cumque
391 3369 545 3426 intrassent
560 3370 706 3442 templum,

123 3447 251 3499 emerunt
261 3441 708 3513 duosturtures,autduospullos

122 3514 326 3581 columbarum,
335 3518 365 3567 ut
375 3529 426 3585 pro
437 3529 470 3569 eo
482 3511 707 3581 olierrent,sicut

122 3599 174 3655 pro
196 3584 367 3655 pauperibus
390 3589 451 3640 erat
473 3589 651 3641 consuetum.
673 3586 708 3640 Et

123 3653 189 3725 quia
199 3654 369 3726 pauperrimi
379 3655 652 3721 erant,credendum
663 3660 707 3711 est

122 3724 213 3796 magis
239 3725 313 3796 quod
339 3724 375 3782 de
399 3724 484 3797 pullis
511 3725 706 3783 columbarum

122 3801 263 3862 emerunt,
278 3796 344 3867 quia
363 3796 472 3853 facilius
491 3801 519 3852 et
535 3811 587 3868 pro
602 3796 705 3854 minori

122 3866 212 3938 pretio
231 3866 425 3936 inveniuntur,
444 3871 474 3924 et
491 3866 555 3924 ideo
571 3867 601 3923 in
620 3869 704 3939 Lege,

123 3937 220 3993 ultimo
235 3937 297 3993 loco
311 3945 464 4008 ponuntur.
480 3940 512 3995 Et
528 3943 601 3995 tacet
614 3940 704 3996 Evan-

122 4007 222 4080 gelista
247 4009 282 4064 de
303 4024 389 4080 agno,
409 4008 475 4079 quia
499 4015 561 4066 erat
585 4008 704 4066 divitum

121 4078 237 4136 oblatio.
255 4079 323 4161 Vide
339 4078 404 4151 quia
422 4086 480 4160 tam
501 4095 640 4153 pauperes
653 4097 704 4209 Ka·

121 4156 217 4206 rentes
231 4153 368 4206 Dominus
379 4150 474 4222 elegit,
486 4151 533 4222 qui
547 4168 603 4208 non
615 4152 653 4208 ha
673 4169 703 4209 e-

121 4225 185 4277 rent
199 4237 314 4292 agnum,
330 4236 413 4292 quem
430 4237 482 4293 pro
501 4238 534 4278 eo
550 4223 701 4291 offerreut;

121 4292 172 4349 sed
191 4297 301 4349 tantum
321 4307 374 4365 par
392 4297 544 4362 turtumm,
560 4299 610 4350 aut
631 4293 703 4351 duos

73 4488 230 4638 k

768 447 860 520 pullos
875 447 1082 517 columbarum,
1095 464 1158 521 quae
1173 456 1237 509 erat
1252 452 1356 511 oblatio

768 535 935 591 pauperum.
960 521 991 576 lu
1017 521 1091 592 Lege
1118 521 1195 579 euim
1220 524 1357 583 Dominus

788 596 953 663 receperat,
977 594 1009 646 ut
1034 590 1080 648 die
1104 607 1160 662 quo
1185 609 1292 666 parens
1314 595 1356 654 in·

768 605 875 718 fantem
901 661 930 717 iu
954 662 1287 790 temploOXraesentnret,
1307 682 1356 739 pro

768 749 820 790 sna
839 739 867 789 et
886 733 992 789 sobolis
1014 748 1077 805 pun

768 804 933 861 anniculum
949 802 1163 862 immaculatum
1180 806 1209 863 in
1226 808 1266 865 ho
1278 825 1358 867 ocan-

768 880 853 944 stum,
869 892 902 932 ac
914 876 1000 932 etiam
1011 880 1161 947 turturem,
1177 878 1238 936 sive
1249 880 1357 963 pullum

768 947 1112 1020 columbae,propeccato,
1140 949 1187 1006 nia
1196 949 1228 1006 in
1238 950 1356 1009 libidine

768 1024 952 1102 conceperat,
974 1019 1100 1075 offerret.
1120 964 1178 1088 (bui
1202 1036 1273 1079 vero
1298 1038 1354 1080 non

768 1090 947 1147 sufficiebant
970 1090 1007 1146 ad
1033 1090 1211 1149 ollerendum
1236 1109 1356 1166 agnum,

769 1161 840 1218 duos
866 1166 991 1218 turtures
1014 1161 1189 1238 offerebant,
1215 1165 1262 1221 vel
1288 1164 1357 1247 dnos

768 1231 1358 1387 llltttlllabflaalllb'tttal

769 1376 882 1443 dicitur,
899 1391 965 1446 quia
981 1379 1071 1432 totum
1090 1376 1313 1449 incendebatnr3
1330 1382 1358 1435 et

768 1446 890 1503 alterum
908 1463 959 1517 pro
979 1453 1108 1518 peceato,
1125 1448 1172 1519 qui
1192 1449 1313 1508 cedebat
1329 1449 1359 1506 in

769 1524 879 1590 partem
906 1517 1076 1587 sacerdotis,
1100 1517 1148 1590 qui
1173 1521 1277 1578 orabat
1306 1536 1357 1594 pro

770 1589 903 1658 muliere,
929 1594 956 1645 et
983 1589 1024 1646 sie
1050 1590 1253 1648 mundabatur.
1279 1595 1357 1649 Hauc

769 1660 891 1717 bostiam
922 1667 951 1716 et
978 1660 1150 1718 oblationem
1179 1677 1356 1736 pauperum,

769 1731 857 1788 voluit
880 1731 1016 1788 [lominus
1033 1748 1085 1804 pro
1104 1748 1134 1791 se
1155 1733 1229 1800 dari,
1247 1738 1276 1791 et
1293 1750 1357 1792 eum

769 1803 848 1860 dives
857 1809 1001 1875 esset,pro
1011 1803 1092 1860 nobis
1102 1820 1211 1877 pauper
1221 1804 1358 1889 dignatus

768 1879 812 1931 est
822 1873 1051 1942 lieri,utnossua
1062 1881 1230 1948 paupertate
1240 1877 1355 1947 ditaret,

768 1951 796 2003 et
820 1945 983 2002 divitiarum
1006 1961 1120 2003 suarum
1149 1947 1272 2005 donaret
1294 1965 1357 2006 esse

768 2017 929 2091 participes,
945 2023 973 2073 et
992 2034 1044 2074 nos
1062 2017 1168 2075 laceret
1187 2018 1235 2076 bie
1252 2019 1283 2077 in
1300 2021 1356 2078 lide

768 2089 884 2159 divites,
907 2093 935 2145 et
958 2088 989 2145 iu
1014 2089 1083 2145 coelo
1107 2089 1187 2161 regni
1213 2090 1355 2149 haeredes,

769 2159 845 2217 Sicut
879 2159 954 2217 enim
990 2159 1192 2217 mortalitatem
1227 2168 1356 2220 nostram

1101 734 1230 804 catione,
1310 755 1356 796 um

768 2231 928 2304 assumpsit,
940 2235 969 2288 ut
981 2247 1032 2303 per
1041 2247 1104 2289 eam
1117 2230 1200 2289 nobis
1210 2232 1357 2291 immorta-

768 2302 877 2360 litatem
903 2302 1059 2371 consecret,
1087 2302 1128 2360 sie
1156 2309 1356 2377 paupertatem

768 2381 894 2431 nostram
910 2374 1000 2431 voluit
1011 2391 1167 2445 assumere,
1183 2382 1213 2432 ut
1225 2391 1280 2448 per
1293 2392 1357 2434 earn

768 2445 851 2502 nobis
863 2452 986 2502 aeternas
999 2446 1113 2503 divitias
1127 2445 1277 2505 tribueret.
1294 2448 1357 2505 lmi-

767 2522 938 2587 temurergo
952 2534 1004 2574 nos
1014 2518 1163 2576 Dominum
1175 2523 1318 2589 nostmm,
1328 2522 1356 2575 et

767 2594 952 2659 spontaneam
966 2595 1159 2661 paupertatem
1170 2606 1312 2659 amemus,
1325 2595 1356 2646 ut

767 2659 905 2716 habentes
917 2659 1020 2716 victum
1036 2667 1064 2717 et
1076 2661 1220 2729 vestitum,
1230 2662 1277 2718 his
1290 2677 1356 2718 con·

768 2729 839 2786 tenti
856 2731 960 2787 simusl
976 2732 1030 2788 Cur
1044 2736 1139 2788 autem
1159 2731 1227 2804 pulli
1245 2732 1354 2790 colum·

768 2802 879 2870 barum,
895 2807 923 2858 et
943 2818 1001 2858 nou
1018 2802 1184 2874 simpliciter
1203 2803 1354 2885 columbe,

767 2871 841 2928 sicut
868 2878 1004 2944 turtures,
1019 2873 1049 2929 in
1075 2873 1215 2930 saeritlcia
1241 2874 1355 2930 Domim

767 2942 1005 3014 permittebantur
1023 2945 1131 3013 ollerri,
1148 2945 1275 3002 declarat
1289 2948 1354 3002 Ber-

766 3016 882 3077 nartius.
891 3015 1005 3072 dicens:
1017 3039 1031 3067 «
1042 3019 1075 3072 Et
1085 3015 1148 3072 licet
1157 3016 1228 3073 alias
1237 3015 1354 3089 quidem

767 3102 819 3158 per
828 3086 989 3143 columbam
1000 3087 1120 3158 Spiritus
1133 3088 1253 3144 Sanctus
1264 3088 1354 3145 soleat

767 3156 921 3229 designari,
935 3157 1001 3229 quia
1016 3164 1111 3214 tamen
1127 3157 1280 3215 libidinosa
1294 3158 1354 3216 avis

767 3233 820 3295 est,
835 3245 893 3285 uon
912 3228 1007 3285 decuit
1025 3229 1122 3285 ollerri
1137 3245 1201 3286 eam
1217 3229 1246 3285 in
1265 3229 1353 3286 sacri·

767 3299 832 3356 sscio
847 3300 972 3369 Domini,
983 3302 1037 3357 nisi
1053 3316 1087 3357 ea
1101 3316 1170 3357 saue
1183 3306 1279 3369 aetate,
1291 3317 1354 3373 quae

768 3371 889 3428 nesciret
913 3371 1069 3428 libidinem.
1092 3373 1128 3428 At
1153 3371 1272 3428 turturis
1296 3387 1355 3428 non

766 3442 933 3524 designatur
944 3448 1023 3510 aetas,
1040 3442 1174 3514 quoniam
1188 3441 1355 3524 agnoscitur

766 3519 906 3570 castitas:
926 3513 955 3570 in
977 3530 1154 3586 quacumque
1173 3529 1250 3570 emm
1270 3516 1355 3570 aetate

766 3600 898 3656 compare
913 3601 970 3641 uuo
986 3589 1118 3641 contenta
1132 3589 1253 3656 est;qu0
1267 3583 1354 3641 amis-

766 3672 808 3724 so,
826 3657 948 3712 alterum
966 3672 1023 3712 non
1042 3655 1176 3724 admittit,
1193 3654 1355 3713 numerosi·

766 3732 852 3783 tatem
864 3726 892 3783 in
905 3726 1069 3784 homiuibus
1082 3726 1245 3799 nuptiarum
1255 3727 1356 3784 redar-

765 3814 865 3869 guens.
881 3799 1003 3855 Cernere
1015 3804 1056 3855 est
1073 3804 1210 3857 turturem
1226 3803 1357 3870 tempore

765 3885 823 3925 snae
838 3869 982 3926 viduitatis
996 3874 1102 3926 sauctae
1121 3868 1265 3926 viduitatis
1284 3884 1357 3941 opus

765 3940 1354 4011 strenueaoinfatigabiliterexequentem3

765 4010 861 4067 videas
891 4012 995 4082 ubique
1026 4011 1217 4083 singularem,
1248 4010 1359 4087 ubique

764 4086 926 4152 gementem
936 4081 1045 4152 audias,
1058 4099 1110 4139 uec
1123 4097 1257 4153 umquam
1272 4081 1303 4138 in
1316 4080 1358 4137 vi-

764 4152 818 4209 ridi
839 4169 918 4209 ramo
942 4153 1114 4211 residentem
1131 4153 1308 4227 prospicias;
1325 4159 1356 4209 et

765 4229 795 4279 tu
812 4225 848 4281 ab
866 4240 900 4281 ea
919 4225 1012 4282 discas
1032 4225 1211 4297 voluptatum
1231 4224 1356 4282 virentia

764 4295 906 4352 virulenta
924 4295 1023 4354 vitare.
1039 4297 1118 4353 Adde
1136 4296 1212 4367 quod
1227 4295 1258 4353 in
1274 4296 1355 4368 jugis
