2790 4912
143 338 184 392 1)ss
211 338 328 391 blt'li'n
355 338 394 391 Ec
422 338 557 391 :ETERNA
586 338 724 392 cllulsll
755 339 999 393 otbsllrlol'lt.
1164 347 1191 398 15

57 466 59 478 ¹
84 445 172 502 etiam
197 441 305 513 aliquid
331 440 545 513 comprehendi,
599 440 789 511 mum,duleia
800 441 1005 514 dulcissimum,
1015 447 1193 508 sublimiaul·

57 535 68 573 i
93 514 256 589 pervenitur
278 513 315 569 ad
340 514 426 569 tinem
452 511 547 585 cogni·
599 512 1192 595 tissimum,purapurissimum,sortialor

61 589 163 659 ipsius,
180 591 208 643 et
229 587 283 641 lioc
306 589 350 640 est
366 584 480 656 quando
500 599 546 640 res
600 583 751 654 tissimum,
769 590 798 641 et
814 601 855 641 sic
869 586 905 642 de
919 586 992 644 aliis.

57 661 135 716 icitur
162 659 202 713 ita
227 656 352 727 perfecte
380 655 452 712 sicut
479 671 544 726 cog·
639 677 671 712 ιο
685 656 841 712 Gssnmrio
856 658 924 713 Fieri
939 660 988 715 Dei
1002 678 1057 716 riou
1069 679 1194 724 munaus

57 731 102 786 ilis
130 734 187 797 est;
215 734 243 783 et
273 727 314 783 sic
343 726 420 783 solus
448 726 546 783 oculus
599 743 651 782 ren
666 744 832 783 icciriuiiun.
851 730 975 787 —Sane
991 747 1055 789 cum
1070 734 1151 794 audis
1165 737 1194 796 iu

57 820 66 858 s
86 802 178 857 lucem
191 802 264 855 lianc
278 797 504 869 comprehendit,
517 802 546 853 et
599 797 754 869 premissis
772 798 872 855 Filium
889 816 923 856 ex
940 803 997 858 beo
1018 804 1101 861 Patre
1117 808 1195 879 geni·

57 878 195 929 creatura.
218 901 252 912 —
272 868 425 933 moraliter,
446 870 497 924 lua
516 870 545 924 ia
600 874 671 939 tum,
705 885 773 926 cave
811 886 848 926 ne
879 872 984 930 mentis
1015 879 1069 932 tuae
1105 879 1195 939 oculis

57 962 71 1000 s
101 947 181 1007 lucet,
210 940 275 1011 quia
299 939 388 996 virtus
416 939 491 996 lucet
517 944 546 996 et
599 938 746 997 infirmum
760 940 867 1022 aliquid
879 944 1001 1001 carnalis
1014 946 1193 1018 cogitationis

61 1015 113 1071 tin
126 1012 253 1071 adversis
266 1017 293 1067 et
306 1009 544 1082 oppositisthim
600 1016 741 1080 occurrat,
769 1028 837 1083 quin
858 1013 952 1084 polius
975 1016 1137 1077 columbino
1163 1027 1193 1080 et

61 1091 90 1141 tii
111 1086 272 1156 infimitate
292 1085 444 1154 perficitur.
467 1081 546 1137 Unde
599 1081 725 1154 aquilino
747 1082 848 1140 intuitu
869 1083 1035 1156 simpliciter
1048 1091 1143 1161 crede,
1158 1109 1193 1151 ac

57 1162 126 1212 iiis:
150 1180 164 1207 «
185 1156 273 1210 ltomo
293 1158 431 1223 quantum
450 1153 544 1224 prose·
598 1152 801 1234 perspicaciter
827 1157 1029 1228 contemplare,
1056 1162 1134 1232 quod
1155 1166 1192 1222 ab

62 1227 115 1284 nisi
137 1226 167 1282 in
194 1224 365 1281 adversitate
384 1223 544 1295 cognoscit,
597 1224 647 1280 illa
672 1226 735 1280 luce
756 1223 841 1280 simul
861 1224 1001 1285 immensa
1028 1236 1057 1286 ct
1082 1232 1191 1306 simpli·

64 1299 138 1356 enim
158 1297 279 1369 quisque
302 1295 378 1366 apud
397 1310 428 1351 se
447 1294 544 1362 lateat,
598 1293 722 1364 cissima,
742 1294 949 1366 fulgentissima
968 1305 996 1356 et
1014 1316 1124 1360 summe
1143 1322 1190 1362 ar·

57 1368 225 1426 contumelia
248 1367 359 1438 probat.
385 1386 399 1416 t)
427 1367 462 1421 Et
480 1365 545 1436 quia
598 1381 679 1432 cana,
704 1370 870 1435 coaeternus,
895 1370 1056 1441 coequalis,
1075 1379 1104 1430 et
1122 1391 1190 1434 con·

57 1440 201 1498 idversitas
216 1442 308 1510 potest
323 1452 458 1509 superare
473 1438 544 1493 San·
597 1435 792 1493 substantialis
819 1437 955 1508 splendor
981 1443 1117 1514 exoritur,
1141 1447 1189 1518 qui

57 1520 61 1567 ξ
79 1527 213 1583 separare
233 1525 251 1565 a
272 1507 410 1565 charitate
429 1507 544 1576 Christi,
598 1512 642 1563 est
662 1506 753 1589 virtus
767 1523 891 1589 summa·
902 1514 930 1564 et
947 1511 1096 1594 sapientia,
1113 1522 1141 1573 et
1159 1517 1189 1574 in

57 1584 147 1639 licitur
172 1599 179 1636 ε
205 1585 242 1636 Et
270 1581 385 1635 tenebra
407 1596 466 1634 eam
491 1588 544 1635 nori
598 1594 653 1649 quo
664 1594 761 1634 omnia
771 1579 1003 1652 Palerdisposuit
1014 1585 1050 1640 ab
1060 1591 1187 1646 aeterno:

57 1655 221 1709 attenderant.
244 1651 314 1707 Boni
341 1650 417 1706 enim
437 1649 500 1717 viri,
518 1649 544 1706 si
597 1652 649 1705 Per
673 1666 751 1719 quem
777 1652 845 1718 [ecit
876 1657 902 1707 et
929 1656 1029 1720 secula,
1060 1658 1190 1732 tactaque

61 1733 105 1782 tur
126 1722 355 1785 adversitatibus,
372 1738 430 1777 non
450 1727 545 1777 tamen
597 1721 738 1802 gubernat
752 1725 780 1776 et
794 1721 908 1778 ordinat
917 1724 953 1779 ad
965 1725 1086 1797 gloriam
1097 1746 1188 1802 suam,

58 1803 121 1853 ntur
135 1801 184 1851 aut
199 1793 363 1860 vincentum
383 1792 440 1848 inio
454 1791 485 1846 in
503 1791 545 1848 eis
597 1796 701 1861 partim
714 1807 766 1864 per
779 1797 920 1861 naturam,
937 1797 1040 1867 partim
1057 1816 1109 1871 per
1123 1818 1188 1874 gra-

57 1873 77 1924 it
97 1873 125 1924 et
147 1866 335 1922 delectantur·
354 1863 417 1932 Vel,
443 1865 493 1919 raa
514 1866 544 1918 iu
597 1861 677 1930 tiam,
692 1861 808 1943 ‚partim
829 1879 888 1944 'per
907 1865 1057 1937 Justitiam,
1084 1874 1188 1943 partim

57 1956 68 1995 ς
88 1942 168 2001 lacet,
183 1936 297 2008 quando
318 1937 392 1991 Deus
408 1951 461 2007 per
478 1949 544 1990 con·
596 1948 648 2004 per
661 1934 901 1990 misericordiam:
915 1943 945 1993 ut
959 1938 1028 1996 nibil
1040 1942 1079 1999 ita
1091 1943 1122 2000 iu
1135 1948 1189 2003 hoc

57 2026 119 2066 nem
144 2009 241 2065 illucet
269 2005 323 2074 liis,
353 2004 401 2077 qui
423 2006 544 2062 adversa
596 2002 702 2060 inundo
725 2003 918 2062 inordinatum
939 2011 1089 2082 relinquat.
1109 2017 1189 2075 Unde

57 2081 194 2138 elationes
215 2077 367 2144 sustinent,
387 2076 543 2133 secundum
595 2076 769 2156 depastione
801 2095 853 2158 ‘'.“
883 2077 959 2135 Sicut
993 2084 1129 2155 splendor
1155 2106 1187 2146 ex

57 2153 325 2207 luetarstllomi'nus
339 2150 383 2203 liis
396 2151 446 2218 qui
458 2148 544 2202 tribu·
596 2147 756 2202 substantia
775 2147 844 2203 solis
869 2150 1005 2223 nascitur,
1031 2155 1070 2212 ita
1091 2164 1121 2215 et
1143 2160 1188 2218 Fi·

57 2232 89 2279 ut
108 2224 203 2290 corde3
219 2226 247 2277 et
262 2239 268 2275 :
286 2222 352 2278 Gaui
367 2222 427 2290 ipso
441 2234 501 2274 sam
513 2219 542 2272 in
595 2215 664 2297 lium
677 2233 723 2298 ‚ex
750 2218 911 2276 substantia
940 2224 1033 2281 Patris
1060 2229 1187 2299 genitum

57 2299 139 2362 tione,
154 2299 208 2349 etc.
230 2295 267 2349 Et
283 2291 397 2347 tenebra
416 2305 475 2345 eum
489 2305 542 2344 iioii
595 2287 796 2368 intelligamus.
828 2291 862 2346 Et
890 2291 962 2349 sicut
991 2313 1047 2352 uon
1076 2305 1118 2356 est
1145 2303 1188 2361 sol

58 2367 220 2427 tenderat,
237 2363 303 2433 quia
324 2378 377 2417 nori
397 2366 462 2416 caat
480 2376 542 2415 coii-
595 2362 644 2414 aut
658 2358 742 2439 ignis
764 2359 843 2431 prius
867 2362 1019 2433 splendore
1039 2386 1100 2438 suo,
1122 2371 1190 2430 licet

67 2440 211 2509 passiones
239 2434 322 2503 bajus
350 2434 479 2502 temporis
505 2432 544 2485 oct
596 2445 629 2485 ex
657 2445 728 2510 ipso·
747 2435 879 2487 nascatur
888 2449 899 2513 ;·
926 2436 975 2491 sed
1004 2453 1038 2493 er
1064 2456 1119 2511 quo
1146 2445 1187 2501 sol

57 2510 219 2577 oculorium.
240 2502 449 2575 Semperenim
469 2504 543 2559 Deus
595 2504 644 2556 aut
672 2515 746 2570 ignis
775 2507 913 2581 processit
945 2506 1027 2562 simul
1062 2527 1124 2566 cuin
1155 2530 1189 2571 eo

57 2586 116 2636 arat
128 2594 214 2649 supra
228 2576 409 2645 condignum,
423 2579 452 2629 et
464 2573 543 2644 punit
596 2576 625 2626 et
647 2570 781 2642 splendor
805 2586 868 2641 eius
890 2577 1038 2643 apparuit;
1059 2596 1112 2636 nec
1130 2581 1186 2639 dici

57 2650 233 2721 :ondignum
258 2679 292 2690 —
316 2649 378 2702 lua
404 2644 490 2701 etiam
513 2646 543 2699 iii
596 2645 689 2723 potest
706 2639 841 2712 splendor
859 2642 919 2699 sole
940 2646 983 2701 vel
1002 2646 1069 2719 igne
1090 2656 1187 2722 poste-

57 2722 165 2793 sliujus
175 2719 271 2777 mundi
284 2721 365 2779 lueet.
379 2715 445 2787 quia
458 2717 542 2772 Crea·
596 2728 664 2780 rior,
680 2727 749 2794 cuin⁸
758 2716 865 2784 tamen,
882 2720 911 2771 ut
927 2714 994 2785 diiii,
1010 2735 1043 2775 er
1060 2720 1121 2793 ipso
1135 2740 1188 2781 na·

57 2791 189 2851 :reaturis
200 2797 327 2863 apparot.
339 2785 500 2845 sicutenim
512 2786 542 2842 iii
597 2787 701 2840 scatur.
723 2785 751 2839 Si
775 2799 843 2853 ergo
869 2784 898 2841 in
924 2793 1061 2848 creaturis
1074 2794 1189 2867 aliquid

68 2866 142 2921 Deus
164 2868 207 2919 est
231 2861 376 2933 speculum
402 2863 545 2939 creampp.
597 2853 749 2938 invenitur,
766 2855 843 2937 quod
861 2862 890 2938 et
903 2865 1038 2918 nascatur
1052 2870 1079 2920 et
1113 2872 1190 2925 oste·
1238 2868 1247 2959 t

56 2951 144 3006 nquo
159 2939 295 2990 creaturae
316 2931 453 2998 relucent,
469 2934 497 2985 et
515 2945 543 2984 iii
597 2943 657 2983 rius
676 2943 733 2983 non
750 2934 787 2982 sit
804 2934 934 3010 genitore
949 2947 1012 3001 suo,
1031 2950 1082 2991 cur
1093 2880 1154 2995 ἰοῦ
1172 2954 1191 2995 a
1242 2968 1247 2989 i

57 3005 351 3075 iniaviilebimnsqum
361 3001 398 3057 ad
410 3000 545 3070 gaudium
597 2999 731 3054 creatore
750 2998 813 3055 fleri
833 3014 922 3125 ¹posse
941 3002 1095 3076 desperes?
1113 3008 1192 3067 Sicut
1243 3012 1247 3057 i

57 3076 288 3149 mperiinebunn
300 3072 547 3130 siciuvitaecon-
598 3068 733 3141 splendor
748 3086 782 3126 eii
800 3086 859 3126 soe
879 3077 962 3130 natus
981 3077 1071 3148 replet
1091 3081 1190 3137 orbeui
1241 3096 1247 3141 t.

57 3155 187 3205 :reaturae
206 3152 271 3204 sunt
291 3144 438 3217 speculum
461 3144 545 3199 Crea·
599 3145 751 3222 terrarum,
775 3146 805 3222 et
829 3146 926 3199 tamen
945 3161 962 3201 a
980 3148 1110 3216 genitore
1137 3167 1192 3209 suo
1245 3148 1247 3155 '

57 3220 546 3291 nquoCrcutoreinnostrumspecu·
598 3227 656 3267 non
671 3212 857 3281 abscinditur,
873 3230 926 3270 noc
943 3215 1096 3287 aliquando
1111 3237 1192 3280 rece·
1239 3232 1247 3271 ἰ

63 3291 139 3361 quia,
148 3289 225 3345 utait
233 3287 384 3359 Apostolus
397 3302 404 3340 :
415 3285 546 3343 Videmus
598 3281 653 3350 dia
667 3281 708 3363 ita
717 3287 746 3337 et
755 3282 840 3338 Filius
850 3299 867 3339 a
876 3285 959 3342 Patre
966 3289 1078 3357 genitus
1087 3292 1193 3364 ubique
1244 3322 1247 3333 ·

57 3362 243 3433 meantum,
257 3357 387 3414 videlicet
400 3361 545 3413 creatura·
599 3353 728 3434 dumsit,
748 3353 776 3408 in
795 3355 1010 3436 Patre'semper
1029 3368 1190 3430 permanet.

57 3437 85 3490 sn
101 3435 254 3500 enipiaate,
283 3435 311 3485 et
330 3429 463 3493 obscure;
488 3431 545 3483 et:
599 3426 632 3480 Et
657 3427 728 3480 sicut
754 3424 977 3482 substantialiter
1003 3430 1139 3500 splendor
1161 3432 1193 3490 in

57 3507 112 3560 otia
126 3504 301 3574 cutriipsi'us
319 3498 369 3556 Dei
385 3516 403 3554 a
420 3502 546 3553 creatura
599 3494 658 3551 sole
686 3499 740 3574 est,
768 3501 797 3549 θῑ
825 3495 866 3551 ⁸0¹
895 3496 924 3552 5¹1
951 3498 1119 3570 splefld‘ffei
1151 3503 1193 3562 5¹⁸

57 3592 129 3648 ‚per
147 3592 179 3629 ea
198 3591 258 3645 qiiae
274 3575 352 3641 sacto
370 3575 444 3632 suut,
465 3570 546 3624 intel·
599 3563 823 3622 substantialiter
835 3567 920 3623 Pater
933 3567 962 3625 in
978 3570 1046 3628 Filio
1062 3578 1090 3629 et
1104 3572 1193 3633 Filius

57 3649 271 3719 adspiciuntur.
286 3646 376 3699 Deum
392 3640 468 3697 enim
483 3655 546 3696 esse
599 3637 627 3693 in
649 3637 732 3718 l³atre
751 3641 803 3692 est.
829 3638 862 3692 Et
886 3639 958 3720 sicut
975 3642 1028 3698 soli
1049 3648 1077 3699 et
1095 3645 1191 3717 splen·

57 3718 123 3777 ilum
142 3717 214 3774 fides
231 3722 307 3772 recta
323 3717 454 3779 testatur,
471 3710 546 3768 Scri·
599 3708 661 3764 dori
692 3723 750 3764 una
777 3709 936 3766 substantia
962 3728 1026 3769 cum
1055 3715 1101 3784 sil,
1134 3733 1193 3776 non

57 3795 151 3847 sancta
168 3787 302 3859 loquitur,
315 3781 490 3855 comparatio
504 3798 548 3839 re·
600 3786 697 3836 tamen
719 3794 777 3835 una
798 3795 932 3851 persona,
949 3783 1016 3854 quia
1033 3802 1085 3842 nec
1100 3788 1191 3846 solem

57 3862 72 3919 d
85 3862 178 3932 ipsum
191 3858 307 3925 indicat,
322 3855 395 3912 ratio
409 3853 548 3910 naturalis
600 3850 780 3932 splendorem
797 3866 871 3932 esse,
884 3868 937 3909 nec
952 3854 1132 3926 splendorem
1147 3859 1192 3917 di·

82 3930 234 4002 Sanecique
262 3927 418 4001 praedicant
447 3943 454 3981 :
487 3929 548 3997 lpse
601 3922 814 4004 cimussolcnij
837 3927 926 3979 itaet
949 3927 1030 3983 l‘ater
1052 3934 1081 3984 ct
1104 3929 1192 3989 Filius
1238 3954 1241 3959 ·

57 4021 107 4069 ως,
140 4008 165 4058 et
192 4017 247 4056 nou
272 4003 329 4072 ipsi
354 4014 419 4065 iios3
448 4011 546 4053 verum
601 4009 665 4051 cum
686 3997 744 4050 siut
762 3996 1003 4065 uniusessenti-e,
1021 4005 1193 4059 nontamen

59 4077 116 4133 hoc
134 4077 273 4130 creaturae
291 4070 425 4127 clamant.
446 4066 547 4126 Omnia
602 4064 683 4122 unius
712 4069 777 4120 sunt
809 4081 948 4147 personae.
982 4072 1016 4126 Εἰ
1046 4070 1118 4128 sicut
1150 4073 1194 4130 sol
1229 4094 1246 4115 ·

57 4165 79 4206 ie
93 4162 145 4204 suo
159 4145 245 4202 modo
257 4142 363 4209 dicunt,
378 4139 454 4212 quod
473 4141 548 4195 Deus
602 4135 752 4209 splendore
763 4135 890 4193 calefacit
905 4144 934 4195 et
947 4138 1194 4211 illuminal,siccat

57 4224 132 4276 uest
146 4219 222 4274 enim
234 4221 341 4271 naturae
353 4230 360 4268 :
372 4211 438 4283 quia
452 4208 549 4267 omnia
602 4212 630 4264 et
658 4207 750 4275 solvit,
764 4208 932 4266 excandidat
957 4217 985 4268 et
1006 4213 1149 4285 denigrat,
1163 4216 1194 4271 et

57 4279 549 4360 alestanturipsumessepulcherri-
601 4277 772 4351 omniaque
784 4278 810 4335 ei
823 4295 841 4336 a
854 4280 975 4339 Domino
988 4282 1115 4357 injuncta
1126 4286 1194 4343 sunt
1232 4272 1247 4313 ⁴

1138 4368 1247 4650 i·
