<?xml version="1.0" encoding="UTF-8"?>
<!DOCTYPE html PUBLIC "-//W3C//DTD XHTML 1.0 Transitional//EN"
    "http://www.w3.org/TR/xhtml1/DTD/xhtml1-transitional.dtd">
<html xmlns="http://www.w3.org/1999/xhtml" xml:lang="en" lang="en">
 <head>
  <title>
</title>
<meta http-equiv="Content-Type" content="text/html;charset=utf-8" />
  <meta name='ocr-system' content='tesseract 3.04.00' />
  <meta name='ocr-capabilities' content='ocr_page ocr_carea ocr_par ocr_line ocrx_word'/>
</head>
<body>
  <div class='ocr_page' id='page_1' title='image "./vitajesuchristi02ludogoog_0361.png"; bbox 0 0 2790 4912; ppageno 0'>
   <div class='ocr_carea' id='block_1_1' title="bbox 319 283 1257 353">
    <p class='ocr_par' dir='ltr' id='par_1_1' title="bbox 319 283 1257 353">
     <span class='ocr_line' id='line_1_1' title="bbox 319 283 1257 353; baseline 0.011 -17"><span class='ocrx_word' id='word_1_1' title='bbox 319 283 358 336; x_wconf 77' lang='lat' dir='ltr'><strong>De</strong></span> <span class='ocrx_word' id='word_1_2' title='bbox 386 284 492 338; x_wconf 80' lang='lat' dir='ltr'><strong>sento</strong></span> <span class='ocrx_word' id='word_1_3' title='bbox 520 284 744 339; x_wconf 74' lang='lat' dir='ltr'><strong>celeumatis</strong></span> <span class='ocrx_word' id='word_1_4' title='bbox 772 284 1000 353; x_wconf 75' lang='lat' dir='ltr'><strong>epultrrlco.</strong></span> <span class='ocrx_word' id='word_1_5' title='bbox 1212 293 1257 346; x_wconf 75' lang='grc'><strong>319</strong></span> 
     </span>
    </p>
   </div>
   <div class='ocr_carea' id='block_1_2' title="bbox 51 390 625 4244">
    <p class='ocr_par' dir='ltr' id='par_1_2' title="bbox 51 390 625 4230">
     <span class='ocr_line' id='line_1_2' title="bbox 51 390 618 462; baseline -0.002 -12"><span class='ocrx_word' id='word_1_6' title='bbox 51 392 152 450; x_wconf 87' lang='lat' dir='ltr'><strong>rmiter</strong></span> <span class='ocrx_word' id='word_1_7' title='bbox 166 390 289 449; x_wconf 87' lang='lat' dir='ltr'><strong>credidit</strong></span> <span class='ocrx_word' id='word_1_8' title='bbox 303 391 379 462; x_wconf 85' lang='lat' dir='ltr'><strong>quod</strong></span> <span class='ocrx_word' id='word_1_9' title='bbox 390 395 500 462; x_wconf 87' lang='lat' dir='ltr'><strong>poterat</strong></span> <span class='ocrx_word' id='word_1_10' title='bbox 514 406 618 449; x_wconf 87' lang='lat' dir='ltr'><strong>sanare</strong></span> 
     </span>
     <span class='ocr_line' id='line_1_3' title="bbox 51 464 619 534; baseline -0.009 -11"><span class='ocrx_word' id='word_1_11' title='bbox 51 480 145 523; x_wconf 77' lang='lat' dir='ltr'><strong>ervum</strong></span> <span class='ocrx_word' id='word_1_12' title='bbox 156 479 250 529; x_wconf 80' lang='lat' dir='ltr'><strong>suum,</strong></span> <span class='ocrx_word' id='word_1_13' title='bbox 258 466 307 533; x_wconf 78' lang='lat' dir='ltr'><strong>qut</strong></span> <span class='ocrx_word' id='word_1_14' title='bbox 314 464 425 518; x_wconf 83' lang='lat' dir='ltr'><strong>eratitti</strong></span> <span class='ocrx_word' id='word_1_15' title='bbox 430 467 459 519; x_wconf 89' lang='lat' dir='ltr'><strong>et</strong></span> <span class='ocrx_word' id='word_1_16' title='bbox 470 465 619 534; x_wconf 81' lang='lat' dir='ltr'><strong>pretiosus,</strong></span> 
     </span>
     <span class='ocr_line' id='line_1_4' title="bbox 51 532 620 606; baseline -0.005 -13"><span class='ocrx_word' id='word_1_17' title='bbox 51 538 193 604; x_wconf 74' lang='lat' dir='ltr'><strong>uritrarus,</strong></span> <span class='ocrx_word' id='word_1_18' title='bbox 208 534 262 590; x_wconf 90' lang='lat' dir='ltr'><strong>nisi</strong></span> <span class='ocrx_word' id='word_1_19' title='bbox 283 550 336 606; x_wconf 90' lang='lat' dir='ltr'><strong>per</strong></span> <span class='ocrx_word' id='word_1_20' title='bbox 357 533 500 590; x_wconf 80' lang='lat' dir='ltr'><strong>Christum</strong></span> <span class='ocrx_word' id='word_1_21' title='bbox 521 532 620 590; x_wconf 88' lang='lat' dir='ltr'><strong>luisset</strong></span> 
     </span>
     <span class='ocr_line' id='line_1_5' title="bbox 51 604 620 676; baseline -0.005 -11"><span class='ocrx_word' id='word_1_22' title='bbox 51 614 168 671; x_wconf 79' lang='lat' dir='ltr'><strong>tnatus3</strong></span> <span class='ocrx_word' id='word_1_23' title='bbox 192 609 221 662; x_wconf 90' lang='lat' dir='ltr'><strong>et</strong></span> <span class='ocrx_word' id='word_1_24' title='bbox 236 605 300 662; x_wconf 91' lang='lat' dir='ltr'><strong>ideo</strong></span> <span class='ocrx_word' id='word_1_25' title='bbox 324 605 360 661; x_wconf 93' lang='lat' dir='ltr'><strong>de</strong></span> <span class='ocrx_word' id='word_1_26' title='bbox 388 605 447 676; x_wconf 74' lang='lat' dir='ltr'><strong>eius</strong></span> <span class='ocrx_word' id='word_1_27' title='bbox 470 604 620 662; x_wconf 79' lang='lat' dir='ltr'><strong>sanatione</strong></span> 
     </span>
     <span class='ocr_line' id='line_1_6' title="bbox 51 676 621 749; baseline -0.004 -14"><span class='ocrx_word' id='word_1_28' title='bbox 51 684 88 735; x_wconf 84' lang='lat' dir='ltr'><strong>rat</strong></span> <span class='ocrx_word' id='word_1_29' title='bbox 103 676 257 735; x_wconf 87' lang='lat' dir='ltr'><strong>sollicitus.</strong></span> <span class='ocrx_word' id='word_1_30' title='bbox 270 678 301 732; x_wconf 90' lang='lat' dir='ltr'><strong>tn</strong></span> <span class='ocrx_word' id='word_1_31' title='bbox 316 677 370 732; x_wconf 94' lang='lat' dir='ltr'><strong>hoc</strong></span> <span class='ocrx_word' id='word_1_32' title='bbox 380 692 449 749; x_wconf 90' lang='lat' dir='ltr'><strong>ergo</strong></span> <span class='ocrx_word' id='word_1_33' title='bbox 463 677 536 732; x_wconf 89' lang='lat' dir='ltr'><strong>lacto</strong></span> <span class='ocrx_word' id='word_1_34' title='bbox 551 679 621 734; x_wconf 91' lang='lat' dir='ltr'><strong>Cen·</strong></span> 
     </span>
     <span class='ocr_line' id='line_1_7' title="bbox 51 747 619 807; baseline -0.005 0"><span class='ocrx_word' id='word_1_35' title='bbox 51 748 153 807; x_wconf 82' lang='lat' dir='ltr'><strong>trionis</strong></span> <span class='ocrx_word' id='word_1_36' title='bbox 173 753 284 805; x_wconf 87' lang='lat' dir='ltr'><strong>tantam</strong></span> <span class='ocrx_word' id='word_1_37' title='bbox 303 763 400 803; x_wconf 89' lang='lat' dir='ltr'><strong>curam</strong></span> <span class='ocrx_word' id='word_1_38' title='bbox 428 753 457 804; x_wconf 89' lang='lat' dir='ltr'><strong>et</strong></span> <span class='ocrx_word' id='word_1_39' title='bbox 480 747 619 805; x_wconf 90' lang='lat' dir='ltr'><strong>sollicitu-</strong></span> 
     </span>
     <span class='ocr_line' id='line_1_8' title="bbox 51 817 620 892; baseline -0.002 -15"><span class='ocrx_word' id='word_1_40' title='bbox 51 818 127 879; x_wconf 89' lang='lat' dir='ltr'><strong>inem</strong></span> <span class='ocrx_word' id='word_1_41' title='bbox 156 836 209 892; x_wconf 90' lang='lat' dir='ltr'><strong>pro</strong></span> <span class='ocrx_word' id='word_1_42' title='bbox 235 834 317 876; x_wconf 86' lang='lat' dir='ltr'><strong>servo</strong></span> <span class='ocrx_word' id='word_1_43' title='bbox 346 817 488 888; x_wconf 89' lang='lat' dir='ltr'><strong>habentis,</strong></span> <span class='ocrx_word' id='word_1_44' title='bbox 509 818 620 876; x_wconf 80' lang='lat' dir='ltr'>discere</span> 
     </span>
     <span class='ocr_line' id='line_1_9' title="bbox 52 888 621 949; baseline -0.005 0"><span class='ocrx_word' id='word_1_45' title='bbox 52 893 170 949; x_wconf 91' lang='lat' dir='ltr'><strong>ebemus</strong></span> <span class='ocrx_word' id='word_1_46' title='bbox 191 889 385 948; x_wconf 78' lang='lat' dir='ltr'><strong>commisereri</strong></span> <span class='ocrx_word' id='word_1_47' title='bbox 401 888 491 947; x_wconf 84' lang='lat' dir='ltr'><strong>servis</strong></span> <span class='ocrx_word' id='word_1_48' title='bbox 513 892 621 947; x_wconf 92' lang='lat' dir='ltr'><strong>nostris</strong></span> 
     </span>
     <span class='ocr_line' id='line_1_10' title="bbox 51 960 620 1031; baseline -0.002 -12"><span class='ocrx_word' id='word_1_49' title='bbox 51 969 60 1019; x_wconf 88' lang='lat' dir='ltr'><strong>t</strong></span> <span class='ocrx_word' id='word_1_50' title='bbox 75 962 213 1031; x_wconf 92' lang='lat' dir='ltr'><strong>subditis,</strong></span> <span class='ocrx_word' id='word_1_51' title='bbox 230 978 263 1018; x_wconf 90' lang='lat' dir='ltr'><strong>ac</strong></span> <span class='ocrx_word' id='word_1_52' title='bbox 278 960 500 1018; x_wconf 90' lang='lat' dir='ltr'><strong>sollicitudinem</strong></span> <span class='ocrx_word' id='word_1_53' title='bbox 521 968 550 1018; x_wconf 90' lang='lat' dir='ltr'><strong>et</strong></span> <span class='ocrx_word' id='word_1_54' title='bbox 572 978 620 1019; x_wconf 91' lang='lat' dir='ltr'><strong>cu-</strong></span> 
     </span>
     <span class='ocr_line' id='line_1_11' title="bbox 51 1032 621 1105; baseline -0.002 -15"><span class='ocrx_word' id='word_1_55' title='bbox 51 1050 92 1090; x_wconf 84' lang='lat' dir='ltr'><strong>am</strong></span> <span class='ocrx_word' id='word_1_56' title='bbox 115 1035 224 1091; x_wconf 87' lang='lat' dir='ltr'><strong>habere</strong></span> <span class='ocrx_word' id='word_1_57' title='bbox 250 1033 286 1089; x_wconf 88' lang='lat' dir='ltr'><strong>de</strong></span> <span class='ocrx_word' id='word_1_58' title='bbox 309 1032 361 1089; x_wconf 90' lang='lat' dir='ltr'><strong>eis.</strong></span> <span class='ocrx_word' id='word_1_59' title='bbox 384 1035 445 1089; x_wconf 84' lang='lat' dir='ltr'><strong>Non</strong></span> <span class='ocrx_word' id='word_1_60' title='bbox 470 1038 531 1090; x_wconf 89' lang='lat' dir='ltr'><strong>erat</strong></span> <span class='ocrx_word' id='word_1_61' title='bbox 559 1033 621 1105; x_wconf 91' lang='lat' dir='ltr'><strong>ipse</strong></span> 
     </span>
     <span class='ocr_line' id='line_1_12' title="bbox 51 1102 621 1176; baseline -0.004 -14"><span class='ocrx_word' id='word_1_62' title='bbox 51 1104 107 1162; x_wconf 90' lang='lat' dir='ltr'><strong>icut</strong></span> <span class='ocrx_word' id='word_1_63' title='bbox 122 1106 205 1162; x_wconf 91' lang='lat' dir='ltr'><strong>multi</strong></span> <span class='ocrx_word' id='word_1_64' title='bbox 229 1110 295 1161; x_wconf 91' lang='lat' dir='ltr'><strong>sunt</strong></span> <span class='ocrx_word' id='word_1_65' title='bbox 313 1103 410 1173; x_wconf 91' lang='lat' dir='ltr'><strong>hodie,</strong></span> <span class='ocrx_word' id='word_1_66' title='bbox 428 1103 476 1176; x_wconf 89' lang='lat' dir='ltr'><strong>qui</strong></span> <span class='ocrx_word' id='word_1_67' title='bbox 490 1102 621 1161; x_wconf 80' lang='lat' dir='ltr'><strong>ridentes</strong></span> 
     </span>
     <span class='ocr_line' id='line_1_13' title="bbox 51 1174 620 1247; baseline -0.005 -12"><span class='ocrx_word' id='word_1_68' title='bbox 51 1176 162 1235; x_wconf 83' lang='lat' dir='ltr'><strong>obditos</strong></span> <span class='ocrx_word' id='word_1_69' title='bbox 188 1192 254 1232; x_wconf 89' lang='lat' dir='ltr'><strong>suos</strong></span> <span class='ocrx_word' id='word_1_70' title='bbox 283 1174 432 1245; x_wconf 82' lang='lat' dir='ltr'><strong>infirmari,</strong></span> <span class='ocrx_word' id='word_1_71' title='bbox 457 1191 507 1232; x_wconf 85' lang='lat' dir='ltr'><strong>eos</strong></span> <span class='ocrx_word' id='word_1_72' title='bbox 530 1175 620 1247; x_wconf 82' lang='lat' dir='ltr'><strong>negli-</strong></span> 
     </span>
     <span class='ocr_line' id='line_1_14' title="bbox 51 1246 621 1320; baseline 0 -16"><span class='ocrx_word' id='word_1_73' title='bbox 51 1254 103 1314; x_wconf 77' lang='lat' dir='ltr'><strong>,nnt</strong></span> <span class='ocrx_word' id='word_1_74' title='bbox 119 1265 127 1304; x_wconf 91' lang='lat'>:</span> <span class='ocrx_word' id='word_1_75' title='bbox 144 1255 173 1305; x_wconf 93' lang='lat' dir='ltr'><strong>et</strong></span> <span class='ocrx_word' id='word_1_76' title='bbox 187 1248 249 1320; x_wconf 94' lang='lat' dir='ltr'><strong>plus</strong></span> <span class='ocrx_word' id='word_1_77' title='bbox 265 1248 300 1305; x_wconf 94' lang='lat' dir='ltr'><strong>de</strong></span> <span class='ocrx_word' id='word_1_78' title='bbox 315 1247 416 1318; x_wconf 89' lang='lat' dir='ltr'><strong>seipsis</strong></span> <span class='ocrx_word' id='word_1_79' title='bbox 431 1246 519 1315; x_wconf 90' lang='lat' dir='ltr'><strong>sanis,</strong></span> <span class='ocrx_word' id='word_1_80' title='bbox 535 1262 621 1318; x_wconf 91' lang='lat' dir='ltr'><strong>quam</strong></span> 
     </span>
     <span class='ocr_line' id='line_1_15' title="bbox 51 1317 620 1390; baseline 0.002 -16"><span class='ocrx_word' id='word_1_81' title='bbox 51 1318 71 1377; x_wconf 85' lang='lat' dir='ltr'><strong>le</strong></span> <span class='ocrx_word' id='word_1_82' title='bbox 101 1320 224 1377; x_wconf 85' lang='lat' dir='ltr'><strong>subditis</strong></span> <span class='ocrx_word' id='word_1_83' title='bbox 251 1317 374 1375; x_wconf 82' lang='lat' dir='ltr'><strong>infirmis</strong></span> <span class='ocrx_word' id='word_1_84' title='bbox 401 1317 514 1375; x_wconf 72' lang='lat' dir='ltr'><strong>solliciti</strong></span> <span class='ocrx_word' id='word_1_85' title='bbox 542 1324 620 1390; x_wconf 93' lang='lat' dir='ltr'><strong>sunt,</strong></span> 
     </span>
     <span class='ocr_line' id='line_1_16' title="bbox 51 1389 620 1463; baseline -0.002 -16"><span class='ocrx_word' id='word_1_86' title='bbox 51 1389 154 1463; x_wconf 83' lang='lat' dir='ltr'><strong>iusque</strong></span> <span class='ocrx_word' id='word_1_87' title='bbox 169 1389 353 1462; x_wconf 82' lang='lat' dir='ltr'><strong>sibimetipsis</strong></span> <span class='ocrx_word' id='word_1_88' title='bbox 367 1389 396 1445; x_wconf 95' lang='lat' dir='ltr'><strong>in</strong></span> <span class='ocrx_word' id='word_1_89' title='bbox 418 1390 620 1462; x_wconf 83' lang='lat' dir='ltr'><strong>voluptatibus,</strong></span> 
     </span>
     <span class='ocr_line' id='line_1_17' title="bbox 51 1460 622 1587; baseline -0.004 -68"><span class='ocrx_word' id='word_1_90' title='bbox 51 1476 120 1587; x_wconf 74' lang='grc' dir='ltr'><strong>[υιω</strong></span> <span class='ocrx_word' id='word_1_91' title='bbox 134 1461 258 1518; x_wconf 90' lang='lat' dir='ltr'><strong>subditis</strong></span> <span class='ocrx_word' id='word_1_92' title='bbox 270 1461 299 1517; x_wconf 94' lang='lat' dir='ltr'><strong>in</strong></span> <span class='ocrx_word' id='word_1_93' title='bbox 314 1460 542 1529; x_wconf 87' lang='lat' dir='ltr'><strong>necessitatibus,</strong></span> <span class='ocrx_word' id='word_1_94' title='bbox 555 1478 622 1518; x_wconf 91' lang='lat' dir='ltr'><strong>con-</strong></span> 
     </span>
     <span class='ocr_line' id='line_1_18' title="bbox 57 1531 623 1604; baseline -0.002 -14"><span class='ocrx_word' id='word_1_95' title='bbox 57 1534 219 1590; x_wconf 88' lang='lat' dir='ltr'><strong>escenduut.</strong></span> <span class='ocrx_word' id='word_1_96' title='bbox 249 1531 380 1604; x_wconf 82' lang='lat' dir='ltr'><strong>Rogavit,</strong></span> <span class='ocrx_word' id='word_1_97' title='bbox 402 1532 529 1603; x_wconf 87' lang='lat' dir='ltr'><strong>inquam,</strong></span> <span class='ocrx_word' id='word_1_98' title='bbox 555 1533 623 1589; x_wconf 84' lang='lat' dir='ltr'><strong>alle·</strong></span> 
     </span>
     <span class='ocr_line' id='line_1_19' title="bbox 51 1603 620 1673; baseline -0.004 -12"><span class='ocrx_word' id='word_1_99' title='bbox 51 1606 127 1673; x_wconf 78' lang='lat' dir='ltr'><strong>tans,</strong></span> <span class='ocrx_word' id='word_1_100' title='bbox 140 1610 172 1661; x_wconf 94' lang='lat' dir='ltr'><strong>ut</strong></span> <span class='ocrx_word' id='word_1_101' title='bbox 191 1604 300 1661; x_wconf 76' lang='lat' dir='ltr'><strong>reniret</strong></span> <span class='ocrx_word' id='word_1_102' title='bbox 323 1603 359 1660; x_wconf 90' lang='lat' dir='ltr'><strong>ad</strong></span> <span class='ocrx_word' id='word_1_103' title='bbox 384 1604 499 1660; x_wconf 93' lang='lat' dir='ltr'><strong>domum</strong></span> <span class='ocrx_word' id='word_1_104' title='bbox 522 1620 620 1671; x_wconf 81' lang='lat' dir='ltr'><strong>suam3</strong></span> 
     </span>
     <span class='ocr_line' id='line_1_20' title="bbox 51 1674 622 1748; baseline -0.002 -17"><span class='ocrx_word' id='word_1_105' title='bbox 51 1675 128 1733; x_wconf 89' lang='lat' dir='ltr'><strong>ninus</strong></span> <span class='ocrx_word' id='word_1_106' title='bbox 157 1676 240 1748; x_wconf 89' lang='lat' dir='ltr'><strong>plene</strong></span> <span class='ocrx_word' id='word_1_107' title='bbox 264 1692 322 1747; x_wconf 88' lang='lat' dir='ltr'><strong>prae</strong></span> <span class='ocrx_word' id='word_1_108' title='bbox 344 1674 476 1747; x_wconf 86' lang='lat' dir='ltr'><strong>angustia</strong></span> <span class='ocrx_word' id='word_1_109' title='bbox 503 1674 576 1731; x_wconf 83' lang='lat' dir='ltr'><strong>servi</strong></span> <span class='ocrx_word' id='word_1_110' title='bbox 593 1680 622 1731; x_wconf 93' lang='lat' dir='ltr'><strong>et</strong></span> 
     </span>
     <span class='ocr_line' id='line_1_21' title="bbox 51 1742 622 1819; baseline 0.004 -20"><span class='ocrx_word' id='word_1_111' title='bbox 51 1742 178 1804; x_wconf 86' lang='lat' dir='ltr'><strong>lesiderio</strong></span> <span class='ocrx_word' id='word_1_112' title='bbox 195 1764 270 1804; x_wconf 70' lang='lat' dir='ltr'><strong>curae</strong></span> <span class='ocrx_word' id='word_1_113' title='bbox 292 1747 423 1819; x_wconf 86' lang='lat' dir='ltr'><strong>cogitans</strong></span> <span class='ocrx_word' id='word_1_114' title='bbox 437 1745 541 1804; x_wconf 80' lang='lat' dir='ltr'><strong>Christi</strong></span> <span class='ocrx_word' id='word_1_115' title='bbox 561 1762 622 1802; x_wconf 89' lang='lat' dir='ltr'><strong>ma-</strong></span> 
     </span>
     <span class='ocr_line' id='line_1_22' title="bbox 51 1818 621 1876; baseline 0.002 -4"><span class='ocrx_word' id='word_1_116' title='bbox 51 1823 166 1876; x_wconf 85' lang='lat' dir='ltr'><strong>estatem</strong></span> <span class='ocrx_word' id='word_1_117' title='bbox 190 1825 219 1874; x_wconf 86' lang='lat' dir='ltr'><strong>et</strong></span> <span class='ocrx_word' id='word_1_118' title='bbox 242 1818 441 1875; x_wconf 86' lang='lat' dir='ltr'><strong>reverentiam.</strong></span> <span class='ocrx_word' id='word_1_119' title='bbox 468 1820 552 1875; x_wconf 86' lang='lat' dir='ltr'><strong>lesus</strong></span> <span class='ocrx_word' id='word_1_120' title='bbox 571 1833 621 1874; x_wconf 89' lang='lat' dir='ltr'><strong>au-</strong></span> 
     </span>
     <span class='ocr_line' id='line_1_23' title="bbox 51 1889 623 1961; baseline 0 -17"><span class='ocrx_word' id='word_1_121' title='bbox 51 1902 94 1947; x_wconf 85' lang='lat' dir='ltr'><strong>em</strong></span> <span class='ocrx_word' id='word_1_122' title='bbox 112 1891 204 1946; x_wconf 89' lang='lat' dir='ltr'><strong>sciens</strong></span> <span class='ocrx_word' id='word_1_123' title='bbox 223 1889 403 1946; x_wconf 78' lang='lat' dir='ltr'><strong>devotionern</strong></span> <span class='ocrx_word' id='word_1_124' title='bbox 419 1890 491 1961; x_wconf 84' lang='lat' dir='ltr'><strong>ejus,</strong></span> <span class='ocrx_word' id='word_1_125' title='bbox 507 1904 623 1960; x_wconf 91' lang='lat' dir='ltr'><strong>respon-</strong></span> 
     </span>
     <span class='ocr_line' id='line_1_24' title="bbox 51 1956 620 2033; baseline -0.004 -17"><span class='ocrx_word' id='word_1_126' title='bbox 51 1956 80 2016; x_wconf 89' lang='lat' dir='ltr'><strong>lit</strong></span> <span class='ocrx_word' id='word_1_127' title='bbox 96 1977 146 2033; x_wconf 91' lang='lat' dir='ltr'><strong>per</strong></span> <span class='ocrx_word' id='word_1_128' title='bbox 163 1961 240 2033; x_wconf 90' lang='lat' dir='ltr'><strong>ipsos</strong></span> <span class='ocrx_word' id='word_1_129' title='bbox 260 1960 451 2017; x_wconf 83' lang='lat' dir='ltr'><strong>internuntios</strong></span> <span class='ocrx_word' id='word_1_130' title='bbox 466 1978 473 2015; x_wconf 77' lang='lat' dir='ltr'><em>z</em></span> <span class='ocrx_word' id='word_1_131' title='bbox 490 1963 549 2033; x_wconf 78' lang='lat' dir='ltr'><strong>Dpo</strong></span> <span class='ocrx_word' id='word_1_132' title='bbox 574 1976 620 2014; x_wconf 87' lang='lat' dir='ltr'><strong>ue-</strong></span> 
     </span>
     <span class='ocr_line' id='line_1_25' title="bbox 51 2031 620 2100; baseline 0.002 -15"><span class='ocrx_word' id='word_1_133' title='bbox 51 2035 119 2097; x_wconf 78' lang='lat' dir='ltr'><strong>tiam,</strong></span> <span class='ocrx_word' id='word_1_134' title='bbox 141 2049 206 2089; x_wconf 92' lang='lat' dir='ltr'><strong>ecce</strong></span> <span class='ocrx_word' id='word_1_135' title='bbox 221 2031 385 2100; x_wconf 83' lang='lat' dir='ltr'><strong>humilitas3</strong></span> <span class='ocrx_word' id='word_1_136' title='bbox 400 2037 426 2087; x_wconf 93' lang='lat' dir='ltr'><strong>et</strong></span> <span class='ocrx_word' id='word_1_137' title='bbox 436 2031 536 2087; x_wconf 86' lang='lat' dir='ltr'><strong>curabo</strong></span> <span class='ocrx_word' id='word_1_138' title='bbox 549 2047 620 2096; x_wconf 85' lang='lat' dir='ltr'><strong>eum,</strong></span> 
     </span>
     <span class='ocr_line' id='line_1_26' title="bbox 51 2101 621 2176; baseline -0.002 -16"><span class='ocrx_word' id='word_1_139' title='bbox 51 2118 100 2160; x_wconf 79' lang='lat' dir='ltr'><strong>cce</strong></span> <span class='ocrx_word' id='word_1_140' title='bbox 117 2104 216 2174; x_wconf 89' lang='lat' dir='ltr'><strong>pietas.</strong></span> <span class='ocrx_word' id='word_1_141' title='bbox 230 2102 315 2160; x_wconf 86' lang='lat' dir='ltr'><strong>Venit</strong></span> <span class='ocrx_word' id='word_1_142' title='bbox 328 2108 424 2160; x_wconf 86' lang='lat' dir='ltr'><strong>autem</strong></span> <span class='ocrx_word' id='word_1_143' title='bbox 438 2101 566 2176; x_wconf 87' lang='lat' dir='ltr'><strong>potentia</strong></span> <span class='ocrx_word' id='word_1_144' title='bbox 578 2119 621 2159; x_wconf 92' lang='lat' dir='ltr'><strong>sa·</strong></span> 
     </span>
     <span class='ocr_line' id='line_1_27' title="bbox 51 2173 622 2246; baseline -0.005 -14"><span class='ocrx_word' id='word_1_145' title='bbox 51 2176 132 2245; x_wconf 83' lang='lat' dir='ltr'><strong>tandi,</strong></span> <span class='ocrx_word' id='word_1_146' title='bbox 149 2192 207 2231; x_wconf 95' lang='lat' dir='ltr'><strong>non</strong></span> <span class='ocrx_word' id='word_1_147' title='bbox 221 2174 375 2246; x_wconf 72' lang='lat' dir='ltr'><strong>praesentia</strong></span> <span class='ocrx_word' id='word_1_148' title='bbox 385 2173 526 2246; x_wconf 88' lang='lat' dir='ltr'><strong>corporali</strong></span> <span class='ocrx_word' id='word_1_149' title='bbox 542 2175 622 2229; x_wconf 86' lang='lat' dir='ltr'><strong>:ibat</strong></span> 
     </span>
     <span class='ocr_line' id='line_1_28' title="bbox 51 2245 621 2303; baseline -0.005 0"><span class='ocrx_word' id='word_1_150' title='bbox 51 2253 126 2303; x_wconf 75' lang='lat' dir='ltr'><strong>uatem</strong></span> <span class='ocrx_word' id='word_1_151' title='bbox 148 2251 212 2302; x_wconf 79' lang='lat' dir='ltr'><strong>lesu</strong></span> <span class='ocrx_word' id='word_1_152' title='bbox 237 2263 297 2303; x_wconf 87' lang='lat' dir='ltr'><strong>cum</strong></span> <span class='ocrx_word' id='word_1_153' title='bbox 314 2248 383 2301; x_wconf 86' lang='lat' dir='ltr'><strong>iltis.</strong></span> <span class='ocrx_word' id='word_1_154' title='bbox 403 2245 528 2303; x_wconf 79' lang='lat' dir='ltr'><strong>hiterius</strong></span> <span class='ocrx_word' id='word_1_155' title='bbox 545 2245 621 2301; x_wconf 94' lang='lat' dir='ltr'><strong>modi</strong></span> 
     </span>
     <span class='ocr_line' id='line_1_29' title="bbox 51 2317 622 2389; baseline -0.004 -14"><span class='ocrx_word' id='word_1_156' title='bbox 51 2324 88 2375; x_wconf 88' lang='lat' dir='ltr'><strong>ste</strong></span> <span class='ocrx_word' id='word_1_157' title='bbox 105 2318 242 2385; x_wconf 89' lang='lat' dir='ltr'><strong>medicus,</strong></span> <span class='ocrx_word' id='word_1_158' title='bbox 258 2333 342 2389; x_wconf 88' lang='lat' dir='ltr'><strong>quam</strong></span> <span class='ocrx_word' id='word_1_159' title='bbox 366 2322 431 2373; x_wconf 91' lang='lat' dir='ltr'><strong>sunt</strong></span> <span class='ocrx_word' id='word_1_160' title='bbox 447 2317 487 2374; x_wconf 93' lang='lat' dir='ltr'><strong>illi</strong></span> <span class='ocrx_word' id='word_1_161' title='bbox 501 2317 549 2388; x_wconf 90' lang='lat' dir='ltr'><strong>qui</strong></span> <span class='ocrx_word' id='word_1_162' title='bbox 563 2332 622 2373; x_wconf 93' lang='lat' dir='ltr'><strong>non</strong></span> 
     </span>
     <span class='ocr_line' id='line_1_30' title="bbox 51 2388 622 2463; baseline -0.005 -16"><span class='ocrx_word' id='word_1_163' title='bbox 51 2406 186 2463; x_wconf 58' lang='lat' dir='ltr'><strong>euperem</strong></span> <span class='ocrx_word' id='word_1_164' title='bbox 217 2390 267 2445; x_wconf 90' lang='lat' dir='ltr'><strong>sed</strong></span> <span class='ocrx_word' id='word_1_165' title='bbox 296 2388 396 2445; x_wconf 82' lang='lat' dir='ltr'><strong>divites</strong></span> <span class='ocrx_word' id='word_1_166' title='bbox 419 2388 536 2445; x_wconf 86' lang='lat' dir='ltr'><strong>visitare</strong></span> <span class='ocrx_word' id='word_1_167' title='bbox 557 2395 622 2445; x_wconf 92' lang='lat' dir='ltr'><strong>sunt</strong></span> 
     </span>
     <span class='ocr_line' id='line_1_31' title="bbox 53 2461 621 2532; baseline -0.005 -13"><span class='ocrx_word' id='word_1_168' title='bbox 53 2462 137 2519; x_wconf 89' lang='lat' dir='ltr'><strong>arati.</strong></span> <span class='ocrx_word' id='word_1_169' title='bbox 151 2466 197 2532; x_wconf 82' lang='lat' dir='ltr'><strong>Et,</strong></span> <span class='ocrx_word' id='word_1_170' title='bbox 213 2478 273 2517; x_wconf 86' lang='lat' dir='ltr'><strong>curn</strong></span> <span class='ocrx_word' id='word_1_171' title='bbox 284 2461 346 2531; x_wconf 79' lang='lat' dir='ltr'><strong>jum</strong></span> <span class='ocrx_word' id='word_1_172' title='bbox 363 2477 416 2515; x_wconf 87' lang='lat' dir='ltr'><strong>non</strong></span> <span class='ocrx_word' id='word_1_173' title='bbox 439 2462 621 2529; x_wconf 80' lang='lat' dir='ltr'><strong>longeesseta</strong></span> 
     </span>
     <span class='ocr_line' id='line_1_32' title="bbox 51 2531 622 2604; baseline -0.005 -14"><span class='ocrx_word' id='word_1_174' title='bbox 51 2535 125 2599; x_wconf 82' lang='lat' dir='ltr'><strong>bmo,</strong></span> <span class='ocrx_word' id='word_1_175' title='bbox 141 2535 268 2591; x_wconf 80' lang='lat' dir='ltr'><strong>Centurio</strong></span> <span class='ocrx_word' id='word_1_176' title='bbox 293 2531 406 2604; x_wconf 90' lang='lat' dir='ltr'><strong>plenius</strong></span> <span class='ocrx_word' id='word_1_177' title='bbox 428 2532 568 2604; x_wconf 87' lang='lat' dir='ltr'><strong>cogitans,</strong></span> <span class='ocrx_word' id='word_1_178' title='bbox 594 2537 622 2587; x_wconf 91' lang='lat' dir='ltr'><strong>et</strong></span> 
     </span>
     <span class='ocr_line' id='line_1_33' title="bbox 51 2603 621 2670; baseline -0.002 -10"><span class='ocrx_word' id='word_1_179' title='bbox 51 2621 86 2661; x_wconf 87' lang='lat' dir='ltr'><strong>er</strong></span> <span class='ocrx_word' id='word_1_180' title='bbox 104 2611 200 2661; x_wconf 89' lang='lat' dir='ltr'><strong>actum</strong></span> <span class='ocrx_word' id='word_1_181' title='bbox 228 2603 306 2670; x_wconf 83' lang='lat' dir='ltr'><strong>fidei,</strong></span> <span class='ocrx_word' id='word_1_182' title='bbox 332 2620 362 2659; x_wconf 91' lang='lat' dir='ltr'><strong>se</strong></span> <span class='ocrx_word' id='word_1_183' title='bbox 389 2609 559 2660; x_wconf 85' lang='lat' dir='ltr'><strong>convertens</strong></span> <span class='ocrx_word' id='word_1_184' title='bbox 584 2603 621 2659; x_wconf 89' lang='lat' dir='ltr'><strong>ad</strong></span> 
     </span>
     <span class='ocr_line' id='line_1_34' title="bbox 51 2674 619 2746; baseline -0.005 -13"><span class='ocrx_word' id='word_1_185' title='bbox 51 2674 138 2733; x_wconf 91' lang='lat' dir='ltr'><strong>hristi</strong></span> <span class='ocrx_word' id='word_1_186' title='bbox 167 2674 351 2731; x_wconf 90' lang='lat' dir='ltr'><strong>eminentiam</strong></span> <span class='ocrx_word' id='word_1_187' title='bbox 379 2679 408 2730; x_wconf 91' lang='lat' dir='ltr'><strong>et</strong></span> <span class='ocrx_word' id='word_1_188' title='bbox 427 2675 619 2746; x_wconf 87' lang='lat' dir='ltr'><strong>majestatem,</strong></span> 
     </span>
     <span class='ocr_line' id='line_1_35' title="bbox 51 2745 622 2817; baseline -0.007 -13"><span class='ocrx_word' id='word_1_189' title='bbox 51 2745 155 2805; x_wconf 76' lang='lat' dir='ltr'><strong>cressit</strong></span> <span class='ocrx_word' id='word_1_190' title='bbox 181 2750 248 2802; x_wconf 90' lang='lat' dir='ltr'><strong>ante</strong></span> <span class='ocrx_word' id='word_1_191' title='bbox 272 2746 394 2802; x_wconf 88' lang='lat' dir='ltr'><strong>reditum</strong></span> <span class='ocrx_word' id='word_1_192' title='bbox 415 2745 554 2815; x_wconf 90' lang='lat' dir='ltr'><strong>aliorum,</strong></span> <span class='ocrx_word' id='word_1_193' title='bbox 570 2761 622 2817; x_wconf 90' lang='lat' dir='ltr'><strong>per</strong></span> 
     </span>
     <span class='ocr_line' id='line_1_36' title="bbox 51 2816 622 2889; baseline -0.005 -15"><span class='ocrx_word' id='word_1_194' title='bbox 51 2821 138 2875; x_wconf 83' lang='lat' dir='ltr'><strong>miros</strong></span> <span class='ocrx_word' id='word_1_195' title='bbox 156 2817 211 2874; x_wconf 92' lang='lat' dir='ltr'><strong>sibi</strong></span> <span class='ocrx_word' id='word_1_196' title='bbox 233 2816 325 2889; x_wconf 85' lang='lat' dir='ltr'><strong>magis</strong></span> <span class='ocrx_word' id='word_1_197' title='bbox 349 2816 531 2886; x_wconf 88' lang='lat' dir='ltr'><strong>domesticos,</strong></span> <span class='ocrx_word' id='word_1_198' title='bbox 550 2832 622 2887; x_wconf 86' lang='lat' dir='ltr'><strong>quos</strong></span> 
     </span>
     <span class='ocr_line' id='line_1_37' title="bbox 51 2886 621 2960; baseline -0.004 -15"><span class='ocrx_word' id='word_1_199' title='bbox 51 2892 111 2946; x_wconf 81' lang='lat' dir='ltr'><strong>risit</strong></span> <span class='ocrx_word' id='word_1_200' title='bbox 129 2889 166 2944; x_wconf 84' lang='lat' dir='ltr'><strong>acl</strong></span> <span class='ocrx_word' id='word_1_201' title='bbox 185 2905 256 2955; x_wconf 87' lang='lat' dir='ltr'><strong>eum,</strong></span> <span class='ocrx_word' id='word_1_202' title='bbox 277 2905 382 2960; x_wconf 87' lang='lat' dir='ltr'><strong>rogans</strong></span> <span class='ocrx_word' id='word_1_203' title='bbox 404 2894 433 2945; x_wconf 93' lang='lat' dir='ltr'><strong>ut</strong></span> <span class='ocrx_word' id='word_1_204' title='bbox 458 2904 516 2944; x_wconf 92' lang='lat' dir='ltr'><strong>non</strong></span> <span class='ocrx_word' id='word_1_205' title='bbox 540 2886 621 2944; x_wconf 80' lang='lat' dir='ltr'><strong>reui-</strong></span> 
     </span>
     <span class='ocr_line' id='line_1_38' title="bbox 51 2961 618 3029; baseline -0.009 -11"><span class='ocrx_word' id='word_1_206' title='bbox 51 2966 89 3029; x_wconf 89' lang='lat' dir='ltr'><strong>et,</strong></span> <span class='ocrx_word' id='word_1_207' title='bbox 117 2961 210 3016; x_wconf 79' lang='lat' dir='ltr'><strong>dicens</strong></span> <span class='ocrx_word' id='word_1_208' title='bbox 231 2977 238 3016; x_wconf 77' lang='grc' dir='ltr'><strong>ι</strong></span> <span class='ocrx_word' id='word_1_209' title='bbox 260 2963 382 3024; x_wconf 82' lang='lat' dir='ltr'><strong>Domine,</strong></span> <span class='ocrx_word' id='word_1_210' title='bbox 412 2962 471 3016; x_wconf 85' lang='lat' dir='ltr'><strong>noli</strong></span> <span class='ocrx_word' id='word_1_211' title='bbox 495 2962 618 3014; x_wconf 76' lang='lat' dir='ltr'><strong>oeaara&#39;:</strong></span> 
     </span>
     <span class='ocr_line' id='line_1_39' title="bbox 51 3029 621 3100; baseline -0.007 -12"><span class='ocrx_word' id='word_1_212' title='bbox 51 3048 88 3088; x_wconf 89' lang='lat' dir='ltr'><strong>on</strong></span> <span class='ocrx_word' id='word_1_213' title='bbox 110 3035 182 3087; x_wconf 84' lang='lat' dir='ltr'><strong>enim</strong></span> <span class='ocrx_word' id='word_1_214' title='bbox 205 3048 265 3087; x_wconf 86' lang='lat' dir='ltr'><strong>sum</strong></span> <span class='ocrx_word' id='word_1_215' title='bbox 282 3033 384 3100; x_wconf 77' lang='lat' dir='ltr'><strong>dignus</strong></span> <span class='ocrx_word' id='word_1_216' title='bbox 403 3040 433 3086; x_wconf 83' lang='lat' dir='ltr'><strong>ut</strong></span> <span class='ocrx_word' id='word_1_217' title='bbox 457 3033 543 3087; x_wconf 84' lang='lat' dir='ltr'><strong>intres</strong></span> <span class='ocrx_word' id='word_1_218' title='bbox 570 3029 621 3085; x_wconf 86' lang='lat' dir='ltr'><strong>sub</strong></span> 
     </span>
     <span class='ocr_line' id='line_1_40' title="bbox 51 3100 619 3173; baseline -0.009 -13"><span class='ocrx_word' id='word_1_219' title='bbox 51 3109 136 3160; x_wconf 79' lang='lat' dir='ltr'><strong>ectum</strong></span> <span class='ocrx_word' id='word_1_220' title='bbox 164 3120 262 3158; x_wconf 85' lang='lat' dir='ltr'><strong>meum.</strong></span> <span class='ocrx_word' id='word_1_221' title='bbox 290 3104 352 3158; x_wconf 78' lang='lat' dir='ltr'><strong>Nou</strong></span> <span class='ocrx_word' id='word_1_222' title='bbox 376 3101 444 3158; x_wconf 92' lang='lat' dir='ltr'><strong>dicit</strong></span> <span class='ocrx_word' id='word_1_223' title='bbox 471 3100 619 3173; x_wconf 87' lang='lat' dir='ltr'><strong>palatium,</strong></span> 
     </span>
     <span class='ocr_line' id='line_1_41' title="bbox 51 3173 618 3245; baseline -0.004 -16"><span class='ocrx_word' id='word_1_224' title='bbox 51 3190 94 3231; x_wconf 91' lang='lat' dir='ltr'><strong>on</strong></span> <span class='ocrx_word' id='word_1_225' title='bbox 122 3173 249 3241; x_wconf 90' lang='lat' dir='ltr'><strong>domum,</strong></span> <span class='ocrx_word' id='word_1_226' title='bbox 275 3173 343 3229; x_wconf 90' lang='lat' dir='ltr'><strong>licet</strong></span> <span class='ocrx_word' id='word_1_227' title='bbox 370 3173 502 3245; x_wconf 88' lang='lat' dir='ltr'><strong>princeps</strong></span> <span class='ocrx_word' id='word_1_228' title='bbox 529 3177 618 3238; x_wconf 86' lang='lat' dir='ltr'><strong>esset;</strong></span> 
     </span>
     <span class='ocr_line' id='line_1_42' title="bbox 51 3243 621 3325; baseline -0.005 -23"><span class='ocrx_word' id='word_1_229' title='bbox 51 3247 86 3303; x_wconf 91' lang='lat' dir='ltr'><strong>ed</strong></span> <span class='ocrx_word' id='word_1_230' title='bbox 112 3250 229 3314; x_wconf 91' lang='lat' dir='ltr'><strong>tectum,</strong></span> <span class='ocrx_word' id='word_1_231' title='bbox 252 3261 311 3317; x_wconf 76' lang='lat' dir='ltr'><strong>prm</strong></span> <span class='ocrx_word' id='word_1_232' title='bbox 336 3244 496 3302; x_wconf 88' lang='lat' dir='ltr'><strong>humilitate</strong></span> <span class='ocrx_word' id='word_1_233' title='bbox 523 3243 568 3300; x_wconf 92' lang='lat' dir='ltr'><strong>sui</strong></span> <span class='ocrx_word' id='word_1_234' title='bbox 593 3248 621 3325; x_wconf 77' lang='lat' dir='ltr'><strong>et</strong></span> 
     </span>
     <span class='ocr_line' id='line_1_43' title="bbox 51 3314 619 3385; baseline -0.007 -11"><span class='ocrx_word' id='word_1_235' title='bbox 51 3316 263 3374; x_wconf 88' lang='lat' dir='ltr'><strong>onsideratiooe</strong></span> <span class='ocrx_word' id='word_1_236' title='bbox 284 3315 490 3385; x_wconf 81' lang='lat' dir='ltr'><strong>magnitudinis</strong></span> <span class='ocrx_word' id='word_1_237' title='bbox 505 3314 619 3373; x_wconf 79' lang='lat' dir='ltr'><strong>Christi.</strong></span> 
     </span>
     <span class='ocr_line' id='line_1_44' title="bbox 51 3386 619 3461; baseline -0.005 -16"><span class='ocrx_word' id='word_1_238' title='bbox 51 3393 157 3461; x_wconf 78' lang='lat' dir='ltr'><strong>&#39;ropter</strong></span> <span class='ocrx_word' id='word_1_239' title='bbox 172 3387 292 3444; x_wconf 85' lang='lat' dir='ltr'><strong>Gentilis</strong></span> <span class='ocrx_word' id='word_1_240' title='bbox 317 3389 382 3445; x_wconf 82' lang='lat' dir='ltr'><strong>ritae</strong></span> <span class='ocrx_word' id='word_1_241' title='bbox 407 3386 619 3456; x_wconf 86' lang='lat' dir='ltr'><strong>conscientiam,</strong></span> 
     </span>
     <span class='ocr_line' id='line_1_45' title="bbox 51 3459 620 3530; baseline -0.005 -14"><span class='ocrx_word' id='word_1_242' title='bbox 51 3459 156 3517; x_wconf 82' lang='lat' dir='ltr'><strong>lmebat</strong></span> <span class='ocrx_word' id='word_1_243' title='bbox 183 3459 330 3517; x_wconf 88' lang='lat' dir='ltr'><strong>otlendere</strong></span> <span class='ocrx_word' id='word_1_244' title='bbox 358 3459 512 3529; x_wconf 85' lang='lat' dir='ltr'><strong>Christum,</strong></span> <span class='ocrx_word' id='word_1_245' title='bbox 536 3474 620 3530; x_wconf 86' lang='lat' dir='ltr'><strong>quem</strong></span> 
     </span>
     <span class='ocr_line' id='line_1_46' title="bbox 51 3530 622 3603; baseline -0.004 -15"><span class='ocrx_word' id='word_1_246' title='bbox 51 3533 173 3588; x_wconf 84' lang='lat' dir='ltr'><strong>radebat</strong></span> <span class='ocrx_word' id='word_1_247' title='bbox 186 3533 287 3599; x_wconf 91' lang='lat' dir='ltr'><strong>Deum,</strong></span> <span class='ocrx_word' id='word_1_248' title='bbox 303 3530 327 3586; x_wconf 94' lang='lat' dir='ltr'><strong>si</strong></span> <span class='ocrx_word' id='word_1_249' title='bbox 342 3530 482 3603; x_wconf 83' lang='lat' dir='ltr'><strong>corporali</strong></span> <span class='ocrx_word' id='word_1_250' title='bbox 498 3545 622 3602; x_wconf 77' lang='lat' dir='ltr'><strong>praesen-</strong></span> 
     </span>
     <span class='ocr_line' id='line_1_47' title="bbox 51 3601 622 3670; baseline -0.007 -11"><span class='ocrx_word' id='word_1_251' title='bbox 51 3602 75 3660; x_wconf 82' lang='lat' dir='ltr'><strong>ta</strong></span> <span class='ocrx_word' id='word_1_252' title='bbox 93 3602 215 3659; x_wconf 86' lang='lat' dir='ltr'><strong>intraret</strong></span> <span class='ocrx_word' id='word_1_253' title='bbox 240 3603 276 3659; x_wconf 86' lang='lat' dir='ltr'><strong>ad</strong></span> <span class='ocrx_word' id='word_1_254' title='bbox 292 3618 366 3658; x_wconf 93' lang='lat' dir='ltr'><strong>eum.</strong></span> <span class='ocrx_word' id='word_1_255' title='bbox 384 3603 449 3670; x_wconf 85' lang='lat' dir='ltr'><strong>Sed,</strong></span> <span class='ocrx_word' id='word_1_256' title='bbox 468 3601 622 3658; x_wconf 90' lang='lat' dir='ltr'><strong>secundum</strong></span> 
     </span>
     <span class='ocr_line' id='line_1_48' title="bbox 51 3672 621 3744; baseline -0.007 -13"><span class='ocrx_word' id='word_1_257' title='bbox 51 3676 237 3743; x_wconf 77' lang='lat' dir='ltr'><strong>lupustinum,</strong></span> <span class='ocrx_word' id='word_1_258' title='bbox 257 3673 377 3730; x_wconf 88' lang='lat' dir='ltr'><strong>dicendo</strong></span> <span class='ocrx_word' id='word_1_259' title='bbox 405 3689 434 3729; x_wconf 93' lang='lat' dir='ltr'><strong>se</strong></span> <span class='ocrx_word' id='word_1_260' title='bbox 461 3672 621 3744; x_wconf 89' lang='lat' dir='ltr'><strong>indignum,</strong></span> 
     </span>
     <span class='ocr_line' id='line_1_49' title="bbox 51 3743 623 3827; baseline -0.005 -26"><span class='ocrx_word' id='word_1_261' title='bbox 51 3744 168 3802; x_wconf 81' lang='lat' dir='ltr'><strong>raestitit</strong></span> <span class='ocrx_word' id='word_1_262' title='bbox 183 3761 214 3801; x_wconf 88' lang='lat' dir='ltr'><strong>se</strong></span> <span class='ocrx_word' id='word_1_263' title='bbox 231 3744 360 3827; x_wconf 83' lang='lat' dir='ltr'><strong>dignum,</strong></span> <span class='ocrx_word' id='word_1_264' title='bbox 376 3761 434 3800; x_wconf 94' lang='lat' dir='ltr'><strong>non</strong></span> <span class='ocrx_word' id='word_1_265' title='bbox 451 3743 529 3800; x_wconf 89' lang='lat' dir='ltr'><strong>iutra</strong></span> <span class='ocrx_word' id='word_1_266' title='bbox 542 3744 623 3815; x_wconf 71' lang='lat' dir='ltr'><strong>cujus</strong></span> 
     </span>
     <span class='ocr_line' id='line_1_50' title="bbox 53 3814 622 3888; baseline -0.009 -14"><span class='ocrx_word' id='word_1_267' title='bbox 53 3816 170 3885; x_wconf 89' lang='lat' dir='ltr'><strong>arietes,</strong></span> <span class='ocrx_word' id='word_1_268' title='bbox 187 3816 237 3872; x_wconf 91' lang='lat' dir='ltr'><strong>sed</strong></span> <span class='ocrx_word' id='word_1_269' title='bbox 262 3834 291 3872; x_wconf 87' lang='lat' dir='ltr'><strong>rn</strong></span> <span class='ocrx_word' id='word_1_270' title='bbox 315 3818 396 3888; x_wconf 85' lang='lat' dir='ltr'><strong>cujus</strong></span> <span class='ocrx_word' id='word_1_271' title='bbox 422 3831 472 3871; x_wconf 90' lang='lat' dir='ltr'><strong>cor</strong></span> <span class='ocrx_word' id='word_1_272' title='bbox 495 3814 622 3873; x_wconf 91' lang='lat' dir='ltr'><strong>Christus</strong></span> 
     </span>
     <span class='ocr_line' id='line_1_51' title="bbox 51 3887 621 3956; baseline -0.005 -12"><span class='ocrx_word' id='word_1_273' title='bbox 51 3892 167 3944; x_wconf 84' lang='lat' dir='ltr'><strong>ntraret.</strong></span> <span class='ocrx_word' id='word_1_274' title='bbox 197 3888 277 3944; x_wconf 91' lang='lat' dir='ltr'><strong>Unde</strong></span> <span class='ocrx_word' id='word_1_275' title='bbox 311 3887 351 3944; x_wconf 89' lang='lat' dir='ltr'><strong>ait</strong></span> <span class='ocrx_word' id='word_1_276' title='bbox 380 3888 585 3956; x_wconf 75' lang='lat' dir='ltr'><strong>chrysostomus</strong></span> <span class='ocrx_word' id='word_1_277' title='bbox 613 3902 621 3941; x_wconf 72' lang='grc' dir='ltr'>ε</span> 
     </span>
     <span class='ocr_line' id='line_1_52' title="bbox 62 3955 622 4030; baseline -0.005 -15"><span class='ocrx_word' id='word_1_278' title='bbox 62 3959 137 4027; x_wconf 86' lang='lat' dir='ltr'><strong>Quia</strong></span> <span class='ocrx_word' id='word_1_279' title='bbox 151 3958 301 4028; x_wconf 89' lang='lat' dir='ltr'><strong>indignum</strong></span> <span class='ocrx_word' id='word_1_280' title='bbox 320 3974 350 4014; x_wconf 89' lang='lat' dir='ltr'><strong>se</strong></span> <span class='ocrx_word' id='word_1_281' title='bbox 365 3957 431 4013; x_wconf 87' lang='lat' dir='ltr'><strong>lecit</strong></span> <span class='ocrx_word' id='word_1_282' title='bbox 450 3955 622 4030; x_wconf 90' lang='lat' dir='ltr'><strong>suscipiendi</strong></span> 
     </span>
     <span class='ocr_line' id='line_1_53' title="bbox 51 4028 625 4101; baseline -0.005 -15"><span class='ocrx_word' id='word_1_283' title='bbox 51 4029 181 4086; x_wconf 83' lang='lat' dir='ltr'><strong>hristum</strong></span> <span class='ocrx_word' id='word_1_284' title='bbox 198 4028 228 4084; x_wconf 91' lang='lat' dir='ltr'><strong>in</strong></span> <span class='ocrx_word' id='word_1_285' title='bbox 242 4030 339 4098; x_wconf 94' lang='lat' dir='ltr'><strong>domo,</strong></span> <span class='ocrx_word' id='word_1_286' title='bbox 359 4028 462 4101; x_wconf 85' lang='lat' dir='ltr'><strong>diguus</strong></span> <span class='ocrx_word' id='word_1_287' title='bbox 476 4029 567 4085; x_wconf 86' lang='lat' dir='ltr'><strong>lactus</strong></span> <span class='ocrx_word' id='word_1_288' title='bbox 580 4031 625 4084; x_wconf 89' lang='lat' dir='ltr'><strong>est</strong></span> 
     </span>
     <span class='ocr_line' id='line_1_54' title="bbox 51 4090 623 4230; baseline -0.002 -75"><span class='ocrx_word' id='word_1_289' title='bbox 51 4090 160 4230; x_wconf 43' lang='lat' dir='ltr'><strong>aa.»</strong></span> <span class='ocrx_word' id='word_1_290' title='bbox 176 4103 211 4157; x_wconf 88' lang='lat' dir='ltr'><strong>Et</strong></span> <span class='ocrx_word' id='word_1_291' title='bbox 227 4101 263 4156; x_wconf 90' lang='lat' dir='ltr'><strong>ad</strong></span> <span class='ocrx_word' id='word_1_292' title='bbox 282 4102 422 4173; x_wconf 85' lang='lat' dir='ltr'><strong>majorem</strong></span> <span class='ocrx_word' id='word_1_293' title='bbox 442 4099 486 4158; x_wconf 93' lang='lat' dir='ltr'><strong>sui</strong></span> <span class='ocrx_word' id='word_1_294' title='bbox 507 4099 623 4157; x_wconf 89' lang='lat' dir='ltr'><strong>humili-</strong></span> 
     </span>
    </p>

    <p class='ocr_par' dir='ltr' id='par_1_3' title="bbox 116 4171 625 4244">
     <span class='ocr_line' id='line_1_55' title="bbox 116 4171 625 4244; baseline -0.004 -16"><span class='ocrx_word' id='word_1_295' title='bbox 116 4187 162 4228; x_wconf 88' lang='lat' dir='ltr'><strong>em</strong></span> <span class='ocrx_word' id='word_1_296' title='bbox 190 4171 316 4244; x_wconf 89' lang='lat' dir='ltr'><strong>adjecit,</strong></span> <span class='ocrx_word' id='word_1_297' title='bbox 352 4171 480 4228; x_wconf 86' lang='lat' dir='ltr'><strong>diceus:</strong></span> <span class='ocrx_word' id='word_1_298' title='bbox 510 4175 625 4243; x_wconf 83' lang='lat' dir='ltr'><strong>Propter</strong></span> 
     </span>
    </p>
   </div>
   <div class='ocr_carea' id='block_1_3' title="bbox 51 4243 626 4315">
    <p class='ocr_par' dir='ltr' id='par_1_4' title="bbox 51 4243 626 4315">
     <span class='ocr_line' id='line_1_56' title="bbox 51 4243 626 4315; baseline -0.002 -15"><span class='ocrx_word' id='word_1_299' title='bbox 51 4244 111 4300; x_wconf 84' lang='lat' dir='ltr'><strong>uod</strong></span> <span class='ocrx_word' id='word_1_300' title='bbox 130 4249 156 4299; x_wconf 92' lang='lat' dir='ltr'><strong>et</strong></span> <span class='ocrx_word' id='word_1_301' title='bbox 186 4260 227 4300; x_wconf 87' lang='lat' dir='ltr'><strong>me</strong></span> <span class='ocrx_word' id='word_1_302' title='bbox 247 4247 337 4315; x_wconf 83' lang='lat' dir='ltr'><strong>ipsura</strong></span> <span class='ocrx_word' id='word_1_303' title='bbox 354 4260 407 4301; x_wconf 85' lang='lat' dir='ltr'><strong>nou</strong></span> <span class='ocrx_word' id='word_1_304' title='bbox 431 4243 626 4313; x_wconf 72' lang='lat' dir='ltr'><strong>camelianum</strong></span> 
     </span>
    </p>
   </div>
   <div class='ocr_carea' id='block_1_4' title="bbox 676 391 1263 4317">
    <p class='ocr_par' dir='ltr' id='par_1_5' title="bbox 677 391 1263 2164">
     <span class='ocr_line' id='line_1_57' title="bbox 677 391 1260 459; baseline 0.012 -13"><span class='ocrx_word' id='word_1_305' title='bbox 677 391 841 457; x_wconf 84' lang='lat' dir='ltr'><strong>arbitratus,</strong></span> <span class='ocrx_word' id='word_1_306' title='bbox 857 397 888 449; x_wconf 86' lang='lat' dir='ltr'><strong>ut</strong></span> <span class='ocrx_word' id='word_1_307' title='bbox 897 396 1017 449; x_wconf 83' lang='lat' dir='ltr'><strong>uenirem</strong></span> <span class='ocrx_word' id='word_1_308' title='bbox 1027 393 1065 448; x_wconf 82' lang='lat' dir='ltr'><strong>ad</strong></span> <span class='ocrx_word' id='word_1_309' title='bbox 1077 399 1112 459; x_wconf 86' lang='lat' dir='ltr'><strong>te,</strong></span> <span class='ocrx_word' id='word_1_310' title='bbox 1128 400 1156 452; x_wconf 91' lang='lat' dir='ltr'><strong>et</strong></span> <span class='ocrx_word' id='word_1_311' title='bbox 1170 394 1260 453; x_wconf 93' lang='lat' dir='ltr'><strong>inter·</strong></span> 
     </span>
     <span class='ocr_line' id='line_1_58' title="bbox 677 463 1260 536; baseline 0.009 -18"><span class='ocrx_word' id='word_1_312' title='bbox 677 463 791 520; x_wconf 90' lang='lat' dir='ltr'><strong>nuntios</strong></span> <span class='ocrx_word' id='word_1_313' title='bbox 806 463 924 521; x_wconf 91' lang='lat' dir='ltr'><strong>submisi</strong></span> <span class='ocrx_word' id='word_1_314' title='bbox 940 480 992 536; x_wconf 94' lang='lat' dir='ltr'><strong>pro</strong></span> <span class='ocrx_word' id='word_1_315' title='bbox 1007 480 1062 521; x_wconf 81' lang='lat' dir='ltr'><strong>nte.</strong></span> <span class='ocrx_word' id='word_1_316' title='bbox 1075 467 1130 522; x_wconf 83' lang='lat' dir='ltr'><strong>Sed</strong></span> <span class='ocrx_word' id='word_1_317' title='bbox 1141 472 1260 534; x_wconf 85' lang='lat' dir='ltr'><strong>tantum,</strong></span> 
     </span>
     <span class='ocr_line' id='line_1_59' title="bbox 677 533 1260 607; baseline 0.005 -17"><span class='ocrx_word' id='word_1_318' title='bbox 677 533 739 591; x_wconf 89' lang='lat' dir='ltr'><strong>sine</strong></span> <span class='ocrx_word' id='word_1_319' title='bbox 760 535 914 606; x_wconf 79' lang='lat' dir='ltr'><strong>prasentia</strong></span> <span class='ocrx_word' id='word_1_320' title='bbox 938 536 1090 607; x_wconf 86' lang='lat' dir='ltr'><strong>corporali,</strong></span> <span class='ocrx_word' id='word_1_321' title='bbox 1108 538 1154 593; x_wconf 85' lang='lat' dir='ltr'><strong>dic</strong></span> <span class='ocrx_word' id='word_1_322' title='bbox 1168 537 1260 603; x_wconf 87' lang='lat' dir='ltr'><strong>uerbo,</strong></span> 
     </span>
     <span class='ocr_line' id='line_1_60' title="bbox 677 607 1263 681; baseline 0.007 -19"><span class='ocrx_word' id='word_1_323' title='bbox 677 621 728 677; x_wconf 90' lang='lat' dir='ltr'><strong>per</strong></span> <span class='ocrx_word' id='word_1_324' title='bbox 741 607 817 677; x_wconf 80' lang='lat' dir='ltr'><strong>quod</strong></span> <span class='ocrx_word' id='word_1_325' title='bbox 837 607 934 664; x_wconf 90' lang='lat' dir='ltr'><strong>omnia</strong></span> <span class='ocrx_word' id='word_1_326' title='bbox 958 614 1102 676; x_wconf 85' lang='lat' dir='ltr'><strong>creantur,</strong></span> <span class='ocrx_word' id='word_1_327' title='bbox 1122 614 1263 681; x_wconf 89' lang='lat' dir='ltr'><strong>reguntur</strong></span> 
     </span>
     <span class='ocr_line' id='line_1_61' title="bbox 677 680 1263 751; baseline 0.007 -18"><span class='ocrx_word' id='word_1_328' title='bbox 677 681 706 733; x_wconf 93' lang='lat' dir='ltr'><strong>et</strong></span> <span class='ocrx_word' id='word_1_329' title='bbox 731 683 880 748; x_wconf 88' lang='lat' dir='ltr'><strong>sanantur,</strong></span> <span class='ocrx_word' id='word_1_330' title='bbox 901 684 927 734; x_wconf 89' lang='lat' dir='ltr'><strong>et</strong></span> <span class='ocrx_word' id='word_1_331' title='bbox 954 680 1101 735; x_wconf 82' lang='lat' dir='ltr'><strong>sanabitur</strong></span> <span class='ocrx_word' id='word_1_332' title='bbox 1131 697 1210 751; x_wconf 86' lang='lat' dir='ltr'><strong>puer,</strong></span> <span class='ocrx_word' id='word_1_333' title='bbox 1232 686 1263 738; x_wconf 88' lang='lat' dir='ltr'><strong>et</strong></span> 
     </span>
     <span class='ocr_line' id='line_1_62' title="bbox 677 751 1260 822; baseline 0.005 -18"><span class='ocrx_word' id='word_1_334' title='bbox 677 764 775 805; x_wconf 87' lang='lat' dir='ltr'><strong>servus</strong></span> <span class='ocrx_word' id='word_1_335' title='bbox 793 752 984 820; x_wconf 82' lang='lat' dir='ltr'><strong>meus....lpse</strong></span> <span class='ocrx_word' id='word_1_336' title='bbox 995 751 1165 822; x_wconf 81' lang='lat' dir='ltr'><strong>enimdioit,</strong></span> <span class='ocrx_word' id='word_1_337' title='bbox 1180 752 1260 820; x_wconf 77' lang='lat' dir='ltr'><strong>etfa-</strong></span> 
     </span>
     <span class='ocr_line' id='line_1_63' title="bbox 677 819 1261 894; baseline 0.009 -19"><span class='ocrx_word' id='word_1_338' title='bbox 677 824 721 876; x_wconf 90' lang='lat' dir='ltr'><strong>cta</strong></span> <span class='ocrx_word' id='word_1_339' title='bbox 734 825 809 875; x_wconf 83' lang='lat' dir='ltr'><strong>sunt.</strong></span> <span class='ocrx_word' id='word_1_340' title='bbox 826 819 878 876; x_wconf 92' lang='lat' dir='ltr'><strong>Ubi</strong></span> <span class='ocrx_word' id='word_1_341' title='bbox 899 819 938 876; x_wconf 90' lang='lat' dir='ltr'><strong>sie</strong></span> <span class='ocrx_word' id='word_1_342' title='bbox 956 820 997 877; x_wconf 90' lang='lat' dir='ltr'><strong>ait</strong></span> <span class='ocrx_word' id='word_1_343' title='bbox 1012 823 1086 877; x_wconf 87' lang='lat' dir='ltr'><strong>Beda</strong></span> <span class='ocrx_word' id='word_1_344' title='bbox 1101 840 1107 877; x_wconf 89' lang='lat'>:</span> <span class='ocrx_word' id='word_1_345' title='bbox 1123 843 1137 873; x_wconf 81' lang='lat' dir='ltr'><strong>a</strong></span> <span class='ocrx_word' id='word_1_346' title='bbox 1160 824 1261 894; x_wconf 83' lang='lat' dir='ltr'><strong>Magna</strong></span> 
     </span>
     <span class='ocr_line' id='line_1_64' title="bbox 677 890 1261 962; baseline 0.005 -14"><span class='ocrx_word' id='word_1_347' title='bbox 677 895 721 948; x_wconf 90' lang='lat' dir='ltr'><strong>est</strong></span> <span class='ocrx_word' id='word_1_348' title='bbox 739 890 821 959; x_wconf 88' lang='lat' dir='ltr'><strong>tides,</strong></span> <span class='ocrx_word' id='word_1_349' title='bbox 837 906 900 962; x_wconf 80' lang='lat' dir='ltr'><strong>quae</strong></span> <span class='ocrx_word' id='word_1_350' title='bbox 915 891 1010 948; x_wconf 88' lang='lat' dir='ltr'><strong>dicere</strong></span> <span class='ocrx_word' id='word_1_351' title='bbox 1030 894 1121 949; x_wconf 88' lang='lat' dir='ltr'><strong>eredit</strong></span> <span class='ocrx_word' id='word_1_352' title='bbox 1141 910 1204 951; x_wconf 89' lang='lat' dir='ltr'><strong>esse</strong></span> <span class='ocrx_word' id='word_1_353' title='bbox 1218 894 1261 951; x_wconf 88' lang='lat' dir='ltr'><strong>la·</strong></span> 
     </span>
     <span class='ocr_line' id='line_1_65' title="bbox 677 962 1261 1023; baseline 0.009 -5"><span class='ocrx_word' id='word_1_354' title='bbox 677 978 752 1021; x_wconf 91' lang='lat' dir='ltr'><strong>cere.</strong></span> <span class='ocrx_word' id='word_1_355' title='bbox 771 983 786 1013; x_wconf 83' lang='lat' dir='ltr'><strong>u</strong></span> <span class='ocrx_word' id='word_1_356' title='bbox 814 962 866 1020; x_wconf 92' lang='lat' dir='ltr'><strong>Ubi</strong></span> <span class='ocrx_word' id='word_1_357' title='bbox 890 967 919 1019; x_wconf 95' lang='lat' dir='ltr'><strong>et</strong></span> <span class='ocrx_word' id='word_1_358' title='bbox 936 966 1033 1020; x_wconf 85' lang='lat' dir='ltr'><strong>Petrus</strong></span> <span class='ocrx_word' id='word_1_359' title='bbox 1053 968 1154 1021; x_wconf 83' lang='lat' dir='ltr'><strong>Cantor</strong></span> <span class='ocrx_word' id='word_1_360' title='bbox 1182 964 1261 1023; x_wconf 87' lang='lat' dir='ltr'><strong>Pari·</strong></span> 
     </span>
     <span class='ocr_line' id='line_1_66' title="bbox 678 1033 1262 1105; baseline 0.009 -15"><span class='ocrx_word' id='word_1_361' title='bbox 678 1033 804 1090; x_wconf 86' lang='lat' dir='ltr'><strong>siensis:</strong></span> <span class='ocrx_word' id='word_1_362' title='bbox 828 1054 841 1087; x_wconf 80' lang='lat' dir='ltr'><strong>a</strong></span> <span class='ocrx_word' id='word_1_363' title='bbox 862 1033 933 1090; x_wconf 86' lang='lat' dir='ltr'><strong>ilinc</strong></span> <span class='ocrx_word' id='word_1_364' title='bbox 960 1050 1048 1105; x_wconf 82' lang='lat' dir='ltr'><strong>argue</strong></span> <span class='ocrx_word' id='word_1_365' title='bbox 1073 1036 1174 1094; x_wconf 90' lang='lat' dir='ltr'><strong>melius</strong></span> <span class='ocrx_word' id='word_1_366' title='bbox 1199 1053 1262 1095; x_wconf 90' lang='lat' dir='ltr'><strong>esse</strong></span> 
     </span>
     <span class='ocr_line' id='line_1_67' title="bbox 677 1104 1261 1179; baseline 0.009 -18"><span class='ocrx_word' id='word_1_367' title='bbox 677 1104 822 1162; x_wconf 90' lang='lat' dir='ltr'><strong>abstinere</strong></span> <span class='ocrx_word' id='word_1_368' title='bbox 844 1105 881 1162; x_wconf 86' lang='lat' dir='ltr'><strong>ab</strong></span> <span class='ocrx_word' id='word_1_369' title='bbox 902 1105 1049 1173; x_wconf 89' lang='lat' dir='ltr'><strong>Ordine,a</strong></span> <span class='ocrx_word' id='word_1_370' title='bbox 1072 1107 1261 1179; x_wconf 82' lang='lat' dir='ltr'><strong>coniectione,</strong></span> 
     </span>
     <span class='ocr_line' id='line_1_68' title="bbox 678 1175 1261 1251; baseline 0.009 -20"><span class='ocrx_word' id='word_1_371' title='bbox 678 1176 721 1233; x_wconf 83' lang='lat' dir='ltr'><strong>vel</strong></span> <span class='ocrx_word' id='word_1_372' title='bbox 737 1175 898 1249; x_wconf 85' lang='lat' dir='ltr'><strong>sumptione</strong></span> <span class='ocrx_word' id='word_1_373' title='bbox 914 1177 1111 1246; x_wconf 76' lang='lat' dir='ltr'><strong>Eucharistiae,</strong></span> <span class='ocrx_word' id='word_1_374' title='bbox 1128 1178 1181 1235; x_wconf 92' lang='lat' dir='ltr'><strong>nisi</strong></span> <span class='ocrx_word' id='word_1_375' title='bbox 1197 1180 1261 1251; x_wconf 93' lang='lat' dir='ltr'><strong>plu·</strong></span> 
     </span>
     <span class='ocr_line' id='line_1_69' title="bbox 677 1247 1260 1307; baseline 0.005 -3"><span class='ocrx_word' id='word_1_376' title='bbox 677 1247 782 1305; x_wconf 93' lang='lat' dir='ltr'><strong>rimum</strong></span> <span class='ocrx_word' id='word_1_377' title='bbox 797 1247 833 1304; x_wconf 92' lang='lat' dir='ltr'><strong>ad</strong></span> <span class='ocrx_word' id='word_1_378' title='bbox 850 1248 904 1304; x_wconf 91' lang='lat' dir='ltr'><strong>hoc</strong></span> <span class='ocrx_word' id='word_1_379' title='bbox 920 1247 964 1304; x_wconf 89' lang='lat' dir='ltr'><strong>vel</strong></span> <span class='ocrx_word' id='word_1_380' title='bbox 981 1248 1052 1304; x_wconf 90' lang='lat' dir='ltr'><strong>illud</strong></span> <span class='ocrx_word' id='word_1_381' title='bbox 1075 1249 1260 1307; x_wconf 87' lang='lat' dir='ltr'><strong>accedentem</strong></span> 
     </span>
     <span class='ocr_line' id='line_1_70' title="bbox 678 1319 1261 1391; baseline 0.002 -15"><span class='ocrx_word' id='word_1_382' title='bbox 678 1319 820 1376; x_wconf 81' lang='lat' dir='ltr'><strong>confortet</strong></span> <span class='ocrx_word' id='word_1_383' title='bbox 845 1319 922 1375; x_wconf 94' lang='lat' dir='ltr'><strong>bona</strong></span> <span class='ocrx_word' id='word_1_384' title='bbox 953 1319 1144 1389; x_wconf 79' lang='lat' dir='ltr'><strong>conscientia3</strong></span> <span class='ocrx_word' id='word_1_385' title='bbox 1175 1335 1261 1391; x_wconf 88' lang='lat' dir='ltr'><strong>quam</strong></span> 
     </span>
     <span class='ocr_line' id='line_1_71' title="bbox 679 1389 1261 1460; baseline 0.005 -14"><span class='ocrx_word' id='word_1_386' title='bbox 679 1389 816 1460; x_wconf 88' lang='lat' dir='ltr'><strong>ordinari,</strong></span> <span class='ocrx_word' id='word_1_387' title='bbox 845 1390 890 1446; x_wconf 81' lang='lat' dir='ltr'><strong>ret</strong></span> <span class='ocrx_word' id='word_1_388' title='bbox 910 1391 1061 1459; x_wconf 87' lang='lat' dir='ltr'><strong>conticere,</strong></span> <span class='ocrx_word' id='word_1_389' title='bbox 1082 1391 1126 1447; x_wconf 82' lang='lat' dir='ltr'><strong>vel</strong></span> <span class='ocrx_word' id='word_1_390' title='bbox 1148 1407 1261 1449; x_wconf 87' lang='lat' dir='ltr'><strong>sumere</strong></span> 
     </span>
     <span class='ocr_line' id='line_1_72' title="bbox 679 1461 1263 1534; baseline 0.003 -16"><span class='ocrx_word' id='word_1_391' title='bbox 679 1478 742 1518; x_wconf 93' lang='lat' dir='ltr'><strong>cum</strong></span> <span class='ocrx_word' id='word_1_392' title='bbox 756 1461 938 1530; x_wconf 87' lang='lat' dir='ltr'><strong>conscientia,</strong></span> <span class='ocrx_word' id='word_1_393' title='bbox 954 1478 1010 1518; x_wconf 96' lang='lat' dir='ltr'><strong>non</strong></span> <span class='ocrx_word' id='word_1_394' title='bbox 1025 1463 1089 1518; x_wconf 88' lang='lat' dir='ltr'><strong>dico</strong></span> <span class='ocrx_word' id='word_1_395' title='bbox 1104 1462 1182 1531; x_wconf 69' lang='lat' dir='ltr'><strong>laesa,</strong></span> <span class='ocrx_word' id='word_1_396' title='bbox 1196 1462 1263 1534; x_wconf 82' lang='lat' dir='ltr'><strong>quia</strong></span> 
     </span>
     <span class='ocr_line' id='line_1_73' title="bbox 679 1534 1261 1606; baseline 0.007 -18"><span class='ocrx_word' id='word_1_397' title='bbox 679 1534 732 1589; x_wconf 93' lang='lat' dir='ltr'><strong>hoc</strong></span> <span class='ocrx_word' id='word_1_398' title='bbox 745 1538 820 1590; x_wconf 90' lang='lat' dir='ltr'><strong>esset</strong></span> <span class='ocrx_word' id='word_1_399' title='bbox 832 1535 963 1600; x_wconf 87' lang='lat' dir='ltr'><strong>mortale,</strong></span> <span class='ocrx_word' id='word_1_400' title='bbox 980 1534 1031 1590; x_wconf 92' lang='lat' dir='ltr'><strong>sed</strong></span> <span class='ocrx_word' id='word_1_401' title='bbox 1041 1534 1138 1604; x_wconf 86' lang='lat' dir='ltr'><strong>dubia,</strong></span> <span class='ocrx_word' id='word_1_402' title='bbox 1154 1535 1190 1591; x_wconf 90' lang='lat' dir='ltr'><strong>de</strong></span> <span class='ocrx_word' id='word_1_403' title='bbox 1204 1550 1261 1606; x_wconf 91' lang='lat' dir='ltr'><strong>qua</strong></span> 
     </span>
     <span class='ocr_line' id='line_1_74' title="bbox 679 1603 1262 1672; baseline 0.003 -12"><span class='ocrx_word' id='word_1_404' title='bbox 679 1603 777 1660; x_wconf 91' lang='lat' dir='ltr'><strong>dubito</strong></span> <span class='ocrx_word' id='word_1_405' title='bbox 794 1620 833 1660; x_wconf 90' lang='lat' dir='ltr'><strong>an</strong></span> <span class='ocrx_word' id='word_1_406' title='bbox 847 1621 919 1661; x_wconf 89' lang='lat' dir='ltr'><strong>sana</strong></span> <span class='ocrx_word' id='word_1_407' title='bbox 931 1604 978 1672; x_wconf 89' lang='lat' dir='ltr'><strong>sit,</strong></span> <span class='ocrx_word' id='word_1_408' title='bbox 993 1620 1055 1662; x_wconf 90' lang='lat' dir='ltr'><strong>curn</strong></span> <span class='ocrx_word' id='word_1_409' title='bbox 1069 1606 1109 1661; x_wconf 91' lang='lat' dir='ltr'><strong>sie</strong></span> <span class='ocrx_word' id='word_1_410' title='bbox 1123 1606 1262 1664; x_wconf 87' lang='lat' dir='ltr'><strong>accedens</strong></span> 
     </span>
     <span class='ocr_line' id='line_1_75' title="bbox 678 1675 1263 1757; baseline 0.005 -26"><span class='ocrx_word' id='word_1_411' title='bbox 678 1675 772 1757; x_wconf 90' lang='lat' dir='ltr'><strong>potius</strong></span> <span class='ocrx_word' id='word_1_412' title='bbox 796 1692 898 1747; x_wconf 85' lang='lat' dir='ltr'><strong>graver</strong></span> <span class='ocrx_word' id='word_1_413' title='bbox 924 1692 1009 1748; x_wconf 83' lang='lat' dir='ltr'><strong>quam</strong></span> <span class='ocrx_word' id='word_1_414' title='bbox 1022 1678 1113 1748; x_wconf 81' lang='lat' dir='ltr'><strong>jnrer.</strong></span> <span class='ocrx_word' id='word_1_415' title='bbox 1130 1680 1173 1747; x_wconf 85' lang='lat' dir='ltr'><strong>Et,</strong></span> <span class='ocrx_word' id='word_1_416' title='bbox 1194 1676 1263 1749; x_wconf 87' lang='lat' dir='ltr'><strong>quia</strong></span> 
     </span>
     <span class='ocr_line' id='line_1_76' title="bbox 678 1746 1262 1820; baseline 0.005 -19"><span class='ocrx_word' id='word_1_417' title='bbox 678 1746 874 1817; x_wconf 78' lang='lat' dir='ltr'><strong>irregularitas</strong></span> <span class='ocrx_word' id='word_1_418' title='bbox 897 1748 1017 1804; x_wconf 88' lang='lat' dir='ltr'><strong>excludit</strong></span> <span class='ocrx_word' id='word_1_419' title='bbox 1037 1748 1196 1820; x_wconf 79' lang='lat' dir='ltr'><strong>aliquem-a</strong></span> <span class='ocrx_word' id='word_1_420' title='bbox 1212 1748 1262 1804; x_wconf 91' lang='lat' dir='ltr'><strong>mi·</strong></span> 
     </span>
     <span class='ocr_line' id='line_1_77' title="bbox 678 1817 1262 1891; baseline 0.003 -18"><span class='ocrx_word' id='word_1_421' title='bbox 678 1817 795 1874; x_wconf 90' lang='lat' dir='ltr'><strong>nisterio</strong></span> <span class='ocrx_word' id='word_1_422' title='bbox 814 1819 899 1891; x_wconf 91' lang='lat' dir='ltr'><strong>hujus</strong></span> <span class='ocrx_word' id='word_1_423' title='bbox 919 1820 1100 1889; x_wconf 87' lang='lat' dir='ltr'><strong>sacramenti,</strong></span> <span class='ocrx_word' id='word_1_424' title='bbox 1121 1820 1184 1877; x_wconf 90' lang='lat' dir='ltr'><strong>ideo</strong></span> <span class='ocrx_word' id='word_1_425' title='bbox 1204 1836 1262 1876; x_wconf 96' lang='lat' dir='ltr'><strong>non</strong></span> 
     </span>
     <span class='ocr_line' id='line_1_78' title="bbox 678 1889 1262 1963; baseline 0 -17"><span class='ocrx_word' id='word_1_426' title='bbox 678 1889 763 1946; x_wconf 91' lang='lat' dir='ltr'><strong>debet</strong></span> <span class='ocrx_word' id='word_1_427' title='bbox 786 1889 972 1959; x_wconf 68' lang='lat' dir='ltr'><strong>ignorarem</strong></span> <span class='ocrx_word' id='word_1_428' title='bbox 987 1908 1042 1963; x_wconf 87' lang='lat' dir='ltr'><strong>quo</strong></span> <span class='ocrx_word' id='word_1_429' title='bbox 1058 1891 1215 1949; x_wconf 89' lang='lat' dir='ltr'><strong>incurritur</strong></span> <span class='ocrx_word' id='word_1_430' title='bbox 1225 1890 1262 1947; x_wconf 94' lang='lat' dir='ltr'><strong>ir-</strong></span> 
     </span>
     <span class='ocr_line' id='line_1_79' title="bbox 678 1960 1261 2046; baseline 0.007 -30"><span class='ocrx_word' id='word_1_431' title='bbox 678 1960 858 2030; x_wconf 83' lang='lat' dir='ltr'><strong>regularitas,</strong></span> <span class='ocrx_word' id='word_1_432' title='bbox 869 1979 901 2018; x_wconf 82' lang='lat' dir='ltr'><strong>ex</strong></span> <span class='ocrx_word' id='word_1_433' title='bbox 914 1979 969 2046; x_wconf 80' lang='lat' dir='ltr'><strong>quo</strong></span> <span class='ocrx_word' id='word_1_434' title='bbox 985 1963 1065 2034; x_wconf 88' lang='lat' dir='ltr'><strong>ponit</strong></span> <span class='ocrx_word' id='word_1_435' title='bbox 1079 1979 1110 2019; x_wconf 86' lang='lat' dir='ltr'><strong>so</strong></span> <span class='ocrx_word' id='word_1_436' title='bbox 1125 1963 1160 2020; x_wconf 91' lang='lat' dir='ltr'><strong>ad</strong></span> <span class='ocrx_word' id='word_1_437' title='bbox 1175 1964 1261 2020; x_wconf 90' lang='lat' dir='ltr'><strong>talem</strong></span> 
     </span>
     <span class='ocr_line' id='line_1_80' title="bbox 679 2034 1261 2102; baseline 0 -13"><span class='ocrx_word' id='word_1_438' title='bbox 679 2038 784 2102; x_wconf 86' lang='lat' dir='ltr'><strong>actum,</strong></span> <span class='ocrx_word' id='word_1_439' title='bbox 815 2034 864 2090; x_wconf 88' lang='lat' dir='ltr'><strong>sed</strong></span> <span class='ocrx_word' id='word_1_440' title='bbox 893 2050 966 2090; x_wconf 77' lang='lat' dir='ltr'><strong>scire</strong></span> <span class='ocrx_word' id='word_1_441' title='bbox 982 2035 1066 2090; x_wconf 91' lang='lat' dir='ltr'><strong>debet</strong></span> <span class='ocrx_word' id='word_1_442' title='bbox 1093 2051 1175 2092; x_wconf 89' lang='lat' dir='ltr'><strong>suum</strong></span> <span class='ocrx_word' id='word_1_443' title='bbox 1203 2038 1261 2091; x_wconf 89' lang='lat' dir='ltr'><strong>sta-</strong></span> 
     </span>
     <span class='ocr_line' id='line_1_81' title="bbox 678 2105 1105 2164; baseline 0.007 -5"><span class='ocrx_word' id='word_1_444' title='bbox 678 2108 738 2160; x_wconf 93' lang='lat' dir='ltr'><strong>tum</strong></span> <span class='ocrx_word' id='word_1_445' title='bbox 749 2121 756 2160; x_wconf 88' lang='lat'>:</span> <span class='ocrx_word' id='word_1_446' title='bbox 768 2126 781 2153; x_wconf 70' lang='grc' dir='ltr'><strong>ι)</strong></span> <span class='ocrx_word' id='word_1_447' title='bbox 798 2105 861 2161; x_wconf 74' lang='lat' dir='ltr'><strong>haec</strong></span> <span class='ocrx_word' id='word_1_448' title='bbox 881 2107 978 2162; x_wconf 82' lang='lat' dir='ltr'><strong>Petrus</strong></span> <span class='ocrx_word' id='word_1_449' title='bbox 995 2110 1105 2164; x_wconf 78' lang='lat' dir='ltr'><strong>Cantor.</strong></span> 
     </span>
    </p>

    <p class='ocr_par' dir='ltr' id='par_1_6' title="bbox 676 2178 1262 4317">
     <span class='ocr_line' id='line_1_82' title="bbox 715 2178 1260 2235; baseline 0.004 -3"><span class='ocrx_word' id='word_1_450' title='bbox 715 2195 729 2232; x_wconf 80' lang='lat' dir='ltr'><strong>a</strong></span> <span class='ocrx_word' id='word_1_451' title='bbox 764 2178 899 2233; x_wconf 83' lang='lat' dir='ltr'><strong>erurns</strong></span> <span class='ocrx_word' id='word_1_452' title='bbox 932 2180 1126 2235; x_wconf 77' lang='lat' dir='ltr'><strong>Cenrumoms.</strong></span> <span class='ocrx_word' id='word_1_453' title='bbox 1155 2209 1191 2219; x_wconf 94' lang='lat'>-</span> <span class='ocrx_word' id='word_1_454' title='bbox 1227 2180 1260 2234; x_wconf 92' lang='lat' dir='ltr'><strong>ln</strong></span> 
     </span>
     <span class='ocr_line' id='line_1_83' title="bbox 678 2248 1262 2330; baseline 0.003 -27"><span class='ocrx_word' id='word_1_455' title='bbox 678 2262 764 2318; x_wconf 89' lang='lat' dir='ltr'><strong>opere</strong></span> <span class='ocrx_word' id='word_1_456' title='bbox 788 2249 872 2330; x_wconf 83' lang='lat' dir='ltr'><strong>hujus</strong></span> <span class='ocrx_word' id='word_1_457' title='bbox 890 2249 1079 2317; x_wconf 88' lang='lat' dir='ltr'><strong>Centuriouis,</strong></span> <span class='ocrx_word' id='word_1_458' title='bbox 1101 2255 1158 2305; x_wconf 91' lang='lat' dir='ltr'><strong>tres</strong></span> <span class='ocrx_word' id='word_1_459' title='bbox 1173 2248 1262 2305; x_wconf 87' lang='lat' dir='ltr'><strong>mira·</strong></span> 
     </span>
     <span class='ocr_line' id='line_1_84' title="bbox 679 2316 1261 2387; baseline 0 -12"><span class='ocrx_word' id='word_1_460' title='bbox 679 2316 750 2375; x_wconf 90' lang='lat' dir='ltr'><strong>biles</strong></span> <span class='ocrx_word' id='word_1_461' title='bbox 765 2320 848 2375; x_wconf 79' lang='lat' dir='ltr'><strong>nobis</strong></span> <span class='ocrx_word' id='word_1_462' title='bbox 862 2321 1052 2376; x_wconf 88' lang='lat' dir='ltr'><strong>ostenduntur</strong></span> <span class='ocrx_word' id='word_1_463' title='bbox 1064 2320 1194 2387; x_wconf 80' lang='lat' dir='ltr'><strong>virtutes,</strong></span> <span class='ocrx_word' id='word_1_464' title='bbox 1207 2319 1261 2375; x_wconf 92' lang='lat' dir='ltr'><strong>sci-</strong></span> 
     </span>
     <span class='ocr_line' id='line_1_85' title="bbox 679 2389 1259 2461; baseline 0.003 -17"><span class='ocrx_word' id='word_1_465' title='bbox 679 2389 767 2446; x_wconf 91' lang='lat' dir='ltr'><strong>licet:</strong></span> <span class='ocrx_word' id='word_1_466' title='bbox 784 2389 941 2457; x_wconf 89' lang='lat' dir='ltr'><strong>humilitas,</strong></span> <span class='ocrx_word' id='word_1_467' title='bbox 960 2391 1041 2456; x_wconf 90' lang='lat' dir='ltr'><strong>tides,</strong></span> <span class='ocrx_word' id='word_1_468' title='bbox 1058 2394 1085 2446; x_wconf 86' lang='lat' dir='ltr'><strong>et</strong></span> <span class='ocrx_word' id='word_1_469' title='bbox 1099 2389 1259 2461; x_wconf 88' lang='lat' dir='ltr'><strong>prudentia.</strong></span> 
     </span>
     <span class='ocr_line' id='line_1_86' title="bbox 678 2460 1261 2531; baseline -0.002 -15"><span class='ocrx_word' id='word_1_470' title='bbox 678 2462 811 2531; x_wconf 86' lang='lat' dir='ltr'><strong>Magnam</strong></span> <span class='ocrx_word' id='word_1_471' title='bbox 837 2460 912 2516; x_wconf 91' lang='lat' dir='ltr'><strong>euim</strong></span> <span class='ocrx_word' id='word_1_472' title='bbox 937 2461 1125 2517; x_wconf 88' lang='lat' dir='ltr'><strong>humilitatem</strong></span> <span class='ocrx_word' id='word_1_473' title='bbox 1150 2460 1261 2531; x_wconf 91' lang='lat' dir='ltr'><strong>habuit,</strong></span> 
     </span>
     <span class='ocr_line' id='line_1_87' title="bbox 678 2531 1261 2603; baseline 0.005 -17"><span class='ocrx_word' id='word_1_474' title='bbox 678 2531 736 2603; x_wconf 85' lang='lat' dir='ltr'><strong>qui,</strong></span> <span class='ocrx_word' id='word_1_475' title='bbox 767 2547 832 2587; x_wconf 90' lang='lat' dir='ltr'><strong>cum</strong></span> <span class='ocrx_word' id='word_1_476' title='bbox 847 2532 984 2588; x_wconf 86' lang='lat' dir='ltr'><strong>Dominus</strong></span> <span class='ocrx_word' id='word_1_477' title='bbox 1009 2532 1045 2588; x_wconf 92' lang='lat' dir='ltr'><strong>ad</strong></span> <span class='ocrx_word' id='word_1_478' title='bbox 1071 2547 1135 2588; x_wconf 88' lang='lat' dir='ltr'><strong>eum</strong></span> <span class='ocrx_word' id='word_1_479' title='bbox 1163 2531 1261 2589; x_wconf 83' lang='lat' dir='ltr'><strong>venire</strong></span> 
     </span>
     <span class='ocr_line' id='line_1_88' title="bbox 677 2602 1260 2675; baseline 0 -16"><span class='ocrx_word' id='word_1_480' title='bbox 677 2607 795 2675; x_wconf 85' lang='lat' dir='ltr'><strong>paratus</strong></span> <span class='ocrx_word' id='word_1_481' title='bbox 818 2609 902 2669; x_wconf 86' lang='lat' dir='ltr'><strong>esset,</strong></span> <span class='ocrx_word' id='word_1_482' title='bbox 928 2603 1078 2674; x_wconf 89' lang='lat' dir='ltr'><strong>indignum</strong></span> <span class='ocrx_word' id='word_1_483' title='bbox 1099 2619 1140 2671; x_wconf 88' lang='lat' dir='ltr'><strong>se,</strong></span> <span class='ocrx_word' id='word_1_484' title='bbox 1158 2608 1188 2659; x_wconf 91' lang='lat' dir='ltr'><strong>ut</strong></span> <span class='ocrx_word' id='word_1_485' title='bbox 1208 2602 1260 2659; x_wconf 94' lang='lat' dir='ltr'><strong>sub</strong></span> 
     </span>
     <span class='ocr_line' id='line_1_89' title="bbox 677 2673 1261 2746; baseline -0.002 -16"><span class='ocrx_word' id='word_1_486' title='bbox 677 2680 782 2731; x_wconf 91' lang='lat' dir='ltr'><strong>lectum</strong></span> <span class='ocrx_word' id='word_1_487' title='bbox 794 2690 875 2731; x_wconf 90' lang='lat' dir='ltr'><strong>suum</strong></span> <span class='ocrx_word' id='word_1_488' title='bbox 888 2674 1018 2739; x_wconf 89' lang='lat' dir='ltr'><strong>intraret,</strong></span> <span class='ocrx_word' id='word_1_489' title='bbox 1032 2673 1179 2746; x_wconf 71' lang='lat' dir='ltr'><strong>iudicavit.</strong></span> <span class='ocrx_word' id='word_1_490' title='bbox 1194 2675 1261 2729; x_wconf 89' lang='lat' dir='ltr'><strong>Per·</strong></span> 
     </span>
     <span class='ocr_line' id='line_1_90' title="bbox 677 2745 1258 2816; baseline 0 -16"><span class='ocrx_word' id='word_1_491' title='bbox 677 2746 779 2802; x_wconf 89' lang='lat' dir='ltr'><strong>lectam</strong></span> <span class='ocrx_word' id='word_1_492' title='bbox 804 2761 916 2816; x_wconf 85' lang='lat' dir='ltr'><strong>quoque</strong></span> <span class='ocrx_word' id='word_1_493' title='bbox 942 2746 1040 2802; x_wconf 87' lang='lat' dir='ltr'><strong>habuit</strong></span> <span class='ocrx_word' id='word_1_494' title='bbox 1064 2745 1258 2816; x_wconf 88' lang='lat' dir='ltr'><strong>fideu1,quia,</strong></span> 
     </span>
     <span class='ocr_line' id='line_1_91' title="bbox 677 2816 1259 2884; baseline 0.002 -12"><span class='ocrx_word' id='word_1_495' title='bbox 677 2833 742 2872; x_wconf 93' lang='lat' dir='ltr'><strong>eum</strong></span> <span class='ocrx_word' id='word_1_496' title='bbox 759 2822 834 2872; x_wconf 89' lang='lat' dir='ltr'><strong>esset</strong></span> <span class='ocrx_word' id='word_1_497' title='bbox 847 2816 976 2884; x_wconf 83' lang='lat' dir='ltr'><strong>Gentilis,</strong></span> <span class='ocrx_word' id='word_1_498' title='bbox 995 2817 1054 2874; x_wconf 90' lang='lat' dir='ltr'><strong>solo</strong></span> <span class='ocrx_word' id='word_1_499' title='bbox 1067 2818 1155 2874; x_wconf 77' lang='lat' dir='ltr'><strong>uerbo</strong></span> <span class='ocrx_word' id='word_1_500' title='bbox 1170 2819 1259 2873; x_wconf 91' lang='lat' dir='ltr'><strong>Deum</strong></span> 
     </span>
     <span class='ocr_line' id='line_1_92' title="bbox 677 2887 1258 2961; baseline 0.002 -18"><span class='ocrx_word' id='word_1_501' title='bbox 677 2887 798 2944; x_wconf 90' lang='lat' dir='ltr'><strong>credidit</strong></span> <span class='ocrx_word' id='word_1_502' title='bbox 817 2903 901 2958; x_wconf 88' lang='lat' dir='ltr'><strong>posse</strong></span> <span class='ocrx_word' id='word_1_503' title='bbox 922 2905 1009 2961; x_wconf 92' lang='lat' dir='ltr'><strong>puero</strong></span> <span class='ocrx_word' id='word_1_504' title='bbox 1036 2889 1156 2945; x_wconf 89' lang='lat' dir='ltr'><strong>reddere</strong></span> <span class='ocrx_word' id='word_1_505' title='bbox 1182 2887 1258 2945; x_wconf 90' lang='lat' dir='ltr'><strong>sani-</strong></span> 
     </span>
     <span class='ocr_line' id='line_1_93' title="bbox 677 2960 1259 3033; baseline 0.003 -18"><span class='ocrx_word' id='word_1_506' title='bbox 677 2964 774 3015; x_wconf 87' lang='lat' dir='ltr'><strong>tatem.</strong></span> <span class='ocrx_word' id='word_1_507' title='bbox 791 2960 852 3016; x_wconf 91' lang='lat' dir='ltr'><strong>Non</strong></span> <span class='ocrx_word' id='word_1_508' title='bbox 878 2977 994 3033; x_wconf 86' lang='lat' dir='ltr'><strong>parvam</strong></span> <span class='ocrx_word' id='word_1_509' title='bbox 1022 2961 1107 3017; x_wconf 84' lang='lat' dir='ltr'><strong>etiarn</strong></span> <span class='ocrx_word' id='word_1_510' title='bbox 1131 2960 1259 3032; x_wconf 86' lang='lat' dir='ltr'><strong>pruden-</strong></span> 
     </span>
     <span class='ocr_line' id='line_1_94' title="bbox 676 3031 1258 3104; baseline 0.002 -18"><span class='ocrx_word' id='word_1_511' title='bbox 676 3031 745 3086; x_wconf 89' lang='lat' dir='ltr'><strong>tiam</strong></span> <span class='ocrx_word' id='word_1_512' title='bbox 760 3031 871 3099; x_wconf 87' lang='lat' dir='ltr'><strong>habuil,</strong></span> <span class='ocrx_word' id='word_1_513' title='bbox 885 3033 951 3104; x_wconf 72' lang='lat' dir='ltr'><strong>quiin</strong></span> <span class='ocrx_word' id='word_1_514' title='bbox 968 3033 1041 3090; x_wconf 91' lang='lat' dir='ltr'><strong>ultra</strong></span> <span class='ocrx_word' id='word_1_515' title='bbox 1055 3049 1170 3090; x_wconf 62' lang='lat' dir='ltr'><strong>ctaruem</strong></span> <span class='ocrx_word' id='word_1_516' title='bbox 1185 3031 1258 3090; x_wconf 90' lang='lat' dir='ltr'><strong>divi·</strong></span> 
     </span>
     <span class='ocr_line' id='line_1_95' title="bbox 676 3103 1260 3173; baseline 0.007 -16"><span class='ocrx_word' id='word_1_517' title='bbox 676 3103 795 3159; x_wconf 89' lang='lat' dir='ltr'><strong>nitatem</strong></span> <span class='ocrx_word' id='word_1_518' title='bbox 821 3104 958 3161; x_wconf 88' lang='lat' dir='ltr'><strong>latentem</strong></span> <span class='ocrx_word' id='word_1_519' title='bbox 981 3105 1121 3173; x_wconf 76' lang='lat' dir='ltr'><strong>coguovit,</strong></span> <span class='ocrx_word' id='word_1_520' title='bbox 1148 3109 1176 3160; x_wconf 93' lang='lat' dir='ltr'><strong>et</strong></span> <span class='ocrx_word' id='word_1_521' title='bbox 1195 3120 1260 3161; x_wconf 91' lang='lat' dir='ltr'><strong>eum</strong></span> 
     </span>
     <span class='ocr_line' id='line_1_96' title="bbox 677 3175 1259 3246; baseline 0 -16"><span class='ocrx_word' id='word_1_522' title='bbox 677 3190 761 3244; x_wconf 86' lang='lat' dir='ltr'><strong>quem</strong></span> <span class='ocrx_word' id='word_1_523' title='bbox 777 3176 963 3246; x_wconf 85' lang='lat' dir='ltr'><strong>corporaliter</strong></span> <span class='ocrx_word' id='word_1_524' title='bbox 973 3177 1166 3231; x_wconf 87' lang='lat' dir='ltr'><strong>ambulantem</strong></span> <span class='ocrx_word' id='word_1_525' title='bbox 1178 3175 1259 3243; x_wconf 87' lang='lat' dir='ltr'><strong>vidit,</strong></span> 
     </span>
     <span class='ocr_line' id='line_1_97' title="bbox 676 3245 1260 3316; baseline 0 -15"><span class='ocrx_word' id='word_1_526' title='bbox 676 3245 781 3315; x_wconf 86' lang='lat' dir='ltr'><strong>ubique</strong></span> <span class='ocrx_word' id='word_1_527' title='bbox 798 3261 849 3316; x_wconf 92' lang='lat' dir='ltr'><strong>per</strong></span> <span class='ocrx_word' id='word_1_528' title='bbox 867 3245 1042 3301; x_wconf 76' lang='lat' dir='ltr'><strong>divinitatem</strong></span> <span class='ocrx_word' id='word_1_529' title='bbox 1058 3262 1120 3301; x_wconf 90' lang='lat' dir='ltr'><strong>esse</strong></span> <span class='ocrx_word' id='word_1_530' title='bbox 1135 3262 1260 3316; x_wconf 76' lang='lat' dir='ltr'><strong>praesen·</strong></span> 
     </span>
     <span class='ocr_line' id='line_1_98' title="bbox 677 3315 1261 3372; baseline 0.003 -2"><span class='ocrx_word' id='word_1_531' title='bbox 677 3321 735 3372; x_wconf 90' lang='lat' dir='ltr'><strong>tem</strong></span> <span class='ocrx_word' id='word_1_532' title='bbox 757 3315 904 3371; x_wconf 81' lang='lat' dir='ltr'><strong>intellexit.</strong></span> <span class='ocrx_word' id='word_1_533' title='bbox 922 3318 978 3371; x_wconf 82' lang='lat' dir='ltr'><strong>Nec</strong></span> <span class='ocrx_word' id='word_1_534' title='bbox 1002 3317 1105 3372; x_wconf 86' lang='lat' dir='ltr'><strong>caritas</strong></span> <span class='ocrx_word' id='word_1_535' title='bbox 1121 3315 1149 3370; x_wconf 90' lang='lat' dir='ltr'><strong>in</strong></span> <span class='ocrx_word' id='word_1_536' title='bbox 1164 3330 1198 3370; x_wconf 89' lang='lat' dir='ltr'><strong>eo</strong></span> <span class='ocrx_word' id='word_1_537' title='bbox 1212 3315 1261 3372; x_wconf 87' lang='lat' dir='ltr'><strong>de·</strong></span> 
     </span>
     <span class='ocr_line' id='line_1_99' title="bbox 676 3386 1260 3459; baseline 0 -17"><span class='ocrx_word' id='word_1_538' title='bbox 676 3387 739 3456; x_wconf 89' lang='lat' dir='ltr'><strong>luit,</strong></span> <span class='ocrx_word' id='word_1_539' title='bbox 752 3386 818 3458; x_wconf 82' lang='lat' dir='ltr'><strong>quia</strong></span> <span class='ocrx_word' id='word_1_540' title='bbox 833 3402 896 3443; x_wconf 93' lang='lat' dir='ltr'><strong>cum</strong></span> <span class='ocrx_word' id='word_1_541' title='bbox 910 3386 989 3442; x_wconf 90' lang='lat' dir='ltr'><strong>multi</strong></span> <span class='ocrx_word' id='word_1_542' title='bbox 1002 3403 1053 3459; x_wconf 88' lang='lat' dir='ltr'><strong>pro</strong></span> <span class='ocrx_word' id='word_1_543' title='bbox 1065 3403 1115 3442; x_wconf 86' lang='lat' dir='ltr'><strong>sua</strong></span> <span class='ocrx_word' id='word_1_544' title='bbox 1130 3401 1260 3442; x_wconf 92' lang='lat' dir='ltr'><strong>suorum·</strong></span> 
     </span>
     <span class='ocr_line' id='line_1_100' title="bbox 677 3456 1261 3529; baseline 0.005 -18"><span class='ocrx_word' id='word_1_545' title='bbox 677 3474 732 3529; x_wconf 70' lang='lat' dir='ltr'><strong>(pue</strong></span> <span class='ocrx_word' id='word_1_546' title='bbox 751 3457 887 3525; x_wconf 84' lang='lat' dir='ltr'><strong>illiorum,</strong></span> <span class='ocrx_word' id='word_1_547' title='bbox 902 3474 935 3514; x_wconf 93' lang='lat' dir='ltr'><strong>ac</strong></span> <span class='ocrx_word' id='word_1_548' title='bbox 958 3474 1090 3515; x_wconf 88' lang='lat' dir='ltr'><strong>carorum</strong></span> <span class='ocrx_word' id='word_1_549' title='bbox 1113 3456 1204 3513; x_wconf 90' lang='lat' dir='ltr'><strong>salute</strong></span> <span class='ocrx_word' id='word_1_550' title='bbox 1221 3458 1261 3514; x_wconf 91' lang='lat' dir='ltr'><strong>ad</strong></span> 
     </span>
     <span class='ocr_line' id='line_1_101' title="bbox 677 3527 1261 3601; baseline -0.005 -13"><span class='ocrx_word' id='word_1_551' title='bbox 677 3529 829 3588; x_wconf 89' lang='lat' dir='ltr'><strong>Dominum</strong></span> <span class='ocrx_word' id='word_1_552' title='bbox 859 3529 986 3601; x_wconf 85' lang='lat' dir='ltr'><strong>rogaturi</strong></span> <span class='ocrx_word' id='word_1_553' title='bbox 1015 3529 1193 3597; x_wconf 89' lang='lat' dir='ltr'><strong>accederent,</strong></span> <span class='ocrx_word' id='word_1_554' title='bbox 1212 3527 1261 3585; x_wconf 89' lang='lat' dir='ltr'><strong>ille</strong></span> 
     </span>
     <span class='ocr_line' id='line_1_102' title="bbox 677 3599 1258 3674; baseline 0 -18"><span class='ocrx_word' id='word_1_555' title='bbox 677 3618 729 3674; x_wconf 91' lang='lat' dir='ltr'><strong>pro</strong></span> <span class='ocrx_word' id='word_1_556' title='bbox 757 3599 831 3658; x_wconf 87' lang='lat' dir='ltr'><strong>servi</strong></span> <span class='ocrx_word' id='word_1_557' title='bbox 859 3606 970 3657; x_wconf 87' lang='lat' dir='ltr'><strong>tantum</strong></span> <span class='ocrx_word' id='word_1_558' title='bbox 997 3600 1117 3657; x_wconf 84' lang='lat' dir='ltr'><strong>sanitate</strong></span> <span class='ocrx_word' id='word_1_559' title='bbox 1137 3599 1258 3671; x_wconf 84' lang='lat' dir='ltr'><strong>rogarit.</strong></span> 
     </span>
     <span class='ocr_line' id='line_1_103' title="bbox 679 3671 1259 3755; baseline -0.002 -26"><span class='ocrx_word' id='word_1_560' title='bbox 679 3672 758 3729; x_wconf 89' lang='lat' dir='ltr'><strong>Unde</strong></span> <span class='ocrx_word' id='word_1_561' title='bbox 772 3672 865 3728; x_wconf 88' lang='lat' dir='ltr'><strong>adhuc</strong></span> <span class='ocrx_word' id='word_1_562' title='bbox 887 3672 916 3729; x_wconf 93' lang='lat' dir='ltr'><strong>iu</strong></span> <span class='ocrx_word' id='word_1_563' title='bbox 934 3671 999 3728; x_wconf 82' lang='lat' dir='ltr'><strong>[idei</strong></span> <span class='ocrx_word' id='word_1_564' title='bbox 1017 3671 1179 3728; x_wconf 75' lang='lat' dir='ltr'><strong>coristantia</strong></span> <span class='ocrx_word' id='word_1_565' title='bbox 1193 3687 1259 3755; x_wconf 89' lang='lat' dir='ltr'><strong>per·</strong></span> 
     </span>
     <span class='ocr_line' id='line_1_104' title="bbox 677 3743 1260 3815; baseline 0.002 -15"><span class='ocrx_word' id='word_1_566' title='bbox 677 3760 831 3811; x_wconf 86' lang='lat' dir='ltr'><strong>severous,</strong></span> <span class='ocrx_word' id='word_1_567' title='bbox 861 3743 987 3800; x_wconf 88' lang='lat' dir='ltr'><strong>ostendit</strong></span> <span class='ocrx_word' id='word_1_568' title='bbox 1020 3744 1095 3815; x_wconf 83' lang='lat' dir='ltr'><strong>quod</strong></span> <span class='ocrx_word' id='word_1_569' title='bbox 1121 3747 1260 3801; x_wconf 77' lang='lat' dir='ltr'><strong>Dominus</strong></span> 
     </span>
     <span class='ocr_line' id='line_1_105' title="bbox 677 3815 1261 3888; baseline 0.002 -17"><span class='ocrx_word' id='word_1_570' title='bbox 677 3817 764 3873; x_wconf 82' lang='lat' dir='ltr'><strong>verbo</strong></span> <span class='ocrx_word' id='word_1_571' title='bbox 777 3821 870 3888; x_wconf 90' lang='lat' dir='ltr'><strong>potest</strong></span> <span class='ocrx_word' id='word_1_572' title='bbox 885 3831 998 3883; x_wconf 86' lang='lat' dir='ltr'><strong>sanare,</strong></span> <span class='ocrx_word' id='word_1_573' title='bbox 1014 3815 1111 3871; x_wconf 83' lang='lat' dir='ltr'><strong>dicens</strong></span> <span class='ocrx_word' id='word_1_574' title='bbox 1126 3833 1133 3871; x_wconf 74' lang='grc' dir='ltr'><strong>ι</strong></span> <span class='ocrx_word' id='word_1_575' title='bbox 1149 3819 1222 3876; x_wconf 84' lang='lat' dir='ltr'><strong>Nam</strong></span> <span class='ocrx_word' id='word_1_576' title='bbox 1234 3821 1261 3872; x_wconf 88' lang='lat' dir='ltr'><strong>et</strong></span> 
     </span>
     <span class='ocr_line' id='line_1_106' title="bbox 677 3887 1260 3959; baseline 0 -15"><span class='ocrx_word' id='word_1_577' title='bbox 677 3904 727 3959; x_wconf 82' lang='lat' dir='ltr'><strong>epo</strong></span> <span class='ocrx_word' id='word_1_578' title='bbox 749 3890 827 3944; x_wconf 85' lang='lat' dir='ltr'><strong>homo</strong></span> <span class='ocrx_word' id='word_1_579' title='bbox 844 3904 905 3943; x_wconf 81' lang='lat' dir='ltr'><strong>eom</strong></span> <span class='ocrx_word' id='word_1_580' title='bbox 929 3888 979 3942; x_wconf 85' lang='lat' dir='ltr'><strong>sab</strong></span> <span class='ocrx_word' id='word_1_581' title='bbox 994 3894 1136 3956; x_wconf 71' lang='lat' dir='ltr'><strong>protestate.</strong></span> <span class='ocrx_word' id='word_1_582' title='bbox 1152 3887 1260 3957; x_wconf 92' lang='lat' dir='ltr'><strong>altiori,</strong></span> 
     </span>
     <span class='ocr_line' id='line_1_107' title="bbox 678 3958 1262 4031; baseline -0.003 -15"><span class='ocrx_word' id='word_1_583' title='bbox 678 3958 786 4016; x_wconf 90' lang='lat' dir='ltr'><strong>scilicet</strong></span> <span class='ocrx_word' id='word_1_584' title='bbox 802 3958 934 4015; x_wconf 81' lang='lat' dir='ltr'><strong>Praesidis</strong></span> <span class='ocrx_word' id='word_1_585' title='bbox 948 3964 977 4014; x_wconf 90' lang='lat' dir='ltr'><strong>et</strong></span> <span class='ocrx_word' id='word_1_586' title='bbox 991 3959 1183 4031; x_wconf 87' lang='lat' dir='ltr'><strong>Imperatoris,</strong></span> <span class='ocrx_word' id='word_1_587' title='bbox 1201 3975 1262 4014; x_wconf 88' lang='lat' dir='ltr'><strong>con·</strong></span> 
     </span>
     <span class='ocr_line' id='line_1_108' title="bbox 678 4031 1262 4095; baseline -0.003 -9"><span class='ocrx_word' id='word_1_588' title='bbox 678 4034 804 4095; x_wconf 82' lang='lat' dir='ltr'><strong>stitutus,</strong></span> <span class='ocrx_word' id='word_1_589' title='bbox 832 4031 934 4086; x_wconf 86' lang='lat' dir='ltr'><strong>habens</strong></span> <span class='ocrx_word' id='word_1_590' title='bbox 961 4031 1011 4086; x_wconf 84' lang='lat' dir='ltr'><strong>sub</strong></span> <span class='ocrx_word' id='word_1_591' title='bbox 1034 4049 1076 4086; x_wconf 77' lang='lat' dir='ltr'><strong>nte</strong></span> <span class='ocrx_word' id='word_1_592' title='bbox 1099 4034 1212 4093; x_wconf 78' lang='lat' dir='ltr'><strong>milites.</strong></span> <span class='ocrx_word' id='word_1_593' title='bbox 1231 4034 1262 4086; x_wconf 91' lang='lat' dir='ltr'><strong>et</strong></span> 
     </span>
     <span class='ocr_line' id='line_1_109' title="bbox 680 4101 1260 4168; baseline -0.005 -10"><span class='ocrx_word' id='word_1_594' title='bbox 680 4117 790 4168; x_wconf 80' lang='lat' dir='ltr'><strong>servos3</strong></span> <span class='ocrx_word' id='word_1_595' title='bbox 811 4106 837 4159; x_wconf 88' lang='lat' dir='ltr'><strong>et</strong></span> <span class='ocrx_word' id='word_1_596' title='bbox 862 4102 924 4158; x_wconf 79' lang='lat' dir='ltr'><strong>dico</strong></span> <span class='ocrx_word' id='word_1_597' title='bbox 944 4104 1016 4162; x_wconf 86' lang='lat' dir='ltr'><strong>huto.</strong></span> <span class='ocrx_word' id='word_1_598' title='bbox 1041 4102 1151 4158; x_wconf 88' lang='lat' dir='ltr'><strong>militi:</strong></span> <span class='ocrx_word' id='word_1_599' title='bbox 1173 4101 1260 4163; x_wconf 84' lang='lat' dir='ltr'><strong>Vade,</strong></span> 
     </span>
     <span class='ocr_line' id='line_1_110' title="bbox 681 4171 1261 4246; baseline -0.005 -17"><span class='ocrx_word' id='word_1_600' title='bbox 681 4179 707 4230; x_wconf 90' lang='lat' dir='ltr'><strong>et</strong></span> <span class='ocrx_word' id='word_1_601' title='bbox 720 4173 810 4238; x_wconf 86' lang='lat' dir='ltr'><strong>uadit,</strong></span> <span class='ocrx_word' id='word_1_602' title='bbox 827 4179 964 4246; x_wconf 85' lang='lat' dir='ltr'><strong>quantum</strong></span> <span class='ocrx_word' id='word_1_603' title='bbox 987 4174 1023 4229; x_wconf 85' lang='lat' dir='ltr'><strong>ad</strong></span> <span class='ocrx_word' id='word_1_604' title='bbox 1043 4172 1187 4245; x_wconf 88' lang='lat' dir='ltr'><strong>negotium</strong></span> <span class='ocrx_word' id='word_1_605' title='bbox 1205 4171 1261 4227; x_wconf 92' lang='lat' dir='ltr'><strong>im·</strong></span> 
     </span>
     <span class='ocr_line' id='line_1_111' title="bbox 681 4241 1260 4317; baseline -0.005 -17"><span class='ocrx_word' id='word_1_606' title='bbox 681 4244 817 4317; x_wconf 90' lang='lat' dir='ltr'><strong>piendum</strong></span> <span class='ocrx_word' id='word_1_607' title='bbox 842 4245 873 4302; x_wconf 93' lang='lat' dir='ltr'><strong>in</strong></span> <span class='ocrx_word' id='word_1_608' title='bbox 891 4245 1039 4312; x_wconf 76' lang='lat' dir='ltr'><strong>absentia3</strong></span> <span class='ocrx_word' id='word_1_609' title='bbox 1055 4251 1081 4301; x_wconf 87' lang='lat' dir='ltr'><strong>et</strong></span> <span class='ocrx_word' id='word_1_610' title='bbox 1102 4246 1154 4300; x_wconf 79' lang='lat' dir='ltr'><strong>atti</strong></span> <span class='ocrx_word' id='word_1_611' title='bbox 1175 4241 1260 4299; x_wconf 88' lang='lat' dir='ltr'><strong>dico:</strong></span> 
     </span>
    </p>
   </div>
   <div class='ocr_carea' id='block_1_5' title="bbox 1074 4522 1313 4608">
    <p class='ocr_par' dir='ltr' id='par_1_7' title="bbox 1074 4522 1313 4608">
     <span class='ocr_line' id='line_1_112' title="bbox 1074 4522 1313 4608; baseline 0 0"><span class='ocrx_word' id='word_1_612' title='bbox 1074 4522 1313 4608; x_wconf 64' lang='grc' dir='ltr'><strong>Α...</strong></span> 
     </span>
    </p>
   </div>
   <div class='ocr_carea' id='block_1_6' title="bbox 0 0 1402 4912">
    <p class='ocr_par' dir='ltr' id='par_1_8' title="bbox 0 0 1402 4912">
     <span class='ocr_line' id='line_1_113' title="bbox 0 0 1402 4912; baseline 0 0"><span class='ocrx_word' id='word_1_613' title='bbox 0 0 1402 4912; x_wconf 95' lang='lat' dir='ltr'><strong> </strong></span> 
     </span>
    </p>
   </div>
  </div>
 </body>
</html>
