2790 4912
126 230 129 235 .
223 174 373 231 tohttss
401 173 615 234 auhuman
642 175 680 231 88
707 175 772 231 doli
797 176 878 234 8888
905 179 1088 237 88818888.
1236 184 1283 240 lb!

65 292 152 349 tacere
169 280 223 340 Vel
238 281 313 340 forte
330 280 518 353 respondebis
532 300 542 337 ε
556 279 634 339 Ami·
688 297 755 339 men
768 282 894 341 elevatus
908 283 938 340 in
948 285 1123 357 superbiam,
1136 302 1279 362 usurpans

69 371 107 418 ms
118 358 172 425 sa
184 353 236 412 sed
250 352 367 410 attende
379 352 450 425 qnid
464 352 534 411 dicit
548 370 555 409 :
581 356 634 412 Vos
690 368 794 411 nomen
807 360 835 412 ct
848 355 989 413 bonorem
1003 356 1138 415 alienum.
1148 360 1184 415 Ut
1197 358 1277 419 enim

72 430 136 488 mici
150 428 204 482 mei
222 427 299 489 estis,
312 427 339 481 si
355 427 479 493 feceritis
503 440 564 496 qua
586 441 635 495 eqo
664 423 729 483 ·ait
760 426 967 497 chrysostomus
989 447 998 484 ε
1019 449 1034 481 n
1054 429 1153 486 Devoti
1178 430 1277 490 famuli

130 501 136 513 '
157 501 163 513 “
189 494 317 554 uobissi
329 511 398 577 erqo
412 501 515 553 neuter
527 512 569 566 es,
586 512 635 554 au·
687 500 742 568 est,
758 513 816 554 non
832 497 924 554 solum
952 514 1011 556 non
1036 515 1137 573 rapere
1155 500 1278 572 gloriam

90 570 118 628 ’es
129 586 136 624 :
148 570 235 626 Amen
248 568 408 633 dicooobas,
423 570 514 624 ποιοῖο
526 584 584 624 uos.
598 599 634 610 -
688 567 809 638 domini,
824 569 874 626 sed
893 573 922 626 et
937 570 1061 627 oblatam
1081 588 1098 628 a
1117 573 1214 630 multis
1228 589 1277 632 ro·

76 640 144 700 forth
153 638 273 713 qnaestio
287 646 342 710 est,
358 637 452 711 qualis
466 654 509 707 es,
525 636 634 696 scilicet
688 654 800 711 spuere.
812 659 828 693 o
840 640 896 698 Sed
911 641 985 699 hanc
1000 642 1119 699 ioannis
1135 644 1277 704 hnmilita-

77 713 183 770 informa
202 725 326 780 morum,
342 709 488 767 actionum
515 709 634 767 interius
688 715 747 767 tem
762 711 874 769 Lucifer
885 727 944 769 non
963 712 1073 781 babuit,
1088 714 1136 785 qui
1151 715 1274 797 gloriam

78 785 237 852 haterius3
265 786 299 838 ut
324 781 456 840 attendas
482 780 634 852 diligenter
687 780 844 839 divinitatis
859 799 997 856 usurpare
1014 784 1067 842 sibi
1083 788 1181 842 voluit.
1198 788 1277 847 Hanc

77 860 182 981 quntum
196 851 343 927 proficias,
362 853 407 910 rel
428 860 567 925 quantum
582 854 632 910 de·
688 852 1062 927 ctiamhumilitatemprimi
1072 862 1206 929 parentes
1215 874 1276 918 non

91 925 141 984 das.
155 957 184 966 -
201 926 310 994 Quarta
329 923 452 997 quaestio
475 929 528 993 est,
545 940 634 996 quan·
688 924 862 996 babuerunt,
882 925 930 997 qui
950 925 1052 984 divinae
1070 927 1218 1001 sapientiae
1237 928 1277 987 si·

77 1002 109 1053 tus
119 997 158 1066 sis,
173 996 282 1054 scilicet
296 996 326 1053 in
345 994 487 1069 spirituali
506 1001 630 1066 statura;
689 996 879 1054 militudinem
890 996 943 1054 sibi
958 1014 1096 1066 usurpare
1111 1000 1272 1059 voluerunt.

77 1081 139 1139 pru
158 1083 262 1140 parvus
287 1084 342 1150 per
369 1067 571 1137 humilitatem,
603 1073 633 1125 ut
688 1068 766 1125 lianc
776 1067 1119 1140 igiturbumilitatemille
1131 1071 1275 1144 malignus

76 1136 153 1197 sdatu
166 1156 202 1197 an
216 1155 311 1213 possis
329 1143 548 1219 perangustum
566 1155 631 1211 por·
687 1155 745 1196 non
765 1140 900 1210 habebat,
919 1139 966 1213 qui
991 1157 1022 1197 se
1037 1141 1184 1213 extollens,
1203 1142 1276 1201 divi·

75 1210 223 1268 ttnintrare
238 1211 276 1267 ad
291 1209 497 1282 vitam3quam
511 1226 631 1281 magnus
686 1226 757 1266 num
785 1210 839 1267 sibi
872 1211 1011 1269 honorem
1042 1216 1207 1282 usurpabat.
1240 1216 1276 1273 lit

75 1293 114 1406 ger
130 1282 301 1350 charitatem,
328 1286 358 1338 nt
380 1281 488 1339 sciatur
507 1287 632 1354 quantus
685 1281 779 1338 adhuc
794 1280 1155 1353 hodiequidamimitantur
1168 1285 1276 1344 Lucife-

85 1349 231 1411 'bilocnsin
246 1352 320 1410 coelo
338 1353 486 1412 debeatur.
685 1368 761 1421 rum,
782 1357 813 1410 ut
841 1352 964 1426 tyranni,
983 1352 1030 1426 qui
1054 1354 1198 1413 sariendo
1217 1356 1277 1416 vio·

102 1425 261 1482 sCorsrnssro
282 1442 353 1482 vam
366 1444 399 1481 ar
413 1442 521 1482 nnurnrs
544 1427 631 1482 John·
685 1424 777 1480 lenter
789 1429 928 1497 praesunt,
949 1429 978 1481 et
1002 1424 1158 1494 ambitiosi,
1176 1426 1224 1499 qui
1243 1444 1275 1486 se

75 1507 106 1549 us
121 1497 258 1554 Birrrsra.
287 1528 322 1538 —
346 1499 543 1568 Interrogatus
562 1513 630 1570 ergo
685 1495 846 1553 extollendo
876 1493 1007 1566 nequiter
1042 1496 1274 1565 superioritatem

75 1563 121 1633 ftis
131 1577 208 1639 esset,
222 1571 362 1637 confessas
378 1573 418 1625 est
430 1567 589 1627 veritatem.
604 1574 630 1624 et
685 1565 953 1639 quaruntouidam
966 1565 1117 1624 imitantur
1129 1569 1271 1643 protopla-

74 1642 306 1711 homousianos
325 1639 402 1696 enim
426 1645 502 1696 esset
523 1656 630 1707 negare
683 1643 770 1708 stum,
786 1643 818 1695 ut
837 1638 965 1695 baeretici
985 1644 1014 1696 et
1035 1638 1168 1696 homiues
1188 1656 1272 1699 mun·

72 1715 141 1827 ffatim
154 1711 306 1781 Christum,
321 1711 369 1782 qui
381 1714 426 1768 est
440 1710 503 1784 ipsa
513 1710 628 1767 veritas.
683 1710 766 1767 danae
779 1709 937 1782 sapientiae,
956 1709 1004 1781 qni
1030 1711 1128 1767 volunt
1149 1711 1212 1783 plus
1227 1728 1274 1770 sa-

88 1779 264 1856 ndesequitur
279 1801 287 1839 :
303 1786 340 1839 nt
354 1785 629 1853 confessuscstquio
682 1797 761 1853 pere,
777 1797 862 1853 quam
886 1786 999 1852 oportet
1021 1797 1131 1853 sapere.
1153 1783 1275 1851 Quidam

67 1854 169 1911 lstratum
183 1872 233 1923 eqo
252 1856 386 1912 Christus.
408 1857 439 1910 ln
464 1869 519 1925 qno
538 1853 629 1925 magis
682 1869 751 1909 vero
777 1853 964 1924 praefigurant
991 1852 1197 1910 hntirtbristum
1212 1897 1220 1925 ,
1238 1860 1272 1913 ut

63 1913 220 1992 fflncntem
239 1931 269 1982 ct
291 1925 482 1982 intentionem
497 1941 628 1996 quaereu-
681 1924 849 1996 hypocritae,
858 1923 1025 1982 simulantes
1035 1924 1226 1996 sanctitatem,
1238 1942 1273 1985 ac

63 1979 127 2066 lun,
143 2013 226 2069 quam
241 1996 278 2053 ad
293 1998 381 2055 verba
394 2001 423 2053 et
441 1996 628 2069 questionem
682 1996 834 2053 mendaces
848 2000 877 2052 et
900 1995 1002 2068 dolosi,
1016 2001 1154 2069 negantes
1168 1998 1273 2058 verita·

63 2062 199 2139 l&spondit
225 2069 269 2125 hd
288 2069 344 2125 hoc
362 2067 439 2125 enim
460 2068 628 2139 quaerebant
681 2073 749 2125 tem.

63 2135 111 2217 [Illa
122 2144 205 2209 esset,
226 2146 258 2196 nt
269 2139 456 2213 responderet
468 2138 542 2196 eissi
553 2144 628 2196 esset
716 2144 733 2196 ὅ
750 2140 895 2196 hovnnrns
910 2141 1018 2196 hiessrn
1033 2157 1157 2198 rsuronr
1171 2159 1273 2200 anasse

63 2203 226 2280 hristusmn
240 2227 308 2268 non.
322 2211 401 2268 Unde
414 2209 480 2268 licet
495 2226 628 2282 expresse
682 2228 809 2267 serenam
822 2213 918 2267 tuoni.
934 2242 969 2254 -
980 2210 1078 2283 Igitur.
1095 2213 1163 2284 quia
1177 2213 1271 2271 Judaei

63 2293 101 2339 on
108 2286 268 2355 quererent
277 2298 314 2338 an
324 2282 385 2354 ipse
395 2287 472 2340 esset
481 2282 611 2339 Christus
617 2299 626 2353 ;
683 2283 864 2339 aestimabant
877 2284 1017 2339 loannem
1035 2298 1098 2339 esse
1113 2285 1268 2355 Christum,

64 2358 214 2422 octamen,
227 2354 384 2411 secundnm
396 2356 625 2424 chrysostomum,
683 2355 713 2410 in
740 2355 813 2425 Lege
830 2354 1014 2424 promissum,
1032 2359 1113 2435 patet
1132 2355 1208 2425 quod
1222 2371 1270 2412 se·

63 2425 229 2483 mandebant
257 2424 286 2481 in
315 2426 411 2495 corde,
437 2431 469 2482 ut
494 2432 571 2497 patet
593 2441 626 2482 ex
683 2425 806 2482 cundum
820 2424 1108 2495 Scripturas,scrlicot
1124 2442 1130 2479 :
1144 2429 1271 2484 Nonou·

63 2496 160 2556 munis
174 2495 369 2569 responsione.
383 2497 535 2554 Confcssus
545 2501 627 2554 estse
682 2500 788 2566 seretur
812 2512 841 2551 sc
877 2502 949 2550 trum
978 2495 1013 2549 do
1040 2497 1125 2560 tudo,
1146 2501 1224 2553 etc...
1241 2501 1271 2554 et

63 2584 101 2627 on
115 2584 179 2626 esse
193 2569 270 2640 quod
288 2584 347 2625 non
366 2574 444 2637 erat;
462 2585 519 2625 non
544 2584 629 2641 nega·
683 2568 848 2637 huiuscemo
872 2567 1052 2634 i,Domrmcae
1064 2566 1270 2624 incarnationis

65 2645 127 2698 tse
141 2656 205 2699 esse
227 2640 391 2713 quoderat.
413 2641 565 2697 Confessus
585 2645 628 2695 ost
683 2644 796 2708 tempus
809 2638 920 2703 adesse,
936 2639 1004 2692 tunc
1022 2636 1065 2692 eis
1091 2635 1143 2693 fuit
1158 2641 1267 2696 notum.

63 2732 67 2767 ι
92 2727 154 2769 non
175 2728 238 2769 esse
258 2710 413 2781 Christum,
432 2712 509 2783 qnod
531 2710 627 2781 opinio
684 2709 739 2767 Sed
754 2707 825 2764 mira
839 2706 1136 2775 cacitastudaeorum,
1148 2707 1271 2780 quicum

63 2783 117 2856 rlgi
142 2782 256 2856 publica
279 2784 418 2850 habebat;
444 2790 473 2839 et
496 2799 553 2839 non
577 2798 627 2838 ne·
684 2780 834 2838 crederent
857 2781 999 2836 loannem
1023 2795 1085 2836 esse
1115 2778 1269 2853 Christum,

63 2858 119 2912 avit
143 2870 175 2911 se
196 2870 257 2910 esse
281 2853 385 2912 Christi
409 2856 626 2922 Praecursorem,
684 2852 802 2909 credere
821 2849 966 2921 nolebant,
984 2850 1045 2924 ipso
1064 2854 1175 2909 Joannc
1195 2856 1268 2910 atte-

63 2925 118 2984 aod
132 2930 204 2982 erat.
221 2925 372 2983 Confessus
387 2930 430 2982 cst
445 2942 476 2982 se
491 2941 549 2980 non
565 2941 628 2981 esse
684 2929 789 2995 stante,
805 2922 947 2982 Christum
960 2939 1023 2980 esse
1036 2923 1212 2981 salvatorem
1227 2927 1271 2982 tot

62 2994 187 3066 rdioem3
216 3013 275 3053 non
310 3012 341 3053 se
380 2995 495 3069 negarit
522 2995 628 3067 judicis
683 2994 820 3065 signisac
841 2994 993 3053 virtutibus
1016 2996 1219 3068 approbatuml
1236 2998 1271 3055 Iit

63 3082 213 3126 raeconem.
249 3067 397 3126 Confessus
427 3073 472 3124 cst
506 3083 536 3123 so
570 3083 626 3123 non
684 3067 751 3140 quia
769 3068 874 3126 sicuta
896 3067 1002 3151 populo
1022 3069 1197 3138 Juoaeorum,
1221 3084 1270 3126 er·

63 3154 106 3198 rso
123 3138 257 3196 Ecclesia
278 3140 436 3212 Sponsum;
456 3154 515 3195 non
541 3154 626 3210 nega·
684 3140 864 3211 spectabatur
879 3139 1007 3196 Chrrstus
1021 3146 1174 3209 venturus;
1185 3139 1226 3197 ita
1239 3144 1270 3197 et

63 3211 80 3268 {t
107 3226 141 3268 se
168 3209 302 3267 amicum.
338 3211 492 3267 Confessus
521 3215 564 3267 est
595 3226 626 3266 se
683 3211 758 3267 Elias
774 3211 865 3283 ipsum
880 3225 1081 3281 pracessurus.
1098 3211 1175 3268 Sicut
1191 3210 1269 3268 enim

63 3297 99 3341 on
127 3298 191 3339 esse
219 3282 360 3350 Verbum3
377 3298 434 3338 non
465 3299 495 3338 so
514 3281 629 3353 negarit
683 3282 822 3338 adventus
838 3280 942 3339 Christi
958 3281 1051 3337 fuerat
1075 3280 1182 3338 Judaeis
1199 3296 1266 3351 pro-

63 3368 103 3411 sse
116 3369 226 3411 rocem.
243 3352 336 3426 Elegit
356 3353 446 3411 solide
464 3353 493 3409 in
511 3369 541 3409 se
562 3353 627 3410 sub·
684 3353 802 3419 missns3
820 3352 860 3407 ita
876 3351 962 3408 etiam
981 3350 1050 3406 Eliae
1069 3350 1217 3405 adventus.
1233 3352 1269 3407 Et

64 3428 142 3483 stare
160 3468 167 3496 ,
194 3441 230 3482 ne
251 3426 376 3482 humana
402 3423 535 3497 opinione
563 3423 626 3480 ina·
683 3424 748 3480 ideo
766 3423 895 3479 videntes
914 3419 962 3493 qni
988 3419 1064 3475 missi
1079 3423 1172 3487 erant,
1190 3420 1269 3492 quod

62 3494 118 3554 iter
131 3501 281 3569 raperetur
295 3512 381 3567 super
394 3512 434 3553 se.
444 3496 534 3569 lingis
549 3494 626 3552 onim
680 3497 808 3551 loannes
836 3508 896 3549 non
921 3491 1112 3548 confitebatur
1150 3507 1181 3548 se
1204 3507 1270 3551 esse

63 3566 128 3625 >luit
152 3567 347 3624 infirmitatem
376 3583 457 3625 suam
481 3567 627 3624 humiliter
681 3566 834 3634 Christum,
851 3564 1016 3635 quaerebant
1030 3562 1053 3618 si
1074 3567 1149 3620 esset
1164 3562 1267 3622 Elias:

63 3639 272 3711 cognoscendo
285 3638 360 3695 inter
372 3640 502 3696 membra
519 3637 625 3695 Christi
680 3640 717 3692 Et
731 3639 968 3703 interroqoueruut
986 3650 1046 3690 eum
1065 3654 1074 3691 ε
1091 3636 1164 3703 Quid
1183 3640 1270 3706 erpo?

63 3709 197 3780 umerari,
214 3724 300 3782 quam
323 3711 385 3782 ejus
404 3727 510 3767 nomen
525 3711 624 3765 immo·
680 3710 800 3764 Effusas
824 3709 874 3762 tuf
889 3708 1010 3779 Propter
1026 3707 1082 3764 duo
1102 3710 1269 3779 querebant

64 3784 94 3838 to
111 3783 288 3854 usurpando,
308 3783 344 3838 ab
362 3780 423 3853 ipso
443 3781 546 3838 Christi
566 3796 627 3836 cor·
680 3779 704 3836 si
722 3785 797 3836 esset
810 3777 886 3836 Elias
901 3795 919 3843 :¹
930 3794 1050 3850 quorum
1070 3795 1158 3836 unum
1172 3784 1216 3836 est
1230 3780 1268 3838 si-

63 3867 108 3909 rre
126 3853 264 3910 abscindi.
275 3852 324 3909 Hic
334 3869 402 3924 erqo
414 3850 625 3910 nobisJoaunis
681 3851 810 3907 mititudo
824 3849 948 3920 habitus,
964 3855 993 3906 et
1011 3849 1076 3907 vitre
1090 3851 1244 3909 austeritas
1257 3868 1265 3921 ;

63 3922 196 3993 hmilitas,
212 3940 269 3996 qna
282 3923 351 3980 nihil
367 3925 459 3996 majus
480 3928 533 3992 est,
551 3939 626 3979 com-
680 3922 757 3980 aliud
785 3920 939 3979 similitudo
962 3921 1059 3993 oflicii,
1079 3923 1267 3997 precedendo

63 3994 208 4063 tendatur,
233 3995 281 4067 qui
306 4012 370 4052 cnm
399 4000 486 4052 tantae
514 3994 625 4051 virtutis
679 3994 832 4052 adventum
847 3991 961 4051 Christi.

63 4069 116 4123 sset
131 4070 160 4123 et
174 4067 352 4124 auctoritatis
367 4067 441 4139 apud
454 4067 577 4134 iudanos,
594 4071 625 4121 ut
715 4067 905 4134 bSrurnrrnno
925 4067 1041 4123 Jonnms
1060 4083 1112 4124 cun
1136 4068 1214 4131 Earn.
1232 4093 1268 4108 —

63 4152 106 4195 rm
119 4139 270 4197 crederent
284 4137 436 4209 Christum,
452 4154 509 4195 non
524 4142 567 4194 est
581 4143 624 4193 ta·
681 4137 838 4210 Respondit
851 4141 946 4196 autem
960 4154 991 4195 se
1005 4154 1063 4195 non
1075 4155 1138 4196 osso
1151 4139 1240 4195 liliam
1256 4151 1264 4190 ε
