<?xml version="1.0" encoding="UTF-8"?>
<!DOCTYPE html PUBLIC "-//W3C//DTD XHTML 1.0 Transitional//EN"
    "http://www.w3.org/TR/xhtml1/DTD/xhtml1-transitional.dtd">
<html xmlns="http://www.w3.org/1999/xhtml" xml:lang="en" lang="en">
 <head>
  <title>
</title>
<meta http-equiv="Content-Type" content="text/html;charset=utf-8" />
  <meta name='ocr-system' content='tesseract 3.04.00' />
  <meta name='ocr-capabilities' content='ocr_page ocr_carea ocr_par ocr_line ocrx_word'/>
</head>
<body>
  <div class='ocr_page' id='page_1' title='image "./vitajesuchristi02ludogoog_0245.png"; bbox 0 0 2790 4912; ppageno 0'>
   <div class='ocr_carea' id='block_1_1' title="bbox 335 111 1321 174">
    <p class='ocr_par' dir='ltr' id='par_1_1' title="bbox 335 111 1321 174">
     <span class='ocr_line' id='line_1_1' title="bbox 335 111 1321 174; baseline -0.006 -1"><span class='ocrx_word' id='word_1_1' title='bbox 335 119 375 173; x_wconf 82' lang='lat' dir='ltr'><strong>bs</strong></span> <span class='ocrx_word' id='word_1_2' title='bbox 402 117 695 174; x_wconf 77' lang='lat' dir='ltr'><strong>luctacsttlllour</strong></span> <span class='ocrx_word' id='word_1_3' title='bbox 723 117 861 173; x_wconf 75' lang='lat' dir='ltr'><strong>tostius</strong></span> <span class='ocrx_word' id='word_1_4' title='bbox 888 113 1072 169; x_wconf 78' lang='lat' dir='ltr'><strong>sirrisrd.</strong></span> <span class='ocrx_word' id='word_1_5' title='bbox 1275 111 1321 168; x_wconf 57' lang='grc' dir='ltr'><strong>Ν</strong></span> 
     </span>
    </p>
   </div>
   <div class='ocr_carea' id='block_1_2' title="bbox 93 215 1312 438">
    <p class='ocr_par' dir='ltr' id='par_1_2' title="bbox 93 215 1312 438">
     <span class='ocr_line' id='line_1_2' title="bbox 93 215 1312 288; baseline -0.007 -8"><span class='ocrx_word' id='word_1_6' title='bbox 93 218 235 280; x_wconf 77' lang='lat' dir='ltr'><strong>lumiliter</strong></span> <span class='ocrx_word' id='word_1_7' title='bbox 256 228 286 279; x_wconf 89' lang='lat' dir='ltr'><strong>et</strong></span> <span class='ocrx_word' id='word_1_8' title='bbox 313 238 379 280; x_wconf 93' lang='lat' dir='ltr'><strong>cum</strong></span> <span class='ocrx_word' id='word_1_9' title='bbox 397 222 512 281; x_wconf 88' lang='lat' dir='ltr'><strong>silentio</strong></span> <span class='ocrx_word' id='word_1_10' title='bbox 528 229 676 281; x_wconf 90' lang='lat' dir='ltr'><strong>contume·</strong></span> <span class='ocrx_word' id='word_1_11' title='bbox 730 221 870 280; x_wconf 87' lang='lat' dir='ltr'><strong>sationem</strong></span> <span class='ocrx_word' id='word_1_12' title='bbox 881 217 1123 286; x_wconf 87' lang='lat' dir='ltr'><strong>babebimusnos,</strong></span> <span class='ocrx_word' id='word_1_13' title='bbox 1136 215 1184 288; x_wconf 94' lang='lat' dir='ltr'><strong>qui</strong></span> <span class='ocrx_word' id='word_1_14' title='bbox 1195 220 1312 288; x_wconf 86' lang='lat' dir='ltr'><strong>proptor</strong></span> 
     </span>
     <span class='ocr_line' id='line_1_3' title="bbox 97 288 1311 368; baseline -0.007 -16"><span class='ocrx_word' id='word_1_15' title='bbox 97 289 170 364; x_wconf 75' lang='lat' dir='ltr'><strong>lum,</strong></span> <span class='ocrx_word' id='word_1_16' title='bbox 183 298 304 368; x_wconf 86' lang='lat' dir='ltr'><strong>propter</strong></span> <span class='ocrx_word' id='word_1_17' title='bbox 318 294 452 352; x_wconf 85' lang='lat' dir='ltr'><strong>tinmrem</strong></span> <span class='ocrx_word' id='word_1_18' title='bbox 466 299 606 364; x_wconf 90' lang='lat' dir='ltr'><strong>nostrum,</strong></span> <span class='ocrx_word' id='word_1_19' title='bbox 622 309 679 366; x_wconf 89' lang='lat' dir='ltr'><strong>qua</strong></span> <span class='ocrx_word' id='word_1_20' title='bbox 730 293 780 351; x_wconf 85' lang='lat' dir='ltr'><strong>Dei</strong></span> <span class='ocrx_word' id='word_1_21' title='bbox 797 293 928 349; x_wconf 88' lang='lat' dir='ltr'><strong>timorem</strong></span> <span class='ocrx_word' id='word_1_22' title='bbox 942 288 1049 361; x_wconf 85' lang='lat' dir='ltr'><strong>aliquid</strong></span> <span class='ocrx_word' id='word_1_23' title='bbox 1061 288 1135 344; x_wconf 79' lang='lat' dir='ltr'><strong>ferre</strong></span> <span class='ocrx_word' id='word_1_24' title='bbox 1145 302 1203 344; x_wconf 95' lang='lat' dir='ltr'><strong>non</strong></span> <span class='ocrx_word' id='word_1_25' title='bbox 1215 301 1311 359; x_wconf 88' lang='lat' dir='ltr'><strong>possu-</strong></span> 
     </span>
     <span class='ocr_line' id='line_1_4' title="bbox 104 358 1185 438; baseline -0.008 -15"><span class='ocrx_word' id='word_1_26' title='bbox 104 366 175 424; x_wconf 80' lang='lat' dir='ltr'><strong>icuia</strong></span> <span class='ocrx_word' id='word_1_27' title='bbox 188 364 269 438; x_wconf 77' lang='lat' dir='ltr'><strong>digni</strong></span> <span class='ocrx_word' id='word_1_28' title='bbox 290 366 408 437; x_wconf 87' lang='lat' dir='ltr'><strong>erimus,</strong></span> <span class='ocrx_word' id='word_1_29' title='bbox 423 369 473 423; x_wconf 88' lang='lat' dir='ltr'><strong>aut</strong></span> <span class='ocrx_word' id='word_1_30' title='bbox 491 382 576 438; x_wconf 89' lang='lat' dir='ltr'><strong>quam</strong></span> <span class='ocrx_word' id='word_1_31' title='bbox 595 382 677 424; x_wconf 86' lang='lat' dir='ltr'><strong>excu-</strong></span> <span class='ocrx_word' id='word_1_32' title='bbox 732 381 806 431; x_wconf 91' lang='lat' dir='ltr'><strong>mus,</strong></span> <span class='ocrx_word' id='word_1_33' title='bbox 820 362 912 436; x_wconf 77' lang='lat' dir='ltr'><strong>magis</strong></span> <span class='ocrx_word' id='word_1_34' title='bbox 925 367 1020 419; x_wconf 87' lang='lat' dir='ltr'><strong>autem</strong></span> <span class='ocrx_word' id='word_1_35' title='bbox 1035 358 1185 417; x_wconf 91' lang='lat' dir='ltr'><strong>nolumusl</strong></span> 
     </span>
    </p>
   </div>
   <div class='ocr_carea' id='block_1_3' title="bbox 642 558 771 617">
    <p class='ocr_par' dir='ltr' id='par_1_3' title="bbox 642 558 771 617">
     <span class='ocr_line' id='line_1_5' title="bbox 642 558 771 617; baseline 0.008 -1"><span class='ocrx_word' id='word_1_36' title='bbox 642 558 771 617; x_wconf 77' lang='lat' dir='ltr'>ORATIO</span> 
     </span>
    </p>
   </div>
   <div class='ocr_carea' id='block_1_4' title="bbox 60 715 1326 1366">
    <p class='ocr_par' dir='ltr' id='par_1_4' title="bbox 60 715 1326 1290">
     <span class='ocr_line' id='line_1_6' title="bbox 135 715 1323 797; baseline -0.008 -16"><span class='ocrx_word' id='word_1_37' title='bbox 135 724 308 792; x_wconf 70' lang='lat' dir='ltr'><strong>influmine</strong></span> <span class='ocrx_word' id='word_1_38' title='bbox 316 721 526 792; x_wconf 81' lang='lat' dir='ltr'><strong>umversorum,</strong></span> <span class='ocrx_word' id='word_1_39' title='bbox 539 722 589 793; x_wconf 92' lang='lat' dir='ltr'><strong>qui</strong></span> <span class='ocrx_word' id='word_1_40' title='bbox 598 722 707 780; x_wconf 87' lang='lat' dir='ltr'><strong>nullam</strong></span> <span class='ocrx_word' id='word_1_41' title='bbox 718 723 827 779; x_wconf 90' lang='lat' dir='ltr'><strong>habens</strong></span> <span class='ocrx_word' id='word_1_42' title='bbox 839 719 1034 792; x_wconf 81' lang='lat' dir='ltr'><strong>indigentiam,</strong></span> <span class='ocrx_word' id='word_1_43' title='bbox 1044 718 1174 777; x_wconf 86' lang='lat' dir='ltr'><strong>voluistis</strong></span> <span class='ocrx_word' id='word_1_44' title='bbox 1185 715 1323 797; x_wconf 81' lang='lat' dir='ltr'><strong>templum</strong></span> 
     </span>
     <span class='ocr_line' id='line_1_7' title="bbox 112 786 1324 870; baseline -0.008 -18"><span class='ocrx_word' id='word_1_45' title='bbox 112 798 175 852; x_wconf 86' lang='lat' dir='ltr'><strong>trum</strong></span> <span class='ocrx_word' id='word_1_46' title='bbox 188 794 251 851; x_wconf 86' lang='lat' dir='ltr'><strong>fleri</strong></span> <span class='ocrx_word' id='word_1_47' title='bbox 267 794 296 850; x_wconf 93' lang='lat' dir='ltr'><strong>in</strong></span> <span class='ocrx_word' id='word_1_48' title='bbox 310 794 394 852; x_wconf 92' lang='lat' dir='ltr'><strong>nobis</strong></span> <span class='ocrx_word' id='word_1_49' title='bbox 410 813 418 850; x_wconf 91' lang='lat'>:</span> <span class='ocrx_word' id='word_1_50' title='bbox 440 794 512 867; x_wconf 87' lang='lat' dir='ltr'><strong>ejice</strong></span> <span class='ocrx_word' id='word_1_51' title='bbox 527 810 545 851; x_wconf 91' lang='lat' dir='ltr'><strong>a</strong></span> <span class='ocrx_word' id='word_1_52' title='bbox 568 794 654 852; x_wconf 88' lang='lat' dir='ltr'><strong>corde</strong></span> <span class='ocrx_word' id='word_1_53' title='bbox 668 800 697 850; x_wconf 91' lang='lat' dir='ltr'><strong>et</strong></span> <span class='ocrx_word' id='word_1_54' title='bbox 711 810 830 866; x_wconf 86' lang='lat' dir='ltr'><strong>corpore</strong></span> <span class='ocrx_word' id='word_1_55' title='bbox 849 808 912 849; x_wconf 92' lang='lat' dir='ltr'><strong>meo</strong></span> <span class='ocrx_word' id='word_1_56' title='bbox 935 790 1031 848; x_wconf 88' lang='lat' dir='ltr'><strong>omnia</strong></span> <span class='ocrx_word' id='word_1_57' title='bbox 1043 789 1214 848; x_wconf 83' lang='lat' dir='ltr'><strong>offendicula</strong></span> <span class='ocrx_word' id='word_1_58' title='bbox 1233 793 1265 870; x_wconf 73' lang='lat' dir='ltr'><strong>et</strong></span> <span class='ocrx_word' id='word_1_59' title='bbox 1272 786 1324 843; x_wconf 92' lang='lat' dir='ltr'><strong>tib1</strong></span> 
     </span>
     <span class='ocr_line' id='line_1_8' title="bbox 112 859 1326 939; baseline -0.007 -17"><span class='ocrx_word' id='word_1_60' title='bbox 112 863 282 939; x_wconf 70' lang='lat' dir='ltr'><strong>displicentia,</strong></span> <span class='ocrx_word' id='word_1_61' title='bbox 299 866 442 923; x_wconf 90' lang='lat' dir='ltr'><strong>mundans</strong></span> <span class='ocrx_word' id='word_1_62' title='bbox 467 881 513 923; x_wconf 88' lang='lat' dir='ltr'><strong>me</strong></span> <span class='ocrx_word' id='word_1_63' title='bbox 536 866 573 923; x_wconf 87' lang='lat' dir='ltr'><strong>ab</strong></span> <span class='ocrx_word' id='word_1_64' title='bbox 588 866 719 923; x_wconf 92' lang='lat' dir='ltr'><strong>omnibus</strong></span> <span class='ocrx_word' id='word_1_65' title='bbox 743 863 978 937; x_wconf 75' lang='lat' dir='ltr'><strong>inquinamentis,</strong></span> <span class='ocrx_word' id='word_1_66' title='bbox 995 868 1023 918; x_wconf 91' lang='lat' dir='ltr'><strong>et</strong></span> <span class='ocrx_word' id='word_1_67' title='bbox 1041 860 1160 919; x_wconf 91' lang='lat' dir='ltr'><strong>maculis</strong></span> <span class='ocrx_word' id='word_1_68' title='bbox 1178 864 1282 917; x_wconf 88' lang='lat' dir='ltr'><strong>mentis</strong></span> <span class='ocrx_word' id='word_1_69' title='bbox 1298 859 1326 915; x_wconf 89' lang='lat' dir='ltr'><strong>et</strong></span> 
     </span>
     <span class='ocr_line' id='line_1_9' title="bbox 62 929 1326 1010; baseline -0.006 -17"><span class='ocrx_word' id='word_1_70' title='bbox 62 996 65 1001; x_wconf 75' lang='grc'>,</span> <span class='ocrx_word' id='word_1_71' title='bbox 113 936 231 1009; x_wconf 86' lang='lat' dir='ltr'><strong>corporis,</strong></span> <span class='ocrx_word' id='word_1_72' title='bbox 248 943 276 994; x_wconf 90' lang='lat' dir='ltr'><strong>et</strong></span> <span class='ocrx_word' id='word_1_73' title='bbox 290 938 333 994; x_wconf 85' lang='lat' dir='ltr'><strong>iac</strong></span> <span class='ocrx_word' id='word_1_74' title='bbox 347 937 384 994; x_wconf 89' lang='lat' dir='ltr'><strong>dc</strong></span> <span class='ocrx_word' id='word_1_75' title='bbox 398 953 443 994; x_wconf 89' lang='lat' dir='ltr'><strong>me</strong></span> <span class='ocrx_word' id='word_1_76' title='bbox 460 937 512 995; x_wconf 91' lang='lat' dir='ltr'><strong>tibi</strong></span> <span class='ocrx_word' id='word_1_77' title='bbox 524 938 660 1009; x_wconf 87' lang='lat' dir='ltr'><strong>templum</strong></span> <span class='ocrx_word' id='word_1_78' title='bbox 674 942 785 1010; x_wconf 79' lang='lat' dir='ltr'><strong>gratum</strong></span> <span class='ocrx_word' id='word_1_79' title='bbox 799 941 827 992; x_wconf 88' lang='lat' dir='ltr'><strong>et</strong></span> <span class='ocrx_word' id='word_1_80' title='bbox 839 936 986 1004; x_wconf 89' lang='lat' dir='ltr'><strong>idoneum,</strong></span> <span class='ocrx_word' id='word_1_81' title='bbox 997 935 1025 989; x_wconf 95' lang='lat' dir='ltr'><strong>in</strong></span> <span class='ocrx_word' id='word_1_82' title='bbox 1038 949 1093 1004; x_wconf 93' lang='lat' dir='ltr'><strong>quo</strong></span> <span class='ocrx_word' id='word_1_83' title='bbox 1108 931 1236 989; x_wconf 89' lang='lat' dir='ltr'><strong>babitare</strong></span> <span class='ocrx_word' id='word_1_84' title='bbox 1251 929 1326 987; x_wconf 89' lang='lat' dir='ltr'><strong>dele·</strong></span> 
     </span>
     <span class='ocr_line' id='line_1_10' title="bbox 60 1003 1325 1079; baseline -0.006 -14"><span class='ocrx_word' id='word_1_85' title='bbox 60 1040 65 1047; x_wconf 83' lang='lat'><em>=</em></span> <span class='ocrx_word' id='word_1_86' title='bbox 112 1007 179 1065; x_wconf 78' lang='lat' dir='ltr'><strong>cens</strong></span> <span class='ocrx_word' id='word_1_87' title='bbox 191 1011 233 1076; x_wconf 88' lang='lat' dir='ltr'><strong>lu,</strong></span> <span class='ocrx_word' id='word_1_88' title='bbox 249 1009 331 1079; x_wconf 88' lang='lat' dir='ltr'><strong>cujus</strong></span> <span class='ocrx_word' id='word_1_89' title='bbox 354 1008 465 1065; x_wconf 76' lang='lat' dir='ltr'><strong>deliciae</strong></span> <span class='ocrx_word' id='word_1_90' title='bbox 482 1014 549 1065; x_wconf 93' lang='lat' dir='ltr'><strong>sunt</strong></span> <span class='ocrx_word' id='word_1_91' title='bbox 564 1024 627 1065; x_wconf 88' lang='lat' dir='ltr'><strong>esse</strong></span> <span class='ocrx_word' id='word_1_92' title='bbox 643 1024 707 1065; x_wconf 94' lang='lat' dir='ltr'><strong>cum</strong></span> <span class='ocrx_word' id='word_1_93' title='bbox 732 1007 799 1063; x_wconf 86' lang='lat' dir='ltr'><strong>liliis</strong></span> <span class='ocrx_word' id='word_1_94' title='bbox 815 1006 973 1062; x_wconf 90' lang='lat' dir='ltr'><strong>bominum.</strong></span> <span class='ocrx_word' id='word_1_95' title='bbox 994 1006 1016 1062; x_wconf 88' lang='lat'>0</span> <span class='ocrx_word' id='word_1_96' title='bbox 1038 1003 1191 1076; x_wconf 83' lang='lat' dir='ltr'><strong>Sapientia,</strong></span> <span class='ocrx_word' id='word_1_97' title='bbox 1209 1017 1272 1073; x_wconf 86' lang='lat' dir='ltr'><strong>quae</strong></span> <span class='ocrx_word' id='word_1_98' title='bbox 1291 1015 1325 1057; x_wconf 82' lang='lat' dir='ltr'><strong>ox</strong></span> 
     </span>
     <span class='ocr_line' id='line_1_11' title="bbox 112 1076 1324 1152; baseline -0.007 -17"><span class='ocrx_word' id='word_1_99' title='bbox 112 1091 149 1135; x_wconf 87' lang='lat' dir='ltr'><strong>ors</strong></span> <span class='ocrx_word' id='word_1_100' title='bbox 162 1078 297 1136; x_wconf 74' lang='lat' dir='ltr'><strong>ditissimi</strong></span> <span class='ocrx_word' id='word_1_101' title='bbox 322 1079 465 1152; x_wconf 89' lang='lat' dir='ltr'><strong>prodiisti,</strong></span> <span class='ocrx_word' id='word_1_102' title='bbox 483 1085 512 1136; x_wconf 90' lang='lat' dir='ltr'><strong>et</strong></span> <span class='ocrx_word' id='word_1_103' title='bbox 526 1079 661 1150; x_wconf 75' lang='lat' dir='ltr'><strong>Magister</strong></span> <span class='ocrx_word' id='word_1_104' title='bbox 685 1078 734 1150; x_wconf 92' lang='lat' dir='ltr'><strong>qui</strong></span> <span class='ocrx_word' id='word_1_105' title='bbox 760 1095 778 1135; x_wconf 88' lang='lat' dir='ltr'><strong>a</strong></span> <span class='ocrx_word' id='word_1_106' title='bbox 801 1080 859 1134; x_wconf 89' lang='lat' dir='ltr'><strong>Deo</strong></span> <span class='ocrx_word' id='word_1_107' title='bbox 881 1076 993 1144; x_wconf 84' lang='lat' dir='ltr'><strong>venisti,</strong></span> <span class='ocrx_word' id='word_1_108' title='bbox 1013 1077 1083 1132; x_wconf 87' lang='lat' dir='ltr'><strong>doce</strong></span> <span class='ocrx_word' id='word_1_109' title='bbox 1105 1091 1161 1143; x_wconf 88' lang='lat' dir='ltr'><strong>me,</strong></span> <span class='ocrx_word' id='word_1_110' title='bbox 1183 1085 1324 1145; x_wconf 81' lang='lat' dir='ltr'><strong>quaeso,a</strong></span> 
     </span>
     <span class='ocr_line' id='line_1_12' title="bbox 111 1146 1322 1226; baseline -0.006 -21"><span class='ocrx_word' id='word_1_111' title='bbox 111 1148 170 1206; x_wconf 82' lang='lat' dir='ltr'><strong>nalo</strong></span> <span class='ocrx_word' id='word_1_112' title='bbox 181 1149 324 1207; x_wconf 86' lang='lat' dir='ltr'><strong>declinare</strong></span> <span class='ocrx_word' id='word_1_113' title='bbox 341 1157 371 1207; x_wconf 87' lang='lat' dir='ltr'><strong>et</strong></span> <span class='ocrx_word' id='word_1_114' title='bbox 384 1150 491 1207; x_wconf 92' lang='lat' dir='ltr'><strong>bonum</strong></span> <span class='ocrx_word' id='word_1_115' title='bbox 506 1151 610 1219; x_wconf 84' lang='lat' dir='ltr'><strong>lacere,</strong></span> <span class='ocrx_word' id='word_1_116' title='bbox 625 1156 741 1207; x_wconf 88' lang='lat' dir='ltr'><strong>terrena</strong></span> <span class='ocrx_word' id='word_1_117' title='bbox 759 1149 904 1221; x_wconf 83' lang='lat' dir='ltr'><strong>despicere</strong></span> <span class='ocrx_word' id='word_1_118' title='bbox 923 1152 952 1205; x_wconf 90' lang='lat' dir='ltr'><strong>el</strong></span> <span class='ocrx_word' id='word_1_119' title='bbox 966 1146 1092 1203; x_wconf 86' lang='lat' dir='ltr'><strong>coelestia</strong></span> <span class='ocrx_word' id='word_1_120' title='bbox 1107 1161 1213 1226; x_wconf 80' lang='lat' dir='ltr'><strong>amara,</strong></span> <span class='ocrx_word' id='word_1_121' title='bbox 1233 1148 1265 1198; x_wconf 93' lang='lat' dir='ltr'><strong>ut</strong></span> <span class='ocrx_word' id='word_1_122' title='bbox 1275 1156 1322 1198; x_wconf 79' lang='lat' dir='ltr'><strong>vo-</strong></span> 
     </span>
     <span class='ocr_line' id='line_1_13' title="bbox 111 1216 1324 1290; baseline -0.008 -12"><span class='ocrx_word' id='word_1_123' title='bbox 111 1222 179 1278; x_wconf 80' lang='lat' dir='ltr'><strong>terem</strong></span> <span class='ocrx_word' id='word_1_124' title='bbox 191 1221 339 1278; x_wconf 91' lang='lat' dir='ltr'><strong>bominem</strong></span> <span class='ocrx_word' id='word_1_125' title='bbox 354 1237 420 1279; x_wconf 91' lang='lat' dir='ltr'><strong>eum</strong></span> <span class='ocrx_word' id='word_1_126' title='bbox 435 1221 494 1278; x_wconf 90' lang='lat' dir='ltr'><strong>suis</strong></span> <span class='ocrx_word' id='word_1_127' title='bbox 506 1222 616 1279; x_wconf 89' lang='lat' dir='ltr'><strong>actibus</strong></span> <span class='ocrx_word' id='word_1_128' title='bbox 628 1237 735 1279; x_wconf 81' lang='lat' dir='ltr'><strong>exuens</strong></span> <span class='ocrx_word' id='word_1_129' title='bbox 746 1227 774 1277; x_wconf 89' lang='lat' dir='ltr'><strong>et</strong></span> <span class='ocrx_word' id='word_1_130' title='bbox 786 1235 891 1276; x_wconf 78' lang='lat' dir='ltr'><strong>uocum</strong></span> <span class='ocrx_word' id='word_1_131' title='bbox 904 1219 1125 1290; x_wconf 86' lang='lat' dir='ltr'><strong>induens,quasr</strong></span> <span class='ocrx_word' id='word_1_132' title='bbox 1136 1216 1171 1272; x_wconf 88' lang='lat' dir='ltr'><strong>da</strong></span> <span class='ocrx_word' id='word_1_133' title='bbox 1186 1228 1260 1270; x_wconf 83' lang='lat' dir='ltr'><strong>noro</strong></span> <span class='ocrx_word' id='word_1_134' title='bbox 1274 1226 1324 1268; x_wconf 87' lang='lat' dir='ltr'><strong>na·</strong></span> 
     </span>
    </p>

    <p class='ocr_par' dir='ltr' id='par_1_5' title="bbox 111 1291 917 1366">
     <span class='ocr_line' id='line_1_14' title="bbox 111 1291 917 1366; baseline -0.002 -17"><span class='ocrx_word' id='word_1_135' title='bbox 111 1291 145 1349; x_wconf 85' lang='lat' dir='ltr'><strong>trs</strong></span> <span class='ocrx_word' id='word_1_136' title='bbox 155 1307 269 1366; x_wconf 79' lang='lat' dir='ltr'><strong>regnum</strong></span> <span class='ocrx_word' id='word_1_137' title='bbox 284 1298 366 1350; x_wconf 88' lang='lat' dir='ltr'><strong>tuum</strong></span> <span class='ocrx_word' id='word_1_138' title='bbox 381 1292 501 1350; x_wconf 91' lang='lat' dir='ltr'><strong>introire</strong></span> <span class='ocrx_word' id='word_1_139' title='bbox 514 1309 637 1364; x_wconf 88' lang='lat' dir='ltr'><strong>merear,</strong></span> <span class='ocrx_word' id='word_1_140' title='bbox 652 1298 682 1350; x_wconf 89' lang='lat' dir='ltr'><strong>et</strong></span> <span class='ocrx_word' id='word_1_141' title='bbox 695 1292 802 1349; x_wconf 84' lang='lat' dir='ltr'><strong>ridere.</strong></span> <span class='ocrx_word' id='word_1_142' title='bbox 818 1294 917 1348; x_wconf 78' lang='lat' dir='ltr'><strong>Amen.</strong></span> 
     </span>
    </p>
   </div>
   <div class='ocr_carea' id='block_1_5' title="bbox 554 1614 842 1687">
    <p class='ocr_par' dir='ltr' id='par_1_6' title="bbox 554 1614 842 1687">
     <span class='ocr_line' id='line_1_15' title="bbox 554 1614 842 1687; baseline -0.003 0"><span class='ocrx_word' id='word_1_143' title='bbox 554 1614 692 1687; x_wconf 81' lang='lat' dir='ltr'><strong>CAPUT</strong></span> <span class='ocrx_word' id='word_1_144' title='bbox 718 1615 842 1687; x_wconf 82' lang='lat' dir='ltr'><strong>xxvii</strong></span> 
     </span>
    </p>
   </div>
   <div class='ocr_carea' id='block_1_6' title="bbox 380 1834 1020 1883">
    <p class='ocr_par' dir='ltr' id='par_1_7' title="bbox 380 1834 1020 1883">
     <span class='ocr_line' id='line_1_16' title="bbox 380 1834 1020 1883; baseline -0.003 -3"><span class='ocrx_word' id='word_1_145' title='bbox 380 1836 420 1881; x_wconf 74' lang='lat' dir='ltr'><strong>bb</strong></span> <span class='ocrx_word' id='word_1_146' title='bbox 440 1834 697 1883; x_wconf 71' lang='lat' dir='ltr'><strong>messeanamonu</strong></span> <span class='ocrx_word' id='word_1_147' title='bbox 718 1834 840 1882; x_wconf 75' lang='lat' dir='ltr'><strong>JOANNIS</strong></span> <span class='ocrx_word' id='word_1_148' title='bbox 858 1834 1020 1881; x_wconf 77' lang='lat' dir='ltr'><strong>BAPTIS&#39;l&#39;AE.</strong></span> 
     </span>
    </p>
   </div>
   <div class='ocr_carea' id='block_1_7' title="bbox 292 1995 1105 2069">
    <p class='ocr_par' dir='ltr' id='par_1_8' title="bbox 292 1995 1105 2069">
     <span class='ocr_line' id='line_1_17' title="bbox 292 1995 1105 2069; baseline -0.002 -16"><span class='ocrx_word' id='word_1_149' title='bbox 292 1996 390 2053; x_wconf 83' lang='lat' dir='ltr'><strong>ldattb.</strong></span> <span class='ocrx_word' id='word_1_150' title='bbox 406 2011 468 2069; x_wconf 89' lang='lat' dir='ltr'><strong>cap.</strong></span> <span class='ocrx_word' id='word_1_151' title='bbox 484 1997 555 2066; x_wconf 83' lang='lat' dir='ltr'><strong>XIV,</strong></span> <span class='ocrx_word' id='word_1_152' title='bbox 567 1995 654 2052; x_wconf 87' lang='lat' dir='ltr'><strong>ldarci</strong></span> <span class='ocrx_word' id='word_1_153' title='bbox 667 2011 729 2069; x_wconf 87' lang='lat' dir='ltr'><strong>cap.</strong></span> <span class='ocrx_word' id='word_1_154' title='bbox 744 1998 791 2066; x_wconf 91' lang='lat' dir='ltr'><strong>Vl,</strong></span> <span class='ocrx_word' id='word_1_155' title='bbox 805 2001 833 2053; x_wconf 93' lang='lat' dir='ltr'><strong>et</strong></span> <span class='ocrx_word' id='word_1_156' title='bbox 846 1996 963 2053; x_wconf 82' lang='lat' dir='ltr'><strong>loannis</strong></span> <span class='ocrx_word' id='word_1_157' title='bbox 977 2011 1041 2068; x_wconf 91' lang='lat' dir='ltr'><strong>cap.</strong></span> <span class='ocrx_word' id='word_1_158' title='bbox 1057 1997 1105 2051; x_wconf 94' lang='lat' dir='ltr'><strong>lll.</strong></span> 
     </span>
    </p>
   </div>
   <div class='ocr_carea' id='block_1_8' title="bbox 80 2189 1315 4117">
    <p class='ocr_par' dir='ltr' id='par_1_9' title="bbox 80 2189 1304 2843">
     <span class='ocr_line' id='line_1_18' title="bbox 122 2189 1298 2271; baseline -0.003 -23"><span class='ocrx_word' id='word_1_159' title='bbox 122 2213 131 2248; x_wconf 89' lang='grc' dir='ltr'>ι</span> <span class='ocrx_word' id='word_1_160' title='bbox 147 2192 281 2249; x_wconf 80' lang='lat' dir='ltr'><strong>Cunisrus</strong></span> <span class='ocrx_word' id='word_1_161' title='bbox 298 2209 330 2247; x_wconf 81' lang='lat' dir='ltr'><strong>ar</strong></span> <span class='ocrx_word' id='word_1_162' title='bbox 349 2208 480 2247; x_wconf 82' lang='lat' dir='ltr'><strong>niscrrucr</strong></span> <span class='ocrx_word' id='word_1_163' title='bbox 494 2209 556 2248; x_wconf 82' lang='lat' dir='ltr'><strong>sius</strong></span> <span class='ocrx_word' id='word_1_164' title='bbox 570 2209 664 2248; x_wconf 79' lang='lat' dir='ltr'><strong>narri-</strong></span> <span class='ocrx_word' id='word_1_165' title='bbox 712 2193 847 2264; x_wconf 89' lang='lat' dir='ltr'><strong>ptismum</strong></span> <span class='ocrx_word' id='word_1_166' title='bbox 858 2189 952 2247; x_wconf 81' lang='lat' dir='ltr'><strong>Sancti</strong></span> <span class='ocrx_word' id='word_1_167' title='bbox 966 2190 1123 2271; x_wconf 83' lang='lat' dir='ltr'><strong>Spiritus.»</strong></span> <span class='ocrx_word' id='word_1_168' title='bbox 1137 2189 1298 2245; x_wconf 88' lang='lat' dir='ltr'><strong>Secundum</strong></span> 
     </span>
     <span class='ocr_line' id='line_1_19' title="bbox 86 2258 1297 2335; baseline -0.002 -17"><span class='ocrx_word' id='word_1_169' title='bbox 86 2279 156 2318; x_wconf 80' lang='lat' dir='ltr'><strong>acm.</strong></span> <span class='ocrx_word' id='word_1_170' title='bbox 173 2265 288 2319; x_wconf 87' lang='lat' dir='ltr'><strong>—Post</strong></span> <span class='ocrx_word' id='word_1_171' title='bbox 308 2264 374 2326; x_wconf 78' lang='lat' dir='ltr'><strong>bac,</strong></span> <span class='ocrx_word' id='word_1_172' title='bbox 394 2262 503 2319; x_wconf 88' lang='lat' dir='ltr'><strong>scilicet</strong></span> <span class='ocrx_word' id='word_1_173' title='bbox 518 2262 667 2335; x_wconf 91' lang='lat' dir='ltr'><strong>completis</strong></span> <span class='ocrx_word' id='word_1_174' title='bbox 712 2264 910 2330; x_wconf 78' lang='lat' dir='ltr'><strong>Auqustinum.</strong></span> <span class='ocrx_word' id='word_1_175' title='bbox 927 2262 1056 2317; x_wconf 87' lang='lat' dir='ltr'><strong>Christus</strong></span> <span class='ocrx_word' id='word_1_176' title='bbox 1088 2260 1158 2316; x_wconf 92' lang='lat' dir='ltr'><strong>rimo</strong></span> <span class='ocrx_word' id='word_1_177' title='bbox 1174 2258 1297 2331; x_wconf 89' lang='lat' dir='ltr'><strong>baptiza·</strong></span> 
     </span>
     <span class='ocr_line' id='line_1_20' title="bbox 84 2277 1298 2406; baseline -0.005 -15"><span class='ocrx_word' id='word_1_178' title='bbox 84 2331 180 2391; x_wconf 84' lang='lat' dir='ltr'><strong>dicbus</strong></span> <span class='ocrx_word' id='word_1_179' title='bbox 199 2333 280 2390; x_wconf 83' lang='lat' dir='ltr'><strong>iestis</strong></span> <span class='ocrx_word' id='word_1_180' title='bbox 302 2333 331 2390; x_wconf 95' lang='lat' dir='ltr'><strong>in</strong></span> <span class='ocrx_word' id='word_1_181' title='bbox 349 2334 517 2403; x_wconf 85' lang='lat' dir='ltr'><strong>Jerusalem,</strong></span> <span class='ocrx_word' id='word_1_182' title='bbox 536 2350 599 2406; x_wconf 84' lang='lat' dir='ltr'><strong>quae</strong></span> <span class='ocrx_word' id='word_1_183' title='bbox 624 2339 667 2390; x_wconf 89' lang='lat' dir='ltr'><strong>est</strong></span> <span class='ocrx_word' id='word_1_184' title='bbox 714 2334 754 2389; x_wconf 86' lang='lat' dir='ltr'><strong>rit</strong></span> <span class='ocrx_word' id='word_1_185' title='bbox 767 2330 920 2402; x_wconf 90' lang='lat' dir='ltr'><strong>discipulos</strong></span> <span class='ocrx_word' id='word_1_186' title='bbox 935 2347 1010 2402; x_wconf 90' lang='lat' dir='ltr'><strong>aqua</strong></span> <span class='ocrx_word' id='word_1_187' title='bbox 1022 2336 1051 2386; x_wconf 89' lang='lat' dir='ltr'><strong>et</strong></span> <span class='ocrx_word' id='word_1_188' title='bbox 1065 2277 1170 2403; x_wconf 56' lang='lat' dir='ltr'><strong>iprum</strong></span> <span class='ocrx_word' id='word_1_189' title='bbox 1184 2332 1298 2398; x_wconf 89' lang='lat' dir='ltr'><strong>Sancto,</strong></span> 
     </span>
     <span class='ocr_line' id='line_1_21' title="bbox 83 2400 1300 2478; baseline -0.004 -17"><span class='ocrx_word' id='word_1_190' title='bbox 83 2401 183 2462; x_wconf 88' lang='lat' dir='ltr'><strong>inuna</strong></span> <span class='ocrx_word' id='word_1_191' title='bbox 190 2411 273 2478; x_wconf 92' lang='lat' dir='ltr'><strong>parte</strong></span> <span class='ocrx_word' id='word_1_192' title='bbox 283 2405 482 2474; x_wconf 62' lang='lat' dir='ltr'><strong>Judaeaeoemt</strong></span> <span class='ocrx_word' id='word_1_193' title='bbox 489 2408 567 2461; x_wconf 86' lang='lat' dir='ltr'><strong>Jesus</strong></span> <span class='ocrx_word' id='word_1_194' title='bbox 584 2410 610 2461; x_wconf 84' lang='lat' dir='ltr'><strong>et</strong></span> <span class='ocrx_word' id='word_1_195' title='bbox 625 2405 668 2460; x_wconf 82' lang='lat' dir='ltr'><strong>di·</strong></span> <span class='ocrx_word' id='word_1_196' title='bbox 713 2409 813 2477; x_wconf 91' lang='lat' dir='ltr'><strong>postea</strong></span> <span class='ocrx_word' id='word_1_197' title='bbox 833 2402 959 2458; x_wconf 82' lang='lat' dir='ltr'><strong>cilicium</strong></span> <span class='ocrx_word' id='word_1_198' title='bbox 978 2401 1054 2458; x_wconf 94' lang='lat' dir='ltr'><strong>istud</strong></span> <span class='ocrx_word' id='word_1_199' title='bbox 1073 2400 1234 2473; x_wconf 87' lang='lat' dir='ltr'><strong>baptizandi</strong></span> <span class='ocrx_word' id='word_1_200' title='bbox 1251 2416 1300 2457; x_wconf 89' lang='lat' dir='ltr'><strong>eo-</strong></span> 
     </span>
     <span class='ocr_line' id='line_1_22' title="bbox 80 2471 1302 2548; baseline -0.004 -16"><span class='ocrx_word' id='word_1_201' title='bbox 80 2477 183 2548; x_wconf 75' lang='lat' dir='ltr'><strong>scipuli</strong></span> <span class='ocrx_word' id='word_1_202' title='bbox 193 2477 254 2547; x_wconf 76' lang='lat' dir='ltr'><strong>ejus</strong></span> <span class='ocrx_word' id='word_1_203' title='bbox 265 2478 296 2531; x_wconf 84' lang='lat' dir='ltr'><strong>tn</strong></span> <span class='ocrx_word' id='word_1_204' title='bbox 308 2477 442 2541; x_wconf 79' lang='lat' dir='ltr'><strong>Judaeum,</strong></span> <span class='ocrx_word' id='word_1_205' title='bbox 455 2475 536 2533; x_wconf 91' lang='lat' dir='ltr'><strong>idest</strong></span> <span class='ocrx_word' id='word_1_206' title='bbox 546 2475 577 2532; x_wconf 95' lang='lat' dir='ltr'><strong>in</strong></span> <span class='ocrx_word' id='word_1_207' title='bbox 588 2476 666 2532; x_wconf 89' lang='lat' dir='ltr'><strong>illam</strong></span> <span class='ocrx_word' id='word_1_208' title='bbox 715 2476 781 2532; x_wconf 87' lang='lat' dir='ltr'><strong>dem</strong></span> <span class='ocrx_word' id='word_1_209' title='bbox 802 2474 986 2546; x_wconf 79' lang='lat' dir='ltr'><strong>baptismate,</strong></span> <span class='ocrx_word' id='word_1_210' title='bbox 1009 2473 1157 2544; x_wconf 86' lang='lat' dir='ltr'><strong>discipulis</strong></span> <span class='ocrx_word' id='word_1_211' title='bbox 1175 2471 1302 2543; x_wconf 89' lang='lat' dir='ltr'><strong>reliquit,</strong></span> 
     </span>
     <span class='ocr_line' id='line_1_23' title="bbox 81 2541 1304 2622; baseline -0.005 -18"><span class='ocrx_word' id='word_1_212' title='bbox 81 2552 192 2622; x_wconf 82' lang='lat' dir='ltr'><strong>partem</strong></span> <span class='ocrx_word' id='word_1_213' title='bbox 205 2549 322 2617; x_wconf 80' lang='lat' dir='ltr'><strong>Judaeae,</strong></span> <span class='ocrx_word' id='word_1_214' title='bbox 338 2547 446 2604; x_wconf 89' lang='lat' dir='ltr'><strong>scilicet</strong></span> <span class='ocrx_word' id='word_1_215' title='bbox 458 2547 665 2616; x_wconf 89' lang='lat' dir='ltr'><strong>inJordanem,</strong></span> <span class='ocrx_word' id='word_1_216' title='bbox 715 2546 839 2603; x_wconf 90' lang='lat' dir='ltr'><strong>intentus</strong></span> <span class='ocrx_word' id='word_1_217' title='bbox 857 2543 1053 2618; x_wconf 72' lang='lat' dir='ltr'><strong>predicationi</strong></span> <span class='ocrx_word' id='word_1_218' title='bbox 1067 2549 1094 2600; x_wconf 91' lang='lat' dir='ltr'><strong>et</strong></span> <span class='ocrx_word' id='word_1_219' title='bbox 1103 2543 1256 2613; x_wconf 83' lang='lat' dir='ltr'><strong>doctrinae;</strong></span> <span class='ocrx_word' id='word_1_220' title='bbox 1267 2541 1304 2598; x_wconf 90' lang='lat' dir='ltr'><strong>si-</strong></span> 
     </span>
     <span class='ocr_line' id='line_1_24' title="bbox 81 2616 1297 2692; baseline -0.005 -17"><span class='ocrx_word' id='word_1_221' title='bbox 81 2632 146 2692; x_wconf 73' lang='lat' dir='ltr'><strong>quae</strong></span> <span class='ocrx_word' id='word_1_222' title='bbox 159 2633 179 2675; x_wconf 91' lang='lat' dir='ltr'><strong>a</strong></span> <span class='ocrx_word' id='word_1_223' title='bbox 193 2625 270 2675; x_wconf 88' lang='lat' dir='ltr'><strong>sorte</strong></span> <span class='ocrx_word' id='word_1_224' title='bbox 281 2619 373 2688; x_wconf 85' lang='lat' dir='ltr'><strong>Judae,</strong></span> <span class='ocrx_word' id='word_1_225' title='bbox 391 2619 436 2675; x_wconf 83' lang='lat' dir='ltr'><strong>vel</strong></span> <span class='ocrx_word' id='word_1_226' title='bbox 450 2634 467 2675; x_wconf 92' lang='lat' dir='ltr'><strong>a</strong></span> <span class='ocrx_word' id='word_1_227' title='bbox 482 2635 572 2690; x_wconf 82' lang='lat' dir='ltr'><strong>regno</strong></span> <span class='ocrx_word' id='word_1_228' title='bbox 593 2619 667 2675; x_wconf 89' lang='lat' dir='ltr'><strong>dua·</strong></span> <span class='ocrx_word' id='word_1_229' title='bbox 716 2623 790 2675; x_wconf 90' lang='lat' dir='ltr'><strong>cutet</strong></span> <span class='ocrx_word' id='word_1_230' title='bbox 805 2616 956 2689; x_wconf 78' lang='lat' dir='ltr'><strong>Apostolus</strong></span> <span class='ocrx_word' id='word_1_231' title='bbox 968 2616 1072 2673; x_wconf 88' lang='lat' dir='ltr'><strong>Paulus</strong></span> <span class='ocrx_word' id='word_1_232' title='bbox 1085 2631 1190 2688; x_wconf 91' lang='lat' dir='ltr'><strong>paucos</strong></span> <span class='ocrx_word' id='word_1_233' title='bbox 1204 2630 1255 2687; x_wconf 92' lang='lat' dir='ltr'><strong>per</strong></span> <span class='ocrx_word' id='word_1_234' title='bbox 1266 2629 1297 2670; x_wconf 87' lang='lat' dir='ltr'><strong>se</strong></span> 
     </span>
     <span class='ocr_line' id='line_1_25' title="bbox 81 2684 1303 2762; baseline -0.004 -15"><span class='ocrx_word' id='word_1_235' title='bbox 81 2705 144 2747; x_wconf 89' lang='lat' dir='ltr'><strong>rum</strong></span> <span class='ocrx_word' id='word_1_236' title='bbox 175 2689 311 2759; x_wconf 84' lang='lat' dir='ltr'><strong>tribuum,</strong></span> <span class='ocrx_word' id='word_1_237' title='bbox 334 2690 435 2747; x_wconf 85' lang='lat' dir='ltr'><strong>Judaea</strong></span> <span class='ocrx_word' id='word_1_238' title='bbox 457 2690 616 2747; x_wconf 86' lang='lat' dir='ltr'><strong>dicebatur.</strong></span> <span class='ocrx_word' id='word_1_239' title='bbox 644 2695 667 2746; x_wconf 86' lang='grc' dir='ltr'>Α</span> <span class='ocrx_word' id='word_1_240' title='bbox 715 2692 753 2748; x_wconf 89' lang='lat' dir='ltr'><strong>ba</strong></span> <span class='ocrx_word' id='word_1_241' title='bbox 773 2688 878 2758; x_wconf 81' lang='lat' dir='ltr'><strong>timuit,</strong></span> <span class='ocrx_word' id='word_1_242' title='bbox 897 2694 928 2746; x_wconf 90' lang='lat' dir='ltr'><strong>ut</strong></span> <span class='ocrx_word' id='word_1_243' title='bbox 945 2693 1041 2762; x_wconf 88' lang='lat' dir='ltr'><strong>posset</strong></span> <span class='ocrx_word' id='word_1_244' title='bbox 1057 2684 1253 2760; x_wconf 81' lang='lat' dir='ltr'><strong>praedicationi</strong></span> <span class='ocrx_word' id='word_1_245' title='bbox 1268 2685 1303 2742; x_wconf 89' lang='lat' dir='ltr'><strong>ll-</strong></span> 
     </span>
     <span class='ocr_line' id='line_1_26' title="bbox 82 2705 1301 2843; baseline -0.002 -26"><span class='ocrx_word' id='word_1_246' title='bbox 82 2760 160 2843; x_wconf 84' lang='lat' dir='ltr'><strong>lribu</strong></span> <span class='ocrx_word' id='word_1_247' title='bbox 179 2760 257 2818; x_wconf 90' lang='lat' dir='ltr'><strong>enim</strong></span> <span class='ocrx_word' id='word_1_248' title='bbox 285 2761 376 2831; x_wconf 79' lang='lat' dir='ltr'><strong>Judae,</strong></span> <span class='ocrx_word' id='word_1_249' title='bbox 393 2777 459 2833; x_wconf 75' lang='lat' dir='ltr'><strong>quae</strong></span> <span class='ocrx_word' id='word_1_250' title='bbox 478 2766 540 2818; x_wconf 88' lang='lat' dir='ltr'><strong>erat</strong></span> <span class='ocrx_word' id='word_1_251' title='bbox 567 2760 670 2833; x_wconf 92' lang='lat' dir='ltr'><strong>princi·</strong></span> <span class='ocrx_word' id='word_1_252' title='bbox 717 2705 809 2817; x_wconf 61' lang='lat' dir='ltr'><strong>delius</strong></span> <span class='ocrx_word' id='word_1_253' title='bbox 821 2761 978 2818; x_wconf 91' lang='lat' dir='ltr'><strong>intendere.</strong></span> <span class='ocrx_word' id='word_1_254' title='bbox 995 2763 1098 2818; x_wconf 88' lang='lat' dir='ltr'><strong>Postea</strong></span> <span class='ocrx_word' id='word_1_255' title='bbox 1108 2777 1175 2835; x_wconf 83' lang='lat' dir='ltr'><strong>ergo</strong></span> <span class='ocrx_word' id='word_1_256' title='bbox 1192 2758 1245 2816; x_wconf 93' lang='lat' dir='ltr'><strong>soli</strong></span> <span class='ocrx_word' id='word_1_257' title='bbox 1259 2757 1301 2814; x_wconf 93' lang='lat' dir='ltr'><strong>di-</strong></span> 
     </span>
    </p>

    <p class='ocr_par' dir='ltr' id='par_1_10' title="bbox 131 2831 1300 2906">
     <span class='ocr_line' id='line_1_27' title="bbox 131 2831 1300 2906; baseline -0.002 -18"><span class='ocrx_word' id='word_1_258' title='bbox 131 2847 157 2888; x_wconf 88' lang='lat' dir='ltr'><strong>is</strong></span> <span class='ocrx_word' id='word_1_259' title='bbox 171 2837 200 2888; x_wconf 90' lang='lat' dir='ltr'><strong>et</strong></span> <span class='ocrx_word' id='word_1_260' title='bbox 214 2833 294 2904; x_wconf 87' lang='lat' dir='ltr'><strong>regia</strong></span> <span class='ocrx_word' id='word_1_261' title='bbox 309 2837 396 2902; x_wconf 82' lang='lat' dir='ltr'><strong>terra,</strong></span> <span class='ocrx_word' id='word_1_262' title='bbox 409 2832 457 2889; x_wconf 93' lang='lat' dir='ltr'><strong>ubi</strong></span> <span class='ocrx_word' id='word_1_263' title='bbox 469 2832 670 2889; x_wconf 81' lang='lat' dir='ltr'><strong>habitaverunt</strong></span> <span class='ocrx_word' id='word_1_264' title='bbox 717 2833 817 2905; x_wconf 86' lang='lat' dir='ltr'><strong>scipuli</strong></span> <span class='ocrx_word' id='word_1_265' title='bbox 835 2836 903 2890; x_wconf 83' lang='lat' dir='ltr'><strong>lesu</strong></span> <span class='ocrx_word' id='word_1_266' title='bbox 921 2833 1112 2906; x_wconf 87' lang='lat' dir='ltr'><strong>baptizabant,</strong></span> <span class='ocrx_word' id='word_1_267' title='bbox 1133 2850 1167 2890; x_wconf 87' lang='lat' dir='ltr'><strong>ao</strong></span> <span class='ocrx_word' id='word_1_268' title='bbox 1183 2831 1300 2889; x_wconf 92' lang='lat' dir='ltr'><strong>interim</strong></span> 
     </span>
    </p>

    <p class='ocr_par' dir='ltr' id='par_1_11' title="bbox 82 2902 1315 4117">
     <span class='ocr_line' id='line_1_28' title="bbox 104 2902 1302 2989; baseline -0.002 -30"><span class='ocrx_word' id='word_1_269' title='bbox 104 2902 136 2959; x_wconf 95' lang='lat' dir='ltr'><strong>lii</strong></span> <span class='ocrx_word' id='word_1_270' title='bbox 154 2903 252 2974; x_wconf 88' lang='lat' dir='ltr'><strong>lsrael,</strong></span> <span class='ocrx_word' id='word_1_271' title='bbox 276 2903 424 2961; x_wconf 89' lang='lat' dir='ltr'><strong>nominata</strong></span> <span class='ocrx_word' id='word_1_272' title='bbox 441 2909 485 2960; x_wconf 91' lang='lat' dir='ltr'><strong>est</strong></span> <span class='ocrx_word' id='word_1_273' title='bbox 498 2904 597 2961; x_wconf 86' lang='lat' dir='ltr'><strong>ludaea</strong></span> <span class='ocrx_word' id='word_1_274' title='bbox 616 2922 623 2960; x_wconf 75' lang='grc' dir='ltr'><strong>ε</strong></span> <span class='ocrx_word' id='word_1_275' title='bbox 645 2909 671 2959; x_wconf 84' lang='lat' dir='ltr'><strong>et</strong></span> <span class='ocrx_word' id='word_1_276' title='bbox 718 2905 794 2961; x_wconf 87' lang='lat' dir='ltr'><strong>circa</strong></span> <span class='ocrx_word' id='word_1_277' title='bbox 817 2905 920 2962; x_wconf 90' lang='lat' dir='ltr'><strong>altiora</strong></span> <span class='ocrx_word' id='word_1_278' title='bbox 942 2906 1071 2963; x_wconf 91' lang='lat' dir='ltr'><strong>docenda</strong></span> <span class='ocrx_word' id='word_1_279' title='bbox 1095 2910 1242 2989; x_wconf 87' lang='lat' dir='ltr'><strong>occupato.</strong></span> <span class='ocrx_word' id='word_1_280' title='bbox 1271 2904 1302 2958; x_wconf 93' lang='lat' dir='ltr'><strong>ln</strong></span> 
     </span>
     <span class='ocr_line' id='line_1_29' title="bbox 82 2974 1302 3055; baseline -0.002 -24"><span class='ocrx_word' id='word_1_281' title='bbox 82 2975 144 3055; x_wconf 69' lang='lat' dir='ltr'><strong>illic</strong></span> <span class='ocrx_word' id='word_1_282' title='bbox 158 2975 352 3031; x_wconf 71' lang='lat' dir='ltr'><strong>desperabatur</strong></span> <span class='ocrx_word' id='word_1_283' title='bbox 366 2992 426 3031; x_wconf 87' lang='lat' dir='ltr'><strong>cum</strong></span> <span class='ocrx_word' id='word_1_284' title='bbox 441 2978 490 3046; x_wconf 81' lang='lat' dir='ltr'><strong>ets,</strong></span> <span class='ocrx_word' id='word_1_285' title='bbox 506 2980 531 3031; x_wconf 88' lang='lat' dir='ltr'><strong>et</strong></span> <span class='ocrx_word' id='word_1_286' title='bbox 539 2992 591 3047; x_wconf 89' lang='lat' dir='ltr'><strong>pec</strong></span> <span class='ocrx_word' id='word_1_287' title='bbox 604 2991 670 3032; x_wconf 89' lang='lat' dir='ltr'><strong>suos</strong></span> <span class='ocrx_word' id='word_1_288' title='bbox 719 2992 775 3050; x_wconf 91' lang='lat' dir='ltr'><strong>quo</strong></span> <span class='ocrx_word' id='word_1_289' title='bbox 791 2976 869 3033; x_wconf 90' lang='lat' dir='ltr'><strong>dedit</strong></span> <span class='ocrx_word' id='word_1_290' title='bbox 887 2977 1045 3048; x_wconf 78' lang='lat' dir='ltr'><strong>exemplum</strong></span> <span class='ocrx_word' id='word_1_291' title='bbox 1059 2978 1185 3049; x_wconf 75' lang='lat' dir='ltr'><strong>praelatis</strong></span> <span class='ocrx_word' id='word_1_292' title='bbox 1205 2974 1302 3031; x_wconf 86' lang='lat' dir='ltr'><strong>Eccle-</strong></span> 
     </span>
     <span class='ocr_line' id='line_1_30' title="bbox 85 3043 1302 3119; baseline -0.003 -17"><span class='ocrx_word' id='word_1_293' title='bbox 85 3043 240 3118; x_wconf 81' lang='lat' dir='ltr'><strong>drscipulos</strong></span> <span class='ocrx_word' id='word_1_294' title='bbox 261 3046 432 3118; x_wconf 82' lang='lat' dir='ltr'><strong>baptizabat,</strong></span> <span class='ocrx_word' id='word_1_295' title='bbox 456 3047 594 3119; x_wconf 90' lang='lat' dir='ltr'><strong>multique</strong></span> <span class='ocrx_word' id='word_1_296' title='bbox 614 3046 670 3103; x_wconf 86' lang='lat' dir='ltr'><strong>lle·</strong></span> <span class='ocrx_word' id='word_1_297' title='bbox 721 3048 770 3105; x_wconf 86' lang='lat' dir='ltr'><strong>siae</strong></span> <span class='ocrx_word' id='word_1_298' title='bbox 783 3047 977 3103; x_wconf 87' lang='lat' dir='ltr'><strong>committendi</strong></span> <span class='ocrx_word' id='word_1_299' title='bbox 991 3064 1025 3104; x_wconf 90' lang='lat' dir='ltr'><strong>ea</strong></span> <span class='ocrx_word' id='word_1_300' title='bbox 1037 3063 1099 3118; x_wconf 84' lang='lat' dir='ltr'><strong>quae</strong></span> <span class='ocrx_word' id='word_1_301' title='bbox 1115 3064 1165 3118; x_wconf 93' lang='lat' dir='ltr'><strong>per</strong></span> <span class='ocrx_word' id='word_1_302' title='bbox 1185 3045 1302 3102; x_wconf 83' lang='lat' dir='ltr'><strong>interio-</strong></span> 
     </span>
     <span class='ocr_line' id='line_1_31' title="bbox 85 3112 1307 3191; baseline -0.007 -16"><span class='ocrx_word' id='word_1_303' title='bbox 85 3116 158 3175; x_wconf 78' lang='lat' dir='ltr'><strong>bano</strong></span> <span class='ocrx_word' id='word_1_304' title='bbox 178 3116 329 3173; x_wconf 87' lang='lat' dir='ltr'><strong>credentes</strong></span> <span class='ocrx_word' id='word_1_305' title='bbox 345 3124 373 3173; x_wconf 88' lang='lat' dir='ltr'><strong>et</strong></span> <span class='ocrx_word' id='word_1_306' title='bbox 386 3117 515 3190; x_wconf 90' lang='lat' dir='ltr'><strong>discipuli</strong></span> <span class='ocrx_word' id='word_1_307' title='bbox 536 3119 608 3191; x_wconf 85' lang='lat' dir='ltr'><strong>ejus.</strong></span> <span class='ocrx_word' id='word_1_308' title='bbox 627 3119 675 3174; x_wconf 86' lang='lat' dir='ltr'><strong>Ju·</strong></span> <span class='ocrx_word' id='word_1_309' title='bbox 720 3135 767 3174; x_wconf 90' lang='lat' dir='ltr'><strong>res</strong></span> <span class='ocrx_word' id='word_1_310' title='bbox 786 3122 906 3189; x_wconf 86' lang='lat' dir='ltr'><strong>possunt</strong></span> <span class='ocrx_word' id='word_1_311' title='bbox 914 3119 1062 3173; x_wconf 79' lang='lat' dir='ltr'><strong>commode</strong></span> <span class='ocrx_word' id='word_1_312' title='bbox 1080 3118 1194 3183; x_wconf 88' lang='lat' dir='ltr'><strong>sseri‚ut</strong></span> <span class='ocrx_word' id='word_1_313' title='bbox 1207 3113 1262 3185; x_wconf 90' lang='lat' dir='ltr'><strong>ipsi</strong></span> <span class='ocrx_word' id='word_1_314' title='bbox 1273 3112 1307 3168; x_wconf 91' lang='lat' dir='ltr'><strong>li-</strong></span> 
     </span>
     <span class='ocr_line' id='line_1_32' title="bbox 88 3181 1309 3260; baseline -0.006 -16"><span class='ocrx_word' id='word_1_315' title='bbox 88 3185 151 3244; x_wconf 83' lang='lat' dir='ltr'><strong>daea</strong></span> <span class='ocrx_word' id='word_1_316' title='bbox 162 3187 523 3258; x_wconf 73' lang='lat' dir='ltr'><strong>interpretaturoontessio,</strong></span> <span class='ocrx_word' id='word_1_317' title='bbox 538 3189 674 3260; x_wconf 87' lang='lat' dir='ltr'><strong>adquam</strong></span> <span class='ocrx_word' id='word_1_318' title='bbox 724 3187 820 3245; x_wconf 87' lang='lat' dir='ltr'><strong>borius</strong></span> <span class='ocrx_word' id='word_1_319' title='bbox 832 3186 943 3260; x_wconf 89' lang='lat' dir='ltr'><strong>possint</strong></span> <span class='ocrx_word' id='word_1_320' title='bbox 959 3185 988 3241; x_wconf 90' lang='lat' dir='ltr'><strong>in</strong></span> <span class='ocrx_word' id='word_1_321' title='bbox 1008 3186 1155 3242; x_wconf 90' lang='lat' dir='ltr'><strong>altioribus</strong></span> <span class='ocrx_word' id='word_1_322' title='bbox 1172 3181 1309 3241; x_wconf 78' lang='lat' dir='ltr'><strong>exerceri.</strong></span> 
     </span>
     <span class='ocr_line' id='line_1_33' title="bbox 88 3254 1315 3330; baseline -0.002 -17"><span class='ocrx_word' id='word_1_323' title='bbox 88 3256 166 3314; x_wconf 76' lang='lat' dir='ltr'><strong>venit</strong></span> <span class='ocrx_word' id='word_1_324' title='bbox 175 3260 269 3327; x_wconf 83' lang='lat' dir='ltr'><strong>lesus,</strong></span> <span class='ocrx_word' id='word_1_325' title='bbox 278 3257 345 3330; x_wconf 90' lang='lat' dir='ltr'><strong>quia</strong></span> <span class='ocrx_word' id='word_1_326' title='bbox 357 3259 674 3328; x_wconf 85' lang='lat' dir='ltr'><strong>Christuscontltentcs,</strong></span> <span class='ocrx_word' id='word_1_327' title='bbox 725 3262 760 3315; x_wconf 84' lang='lat' dir='ltr'><strong>Et</strong></span> <span class='ocrx_word' id='word_1_328' title='bbox 772 3257 900 3330; x_wconf 84' lang='lat' dir='ltr'><strong>quamvis</strong></span> <span class='ocrx_word' id='word_1_329' title='bbox 911 3259 994 3314; x_wconf 83' lang='lat' dir='ltr'><strong>lesus</strong></span> <span class='ocrx_word' id='word_1_330' title='bbox 1007 3262 1074 3315; x_wconf 93' lang='lat' dir='ltr'><strong>tunc</strong></span> <span class='ocrx_word' id='word_1_331' title='bbox 1085 3272 1143 3312; x_wconf 95' lang='lat' dir='ltr'><strong>non</strong></span> <span class='ocrx_word' id='word_1_332' title='bbox 1159 3254 1315 3329; x_wconf 84' lang='lat' dir='ltr'><strong>baptizarat</strong></span> 
     </span>
     <span class='ocr_line' id='line_1_34' title="bbox 88 3323 1312 3402; baseline -0.004 -17"><span class='ocrx_word' id='word_1_333' title='bbox 88 3328 133 3385; x_wconf 87' lang='lat' dir='ltr'><strong>rel</strong></span> <span class='ocrx_word' id='word_1_334' title='bbox 148 3334 338 3402; x_wconf 69' lang='lat' dir='ltr'><strong>scammata,</strong></span> <span class='ocrx_word' id='word_1_335' title='bbox 356 3330 398 3386; x_wconf 89' lang='lat' dir='ltr'><strong>vel</strong></span> <span class='ocrx_word' id='word_1_336' title='bbox 412 3330 537 3388; x_wconf 84' lang='lat' dir='ltr'><strong>divinam</strong></span> <span class='ocrx_word' id='word_1_337' title='bbox 549 3331 674 3398; x_wconf 88' lang='lat' dir='ltr'><strong>laudem,</strong></span> <span class='ocrx_word' id='word_1_338' title='bbox 727 3331 858 3387; x_wconf 89' lang='lat' dir='ltr'><strong>manibus</strong></span> <span class='ocrx_word' id='word_1_339' title='bbox 879 3328 949 3397; x_wconf 90' lang='lat' dir='ltr'><strong>suis,</strong></span> <span class='ocrx_word' id='word_1_340' title='bbox 969 3335 998 3386; x_wconf 92' lang='lat' dir='ltr'><strong>et</strong></span> <span class='ocrx_word' id='word_1_341' title='bbox 1021 3327 1210 3386; x_wconf 88' lang='lat' dir='ltr'><strong>ministerium</strong></span> <span class='ocrx_word' id='word_1_342' title='bbox 1235 3323 1312 3382; x_wconf 81' lang='lat' dir='ltr'><strong>exbi-</strong></span> 
     </span>
     <span class='ocr_line' id='line_1_35' title="bbox 88 3398 1308 3529; baseline -0.001 -75"><span class='ocrx_word' id='word_1_343' title='bbox 88 3398 204 3469; x_wconf 79' lang='lat' dir='ltr'><strong>risitat3</strong></span> <span class='ocrx_word' id='word_1_344' title='bbox 219 3404 252 3482; x_wconf 42' lang='lat' dir='ltr'><strong>et·</strong></span> <span class='ocrx_word' id='word_1_345' title='bbox 262 3400 318 3482; x_wconf 78' lang='lat' dir='ltr'><strong>illic</strong></span> <span class='ocrx_word' id='word_1_346' title='bbox 333 3402 507 3482; x_wconf 80' lang='lat' dir='ltr'><strong>demoratur,</strong></span> <span class='ocrx_word' id='word_1_347' title='bbox 521 3402 589 3529; x_wconf 65' lang='lat' dir='ltr'><strong>quia</strong></span> <span class='ocrx_word' id='word_1_348' title='bbox 606 3401 677 3458; x_wconf 89' lang='lat' dir='ltr'><strong>tales</strong></span> <span class='ocrx_word' id='word_1_349' title='bbox 727 3400 832 3470; x_wconf 88' lang='lat' dir='ltr'><strong>bendo,</strong></span> <span class='ocrx_word' id='word_1_350' title='bbox 847 3400 897 3457; x_wconf 90' lang='lat' dir='ltr'><strong>sed</strong></span> <span class='ocrx_word' id='word_1_351' title='bbox 912 3399 1041 3474; x_wconf 90' lang='lat' dir='ltr'><strong>discipuli</strong></span> <span class='ocrx_word' id='word_1_352' title='bbox 1056 3402 1133 3473; x_wconf 88' lang='lat' dir='ltr'><strong>ejus;</strong></span> <span class='ocrx_word' id='word_1_353' title='bbox 1148 3398 1308 3474; x_wconf 85' lang='lat' dir='ltr'><strong>baptizabat</strong></span> 
     </span>
     <span class='ocr_line' id='line_1_36' title="bbox 90 3471 1308 3546; baseline 0.001 -20"><span class='ocrx_word' id='word_1_354' title='bbox 90 3485 149 3527; x_wconf 93' lang='lat' dir='ltr'><strong>non</strong></span> <span class='ocrx_word' id='word_1_355' title='bbox 163 3474 445 3542; x_wconf 85' lang='lat' dir='ltr'><strong>transitomevrsitat,</strong></span> <span class='ocrx_word' id='word_1_356' title='bbox 461 3476 489 3528; x_wconf 91' lang='lat' dir='ltr'><strong>et</strong></span> <span class='ocrx_word' id='word_1_357' title='bbox 508 3472 528 3529; x_wconf 93' lang='lat' dir='ltr'><strong>il</strong></span> <span class='ocrx_word' id='word_1_358' title='bbox 540 3472 565 3529; x_wconf 90' lang='lat' dir='ltr'><strong>ic</strong></span> <span class='ocrx_word' id='word_1_359' title='bbox 584 3472 677 3546; x_wconf 85' lang='lat' dir='ltr'><strong>bapti·</strong></span> <span class='ocrx_word' id='word_1_360' title='bbox 728 3477 823 3530; x_wconf 90' lang='lat' dir='ltr'><strong>tamen</strong></span> <span class='ocrx_word' id='word_1_361' title='bbox 847 3472 1000 3544; x_wconf 74' lang='lat' dir='ltr'><strong>praesentia</strong></span> <span class='ocrx_word' id='word_1_362' title='bbox 1028 3471 1195 3546; x_wconf 87' lang='lat' dir='ltr'><strong>majestatis.</strong></span> <span class='ocrx_word' id='word_1_363' title='bbox 1217 3471 1308 3544; x_wconf 90' lang='lat' dir='ltr'><strong>ipsius</strong></span> 
     </span>
     <span class='ocr_line' id='line_1_37' title="bbox 91 3540 1311 3616; baseline 0 -17"><span class='ocrx_word' id='word_1_364' title='bbox 91 3547 146 3611; x_wconf 80' lang='lat' dir='ltr'><strong>ut,</strong></span> <span class='ocrx_word' id='word_1_365' title='bbox 161 3540 192 3598; x_wconf 93' lang='lat' dir='ltr'><strong>id</strong></span> <span class='ocrx_word' id='word_1_366' title='bbox 205 3548 275 3599; x_wconf 91' lang='lat' dir='ltr'><strong>esta</strong></span> <span class='ocrx_word' id='word_1_367' title='bbox 286 3542 411 3614; x_wconf 88' lang='lat' dir='ltr'><strong>peccatis</strong></span> <span class='ocrx_word' id='word_1_368' title='bbox 424 3548 536 3615; x_wconf 79' lang='lat' dir='ltr'><strong>purgat.</strong></span> <span class='ocrx_word' id='word_1_369' title='bbox 546 3544 626 3601; x_wconf 88' lang='lat' dir='ltr'><strong>Unde</strong></span> <span class='ocrx_word' id='word_1_370' title='bbox 639 3542 680 3600; x_wconf 91' lang='lat' dir='ltr'><strong>ait</strong></span> <span class='ocrx_word' id='word_1_371' title='bbox 728 3544 806 3601; x_wconf 92' lang='lat' dir='ltr'><strong>enim</strong></span> <span class='ocrx_word' id='word_1_372' title='bbox 820 3551 880 3601; x_wconf 84' lang='lat' dir='ltr'><strong>erat</strong></span> <span class='ocrx_word' id='word_1_373' title='bbox 895 3544 1031 3616; x_wconf 87' lang='lat' dir='ltr'><strong>Baptismi</strong></span> <span class='ocrx_word' id='word_1_374' title='bbox 1047 3547 1266 3613; x_wconf 89' lang='lat' dir='ltr'><strong>sacramentum,</strong></span> <span class='ocrx_word' id='word_1_375' title='bbox 1282 3544 1311 3601; x_wconf 84' lang='lat' dir='ltr'><strong>ot</strong></span> 
     </span>
     <span class='ocr_line' id='line_1_38' title="bbox 92 3611 1309 3689; baseline 0.002 -21"><span class='ocrx_word' id='word_1_376' title='bbox 92 3611 251 3670; x_wconf 72' lang='lat' dir='ltr'><strong>Alcumeus:</strong></span> <span class='ocrx_word' id='word_1_377' title='bbox 269 3635 284 3664; x_wconf 76' lang='lat' dir='ltr'><strong>u</strong></span> <span class='ocrx_word' id='word_1_378' title='bbox 304 3614 359 3671; x_wconf 88' lang='lat' dir='ltr'><strong>Per</strong></span> <span class='ocrx_word' id='word_1_379' title='bbox 372 3614 501 3671; x_wconf 81' lang='lat' dir='ltr'><strong>Judaeam</strong></span> <span class='ocrx_word' id='word_1_380' title='bbox 519 3614 623 3689; x_wconf 91' lang='lat' dir='ltr'><strong>quippe</strong></span> <span class='ocrx_word' id='word_1_381' title='bbox 642 3614 680 3672; x_wconf 90' lang='lat' dir='ltr'><strong>si·</strong></span> <span class='ocrx_word' id='word_1_382' title='bbox 728 3615 765 3673; x_wconf 92' lang='lat' dir='ltr'><strong>ad</strong></span> <span class='ocrx_word' id='word_1_383' title='bbox 775 3614 929 3688; x_wconf 93' lang='lat' dir='ltr'><strong>discipulos</strong></span> <span class='ocrx_word' id='word_1_384' title='bbox 938 3616 1098 3687; x_wconf 86' lang='lat' dir='ltr'><strong>pertinebat</strong></span> <span class='ocrx_word' id='word_1_385' title='bbox 1110 3614 1309 3674; x_wconf 90' lang='lat' dir='ltr'><strong>ministerium.</strong></span> 
     </span>
     <span class='ocr_line' id='line_1_39' title="bbox 93 3684 1309 3760; baseline 0.002 -19"><span class='ocrx_word' id='word_1_386' title='bbox 93 3684 481 3757; x_wconf 70' lang='lat' dir='ltr'><strong>guanturconlltcntesquos</strong></span> <span class='ocrx_word' id='word_1_387' title='bbox 493 3685 589 3744; x_wconf 84' lang='lat' dir='ltr'><strong>visitat</strong></span> <span class='ocrx_word' id='word_1_388' title='bbox 596 3685 678 3745; x_wconf 85' lang='lat' dir='ltr'><strong>Chri·</strong></span> <span class='ocrx_word' id='word_1_389' title='bbox 729 3687 779 3744; x_wconf 92' lang='lat' dir='ltr'><strong>llic</strong></span> <span class='ocrx_word' id='word_1_390' title='bbox 793 3693 837 3744; x_wconf 90' lang='lat' dir='ltr'><strong>est</strong></span> <span class='ocrx_word' id='word_1_391' title='bbox 851 3690 926 3743; x_wconf 89' lang='lat' dir='ltr'><strong>enim</strong></span> <span class='ocrx_word' id='word_1_392' title='bbox 945 3688 992 3759; x_wconf 94' lang='lat' dir='ltr'><strong>qui</strong></span> <span class='ocrx_word' id='word_1_393' title='bbox 1006 3688 1130 3760; x_wconf 83' lang='lat' dir='ltr'><strong>baptizat</strong></span> <span class='ocrx_word' id='word_1_394' title='bbox 1146 3706 1153 3744; x_wconf 75' lang='grc' dir='ltr'>ε</span> <span class='ocrx_word' id='word_1_395' title='bbox 1178 3703 1246 3759; x_wconf 79' lang='lat' dir='ltr'><strong>ergo</strong></span> <span class='ocrx_word' id='word_1_396' title='bbox 1259 3685 1309 3743; x_wconf 92' lang='lat' dir='ltr'><strong>ad-</strong></span> 
     </span>
     <span class='ocr_line' id='line_1_40' title="bbox 93 3755 1309 3836; baseline 0.003 -25"><span class='ocrx_word' id='word_1_397' title='bbox 93 3755 226 3836; x_wconf 76' lang='lat' dir='ltr'><strong>stus3ubi</strong></span> <span class='ocrx_word' id='word_1_398' title='bbox 238 3755 367 3813; x_wconf 90' lang='lat' dir='ltr'><strong>enimest</strong></span> <span class='ocrx_word' id='word_1_399' title='bbox 379 3762 558 3828; x_wconf 84' lang='lat' dir='ltr'><strong>peccatorum</strong></span> <span class='ocrx_word' id='word_1_400' title='bbox 568 3760 678 3816; x_wconf 84' lang='lat' dir='ltr'><strong>contes-</strong></span> <span class='ocrx_word' id='word_1_401' title='bbox 728 3759 783 3815; x_wconf 91' lang='lat' dir='ltr'><strong>buc</strong></span> <span class='ocrx_word' id='word_1_402' title='bbox 800 3761 883 3815; x_wconf 89' lang='lat' dir='ltr'><strong>lesus</strong></span> <span class='ocrx_word' id='word_1_403' title='bbox 907 3758 1042 3830; x_wconf 88' lang='lat' dir='ltr'><strong>baptizat,</strong></span> <span class='ocrx_word' id='word_1_404' title='bbox 1057 3765 1086 3817; x_wconf 93' lang='lat' dir='ltr'><strong>et</strong></span> <span class='ocrx_word' id='word_1_405' title='bbox 1101 3775 1245 3832; x_wconf 87' lang='lat' dir='ltr'><strong>quousque</strong></span> <span class='ocrx_word' id='word_1_406' title='bbox 1260 3759 1309 3816; x_wconf 87' lang='lat' dir='ltr'><strong>ba·</strong></span> 
     </span>
     <span class='ocr_line' id='line_1_41' title="bbox 92 3825 1309 3905; baseline 0.002 -23"><span class='ocrx_word' id='word_1_407' title='bbox 92 3840 147 3894; x_wconf 82' lang='lat' dir='ltr'><strong>ruo,</strong></span> <span class='ocrx_word' id='word_1_408' title='bbox 158 3825 372 3884; x_wconf 82' lang='lat' dir='ltr'><strong>veldivinarum</strong></span> <span class='ocrx_word' id='word_1_409' title='bbox 387 3828 587 3900; x_wconf 89' lang='lat' dir='ltr'><strong>laudum,illuc</strong></span> <span class='ocrx_word' id='word_1_410' title='bbox 602 3830 679 3887; x_wconf 90' lang='lat' dir='ltr'><strong>venit</strong></span> <span class='ocrx_word' id='word_1_411' title='bbox 729 3828 851 3902; x_wconf 87' lang='lat' dir='ltr'><strong>ptiaandi</strong></span> <span class='ocrx_word' id='word_1_412' title='bbox 870 3844 977 3899; x_wconf 90' lang='lat' dir='ltr'><strong>sumus,</strong></span> <span class='ocrx_word' id='word_1_413' title='bbox 987 3833 1070 3889; x_wconf 89' lang='lat' dir='ltr'><strong>Jesus</strong></span> <span class='ocrx_word' id='word_1_414' title='bbox 1083 3831 1213 3905; x_wconf 89' lang='lat' dir='ltr'><strong>baptizat.</strong></span> <span class='ocrx_word' id='word_1_415' title='bbox 1229 3829 1309 3886; x_wconf 85' lang='lat' dir='ltr'><strong>Unde</strong></span> 
     </span>
     <span class='ocr_line' id='line_1_42' title="bbox 89 3897 1310 3983; baseline 0.002 -30"><span class='ocrx_word' id='word_1_416' title='bbox 89 3897 174 3954; x_wconf 84' lang='lat' dir='ltr'><strong>lesus</strong></span> <span class='ocrx_word' id='word_1_417' title='bbox 186 3902 215 3955; x_wconf 89' lang='lat' dir='ltr'><strong>et</strong></span> <span class='ocrx_word' id='word_1_418' title='bbox 229 3897 359 3971; x_wconf 92' lang='lat' dir='ltr'><strong>discipuli</strong></span> <span class='ocrx_word' id='word_1_419' title='bbox 372 3900 444 3983; x_wconf 74' lang='lat' dir='ltr'><strong>eJ&#39;us,</strong></span> <span class='ocrx_word' id='word_1_420' title='bbox 454 3900 509 3956; x_wconf 91' lang='lat' dir='ltr'><strong>hoc</strong></span> <span class='ocrx_word' id='word_1_421' title='bbox 523 3907 566 3956; x_wconf 93' lang='lat' dir='ltr'><strong>est</strong></span> <span class='ocrx_word' id='word_1_422' title='bbox 576 3900 679 3957; x_wconf 91' lang='lat' dir='ltr'><strong>doctri·</strong></span> <span class='ocrx_word' id='word_1_423' title='bbox 729 3902 902 3970; x_wconf 68' lang='lat' dir='ltr'><strong>locustinos</strong></span> <span class='ocrx_word' id='word_1_424' title='bbox 919 3920 928 3958; x_wconf 77' lang='lat' dir='ltr'><strong>s</strong></span> <span class='ocrx_word' id='word_1_425' title='bbox 945 3921 960 3955; x_wconf 80' lang='lat' dir='ltr'><strong>o</strong></span> <span class='ocrx_word' id='word_1_426' title='bbox 976 3903 1132 3974; x_wconf 90' lang='lat' dir='ltr'><strong>Utrumque</strong></span> <span class='ocrx_word' id='word_1_427' title='bbox 1146 3917 1242 3959; x_wconf 85' lang='lat' dir='ltr'><strong>rerum</strong></span> <span class='ocrx_word' id='word_1_428' title='bbox 1256 3904 1310 3968; x_wconf 89' lang='lat' dir='ltr'><strong>est,</strong></span> 
     </span>
     <span class='ocr_line' id='line_1_43' title="bbox 89 3968 1309 4055; baseline -0.002 -30"><span class='ocrx_word' id='word_1_429' title='bbox 89 3981 128 4025; x_wconf 86' lang='lat' dir='ltr'><strong>na</strong></span> <span class='ocrx_word' id='word_1_430' title='bbox 144 3973 173 4026; x_wconf 90' lang='lat' dir='ltr'><strong>et</strong></span> <span class='ocrx_word' id='word_1_431' title='bbox 185 3968 356 4027; x_wconf 89' lang='lat' dir='ltr'><strong>illuminatio</strong></span> <span class='ocrx_word' id='word_1_432' title='bbox 369 3975 477 4052; x_wconf 74' lang='lat' dir='ltr'><strong>epus,et</strong></span> <span class='ocrx_word' id='word_1_433' title='bbox 491 3970 531 4028; x_wconf 92' lang='lat' dir='ltr'><strong>ibi</strong></span> <span class='ocrx_word' id='word_1_434' title='bbox 540 3976 679 4055; x_wconf 69' lang='lat' dir='ltr'><strong>moratur,</strong></span> <span class='ocrx_word' id='word_1_435' title='bbox 728 3971 797 4043; x_wconf 91' lang='lat' dir='ltr'><strong>quia</strong></span> <span class='ocrx_word' id='word_1_436' title='bbox 813 3973 895 4030; x_wconf 83' lang='lat' dir='ltr'><strong>lesus</strong></span> <span class='ocrx_word' id='word_1_437' title='bbox 910 3978 939 4030; x_wconf 89' lang='lat' dir='ltr'><strong>et</strong></span> <span class='ocrx_word' id='word_1_438' title='bbox 955 3974 1126 4047; x_wconf 86' lang='lat' dir='ltr'><strong>baptizabat,</strong></span> <span class='ocrx_word' id='word_1_439' title='bbox 1142 3980 1170 4031; x_wconf 91' lang='lat' dir='ltr'><strong>et</strong></span> <span class='ocrx_word' id='word_1_440' title='bbox 1184 3986 1240 4026; x_wconf 91' lang='lat' dir='ltr'><strong>non</strong></span> <span class='ocrx_word' id='word_1_441' title='bbox 1253 3971 1309 4025; x_wconf 86' lang='lat' dir='ltr'><strong>ba·</strong></span> 
     </span>
     <span class='ocr_line' id='line_1_44' title="bbox 89 4037 1311 4117; baseline -0.002 -21"><span class='ocrx_word' id='word_1_442' title='bbox 89 4040 240 4112; x_wconf 77' lang='lat' dir='ltr'><strong>purgando</strong></span> <span class='ocrx_word' id='word_1_443' title='bbox 258 4057 275 4096; x_wconf 90' lang='lat' dir='ltr'><strong>a</strong></span> <span class='ocrx_word' id='word_1_444' title='bbox 292 4040 402 4097; x_wconf 82' lang='lat' dir='ltr'><strong>delictis</strong></span> <span class='ocrx_word' id='word_1_445' title='bbox 416 4047 443 4098; x_wconf 90' lang='lat' dir='ltr'><strong>ct</strong></span> <span class='ocrx_word' id='word_1_446' title='bbox 464 4040 538 4097; x_wconf 89' lang='lat' dir='ltr'><strong>vitiis</strong></span> <span class='ocrx_word' id='word_1_447' title='bbox 556 4058 608 4114; x_wconf 92' lang='lat' dir='ltr'><strong>per</strong></span> <span class='ocrx_word' id='word_1_448' title='bbox 625 4045 679 4099; x_wconf 87' lang='lat' dir='ltr'><strong>Ba·</strong></span> <span class='ocrx_word' id='word_1_449' title='bbox 728 4042 851 4116; x_wconf 85' lang='lat' dir='ltr'><strong>plicabat</strong></span> <span class='ocrx_word' id='word_1_450' title='bbox 866 4061 873 4099; x_wconf 90' lang='lat'>:</span> <span class='ocrx_word' id='word_1_451' title='bbox 889 4045 1051 4117; x_wconf 85' lang='lat' dir='ltr'><strong>baptizabat</strong></span> <span class='ocrx_word' id='word_1_452' title='bbox 1066 4044 1154 4113; x_wconf 91' lang='lat' dir='ltr'><strong>euim,</strong></span> <span class='ocrx_word' id='word_1_453' title='bbox 1169 4039 1235 4113; x_wconf 87' lang='lat' dir='ltr'><strong>quia</strong></span> <span class='ocrx_word' id='word_1_454' title='bbox 1249 4037 1311 4109; x_wconf 83' lang='lat' dir='ltr'><strong>ipso</strong></span> 
     </span>
    </p>
   </div>
   <div class='ocr_carea' id='block_1_9' title="bbox 0 0 1410 4912">
    <p class='ocr_par' dir='ltr' id='par_1_12' title="bbox 0 0 1410 4912">
     <span class='ocr_line' id='line_1_45' title="bbox 0 0 1410 4912; baseline 0 0"><span class='ocrx_word' id='word_1_455' title='bbox 0 0 1410 4912; x_wconf 95' lang='lat' dir='ltr'><strong> </strong></span> 
     </span>
    </p>
   </div>
  </div>
 </body>
</html>
