2790 4912
361 274 529 328 subdolis
556 275 591 329 lll
616 275 728 329 hosis
755 274 995 329 cobllhulilo.
1256 274 1300 328 ill

63 390 178 434 amus.
185 377 234 436 l'is
242 394 359 436 noscere
366 379 414 436 ubi
422 380 606 450 thesaurizas,
620 387 660 439 at·

63 447 153 507 ende
166 450 244 522 quod
265 467 362 519 amas;
378 466 420 507 vis
444 462 561 509 noscere
584 454 659 524 quod

65 523 278 587 mas‚attende
293 521 367 593 quod
382 524 495 594 cogitas.
510 526 551 580 lta
562 524 615 580 'fiet
629 530 661 581 ut

63 594 231 649 hesaurum
242 600 320 649 tuum
337 610 369 649 ex
380 600 429 651 tuo
443 611 541 651 amore
554 612 658 667 eogno-

63 671 175 741 caset
183 680 310 720 amorem
321 666 513 735 tuumjudicio
521 672 576 723 tuas
584 667 659 737 cogi·

63 738 184 792 ationis
201 735 355 806 intelligas.
371 739 429 793 »Et
450 738 525 806 ideo,
545 744 574 794 ut
590 738 659 795 dicit

63 806 226 876 arenosus,
241 807 270 862 in
287 812 328 863 tot
341 813 437 879 partes
450 824 500 864 cor
513 808 657 878 dividitur,

63 879 140 929 'uot
155 884 220 934 sunt
233 894 267 935 ea
281 894 344 950 quae
359 878 524 950 diliguntur.
541 881 620 936 Unde
630 886 659 936 et

63 946 276 1015 :hrusoscomus
297 968 304 1005 ι
333 972 347 1002 v
366 951 406 1006 lt'e
423 952 659 1008 thesaurizaveris

63 1016 220 1077 hesauros
234 1020 264 1076 in
292 1027 383 1089 terra;
411 1021 496 1079 tineas
515 1022 591 1079 enim
620 1028 659 1082 et.

63 1090 213 1148 eruribus
228 1098 256 1148 et
268 1092 378 1149 iuribus
393 1109 428 1149 ea
447 1109 614 1164 congregas.
631 1094 660 1152 Si

63 1162 166 1240 tillem
180 1169 208 1220 et
221 1164 282 1220 haec
294 1164 429 1245 effugeris
443 1173 613 1223 nocumenta
633 1171 661 1222 et

63 1229 254 1291 nhuborum
274 1235 338 1305 erit,
354 1253 382 1291 in
400 1236 562 1292 servitutem
579 1238 660 1294 reda-

63 1302 152 1358 :tum
165 1322 224 1362 esse
243 1323 293 1362 cor
314 1312 394 1364 tuum
411 1312 440 1363 et
461 1308 578 1364 affixum
599 1325 661 1366 esse

68 1370 253 1433 nterioribus
271 1377 386 1434 omnino
396 1395 452 1435 non
463 1379 595 1451 effugies;
610 1381 661 1436 sed

69 1452 100 1491 ss
129 1450 280 1505 servitutem
309 1450 456 1507 redactum
478 1467 541 1507 esse
554 1451 662 1509 intelle·

63 1511 152 1572 stum
164 1520 331 1591 aegritudine
348 1522 401 1577 hac
414 1522 502 1578 multo
517 1522 661 1580 dillrcilius

63 1586 209 1657 estonam
224 1592 354 1648 habitare
365 1609 518 1649 carcerem.
529 1597 661 1666 Nonpar·

63 1657 136 1711 '³¹11
154 1663 307 1720 sustinebis
321 1664 462 1735 jacturam
479 1664 661 1724 interioribus

63 1714 183 1803 mlius,
197 1739 226 1790 et
239 1751 338 1791 servus
348 1752 398 1807 pro
413 1735 502 1793 libero
517 1738 618 1807 lactus,
634 1744 663 1794 et

63 1792 260 1907 {scelestibus
272 1805 355 1862 bonis
366 1807 480 1875 cadens,
490 1815 518 1865 et
527 1809 565 1864 nil
575 1810 664 1865 excel-

63 1924 84 1976 *t
98 1875 167 1932 rum
188 1877 315 1947 cogitare
340 1883 454 1949 potens;
480 1886 596 1952 propter
609 1885 664 1937 boe

123 1941 255 2005 Gentiles
283 1964 341 2003 non
361 1950 479 2005 credunt
504 1952 548 2007 his
565 1967 628 2023 quce
647 1968 663 2008 a

63 2001 155 2075 obis
170 2018 313 2088 dicuntur,
329 2019 365 2075 de
379 2021 488 2078 actibus
506 2022 581 2079 enim
606 2038 663 2078 non

65 2079 91 2120 Ε
109 2091 305 2147 Semonibus
322 2092 425 2147 nostris
441 2093 600 2150 futurorum
615 2111 664 2150 vo-

63 2146 128 2210 ιιιῑ
147 2163 256 2219 babere
273 2162 484 2219 documentum.
505 2167 583 2222 Nunc
599 2182 664 2222 vero

63 2220 130 2287 3¹¹1
147 2233 268 2289 videant
286 2232 453 2290 aedillcacia
475 2237 556 2293 nobis
571 2237 664 2308 splen-

63 2284 149 2361 ¹d÷ss
163 2305 279 2370 domos,
292 2321 376 2376 agros
388 2306 455 2374 emi,
464 2307 566 2364 balnea
579 2315 664 2379 atque

63 2360 221 2433 ³¹·torum
249 2376 427 2432 amoenitates
444 2381 551 2459 parari,
567 2379 666 2436 nolunt

63 2433 190 2526 [Edere
213 2447 289 2517 quod
313 2447 349 2503 ad
368 2448 486 2505 alterius
508 2466 560 2507 nos
587 2450 665 2507 urbis

63 2517 278 2595 ¹§lectionem
301 2534 443 2591 paremus.
463 2521 491 2577 Si
516 2524 603 2591 enim,
620 2521 664 2578 in·

63 2586 185 2658 hunt,
198 2604 298 2645 verum
318 2596 392 2647 esset
405 2590 492 2662 istud,
512 2595 667 2650 vendentes

63 2655 191 2721 “torsus
206 2668 307 2717 cuncta
334 2678 396 2733 quae
420 2664 578 2735 possident,
601 2664 667 2721 illuc

63 2730 201 2792 ‘electo
231 2733 446 2803 promitterent.
478 2738 543 2793 Haec
581 2736 668 2806 igitur

63 2804 302 2872 bnsiderantes,
323 2804 436 2861 vincula
459 2806 531 2863 tanti
552 2809 668 2863 abrum-

63 2884 175 2951 *ftmus
187 2875 304 2931 erroris.
320 2876 372 2943 Qui
386 2875 462 2932 enim
474 2878 601 2949 pecuniae
612 2894 670 2934 ser-

67 2954 112 3027 it,
131 2952 169 3004 et
181 2946 370 3018 praesentibus
385 2948 569 3020 compedibus
584 2948 669 3005 strin-

63 3026 160 3088 titur‚
191 3021 221 3073 et
244 3018 345 3075 tuturis
370 3025 496 3091 paratur.
522 3019 573 3086 Qui
603 3037 670 3077 vero

63 3092 156 3168 §vius
169 3088 333 3160 cupiditatis
343 3089 478 3147 immunis
487 3094 540 3159 est,
552 3096 671 3163 utraque

66 3165 211 3221 ibertato
239 3160 376 3230 potietur;
393 3177 489 3233 quam,
518 3166 549 3218 ut
576 3179 673 3219 couse-

63 3244 210 3304 quamur,
237 3231 437 3303 gravissimum
459 3232 585 3291 avaritiae
604 3251 672 3291 con-

63 3306 206 3363 terentes
219 3303 321 3374 jugum
341 3305 379 3361 ad
398 3303 462 3361 coeli
479 3303 592 3377 fastigia
605 3307 671 3362 sub·

63 3370 222 3434 levemur:
235 3395 250 3425 »
265 3376 327 3431 haee
353 3377 568 3445 Ghrpeostomus.
594 3377 672 3433 Unde

67 3452 100 3503 et
115 3446 271 3503 Anselmus
284 3465 292 3501 :
307 3468 321 3497 α
334 3446 456 3503 Vilescat
470 3447 522 3504 tibi
538 3448 672 3515 mundus,

68 3515 172 3574 omnis
187 3532 270 3573 emor
284 3517 406 3574 carnalis
420 3520 544 3575 sordeat.
559 3518 674 3575 Neseias

72 3593 99 3644 te
119 3602 186 3644 esse
213 3587 244 3644 in
272 3589 327 3644 hoe
351 3589 469 3657 mundo,
485 3589 618 3660 quoniam
638 3589 674 3645 ed

74 3658 142 3715 illos
170 3659 218 3729 qui
234 3658 264 3714 in
279 3659 349 3715 coelo
369 3667 437 3716 sunt
455 3665 483 3715 et
502 3662 560 3716 Deo
578 3660 675 3717 vivunt

75 3736 158 3787 tuum
174 3729 345 3787 transtulisti
378 3730 551 3803 ropositum:
569 3732 621 3788 Ubi
635 3736 676 3786 est

76 3803 226 3882 thesaurus
245 3807 319 3865 tuus,
342 3746 383 3857 siv·
400 3808 440 3858 est
464 3808 490 3857 et
515 3818 561 3858 eor
579 3808 673 3868 tuum3

79 3871 140 3927 noh
172 3888 237 3929 eum
264 3873 409 3944 argenteis
437 3871 597 3929 simulacris
627 3873 675 3928 vili

80 3943 228 4024 marsupio
237 3948 286 4000 tuo
296 3949 375 4001 tunm
385 3944 530 4001 includere
539 3944 675 4013 animum,

80 4028 129 4140 aur
149 4029 307 4086 numquam
322 4031 388 4072 cnm
407 4030 588 4072 nummorum
605 4030 676 4087 pon·

100 4100 150 4140 ere
163 4085 269 4156 poterit
284 4086 459 4143 transvolare
475 4087 512 4143 ad
529 4086 642 4143 coelum.
660 4107 675 4136 »

80 4156 141 4212 lloe
166 4162 272 4226 autem,
293 4158 447 4215 seeundum
471 4161 676 4227 Hieronymum,

79 4242 138 4284 non
153 4231 265 4285 tantum
278 4226 496 4302 intelligendum
511 4234 555 4287 est
568 4230 605 4286 de
618 4230 678 4286 the-

714 397 799 439 sauro
825 380 964 455 pecuniae,
982 380 1031 436 sed
1052 379 1248 437 universaliter
1267 381 1303 439 de

714 452 822 511 cunctis
845 452 1038 578 voluptatibus
1062 468 1094 508 ac
1116 451 1305 523 possessioni·

714 527 778 593 bus,
794 530 847 581 etc.
870 524 911 580 Gu
924 523 965 579 osi
982 525 1057 578 Deus
1077 528 1177 579 venter
1190 528 1244 591 est,
1261 523 1305 580 lu·

714 595 819 652 xuriosi
835 596 985 651 thesaurus
1001 595 1091 676 epulae
1116 599 1192 661 sunt,
1209 592 1306 651 lascivi

714 666 822 724 lubrica
845 665 981 723 amatoris
1004 666 1104 735 libido,
1120 665 1197 722 avari
1220 681 1305 737 pecu·

715 738 779 806 nia;
798 737 876 795 etsie
892 737 1108 809 intelligendum
1121 742 1164 793 est
1180 736 1208 793 in
1222 736 1305 793 aliis:

713 809 779 866 huie
805 809 880 866 enim
905 811 1096 881 unusquisque
1122 808 1209 865 servit
1236 806 1306 864 vitio

714 897 769 952 quo
789 880 920 948 vincitur,
947 887 975 936 et
995 880 1033 937 ibi
1059 882 1145 938 habet
1170 896 1230 949 cor,
1256 878 1306 937 ubi

715 955 894 1018 thesaurum;
906 957 934 1008 et
953 952 988 1007 ad
1004 953 1077 1007 hanc
1089 953 1307 1008 conversionem

715 1023 819 1092 cordis,
835 1023 871 1079 ad
891 1038 1018 1078 amorem
1036 1023 1199 1093 passionum
1219 1029 1247 1079 et
1262 1037 1308 1079 re·

716 1111 779 1152 rum
794 1093 1000 1167 hujuscemodi,
1016 1094 1143 1164 sequitur
1159 1093 1270 1150 aversio
1291 1107 1309 1149 a

716 1170 785 1223 lieo.
802 1168 854 1222 Sie
890 1164 1026 1220 oincmlo
1039 1165 1238 1231 est,mundum
1253 1168 1307 1233 est,

716 1238 783 1310 quia
800 1253 866 1292 mun
890 1253 907 1291 a
927 1242 992 1291 sunt
1012 1235 1152 1301 coelestia;
1169 1234 1192 1289 si
1213 1238 1309 1291 autem

717 1310 744 1366 in
760 1315 838 1365 terra
852 1307 1005 1373 volutatur,
1023 1306 1051 1362 id
1062 1312 1105 1362 est
1120 1304 1143 1360 si
1159 1304 1227 1376 quid
1241 1308 1309 1375 agat

716 1388 746 1438 nt
778 1385 892 1436 terrena
920 1383 1133 1448 consequatur,
1165 1375 1308 1447 quomodo

718 1453 854 1509 mundum
870 1465 932 1505 esse
947 1450 1061 1530 potest?
1081 1449 1159 1504 Unde
1175 1450 1311 1516 Accpustt-

715 1541 767 1581 nus
781 1543 789 1578 :
802 1545 816 1573 «
828 1523 969 1579 Sordescvt
979 1519 1096 1593 aliquid,
1106 1535 1170 1575 rum
1179 1518 1310 1575 interiori

717 1603 825 1653 natura
851 1592 994 1661 miscetur,
1015 1591 1143 1663 quamvis
1159 1590 1187 1645 in
1204 1604 1313 1661 snoge-

718 1684 785 1724 nece
806 1682 863 1722 non
885 1663 1063 1729 sordidetur,
1078 1663 1145 1734 quia
1161 1661 1247 1718 etiam
1274 1662 1310 1717 de

718 1755 789 1812 puro
818 1741 937 1807 argento
968 1736 1132 1792 sordidatur
1160 1749 1261 1790 aurum
1288 1733 1311 1789 si

719 1811 888 1874 misceatur;
902 1809 977 1864 itaet
991 1806 1103 1863 animus
1113 1811 1211 1861 noster
1220 1811 1311 1860 terre·

719 1896 821 1937 uorum
844 1877 998 1950 cupiditate
1013 1879 1160 1945 sordescit,
1183 1874 1313 1948 quamvis

720 1958 835 2008 terrena
850 1950 879 2005 in
894 1966 946 2006 suo
970 1966 1074 2022 genere
1090 1950 1197 2005 munda
1210 1948 1277 2003 sint.
1296 1966 1311 1996 »

721 2023 818 2096 Igitur,
835 2027 865 2078 ul
880 2023 919 2078 ait
933 2024 1111 2079 Riehurclus:
1132 2044 1142 2072 v
1162 2022 1313 2088 Qumcum·

720 2112 775 2168 que
798 2093 949 2150 inmundo
968 2093 1153 2176 concupiscis,
1169 2104 1313 2173 quacum·

721 2183 775 2240 que
799 2166 828 2221 in
847 2166 951 2221 mundo
980 2172 1094 2235 metuis,
1120 2165 1254 2235 impendo
1276 2161 1314 2245 lr-

721 2240 822 2295 benter
845 2253 897 2306 pro
918 2237 1048 2294 libertato
1069 2235 1172 2292 cordis.
1190 2256 1203 2286 i
1231 2236 1314 2301 Quia,

721 2315 752 2366 ut
774 2308 843 2363 dicit
856 2310 1041 2375 depastione,
1067 2313 1157 2362 totum
1176 2306 1314 2361 mundum

722 2381 806 2436 debet
818 2385 1011 2446 contemnere,
1021 2377 1069 2447 qui
1080 2377 1132 2432 sibi
1144 2374 1316 2431 thesaurizat

722 2451 751 2507 'n
765 2449 848 2507 ccelo.

720 2469 729 2508 l
758 2522 848 2577 5Nos
869 2536 917 2573 nsr
941 2535 975 2573 ns
996 2519 1053 2572 Deo
1072 2532 1261 2572 nirrmsxncu.
1281 2545 1317 2557 -

725 2597 756 2649 tlt
770 2608 806 2648 ne
822 2589 908 2646 timor
927 2591 1060 2658 subrepat
1082 2587 1250 2642 diludentiae
1265 2585 1316 2642 ha·

724 2663 809 2723 bondi
835 2661 899 2717 vita}
917 2660 1089 2726 necessaria,
1110 2662 1319 2728 consequenter

724 2732 846 2793 excludit
856 2731 1126 2802 diffidentiamqum
1136 2729 1213 2786 nasci
1224 2733 1320 2801 posset

725 2825 758 2865 ex
771 2804 933 2863 conditione
947 2802 1072 2874 propria,
1088 2801 1185 2857 dicens
1203 2819 1210 2857 :
1227 2801 1320 2858 Nolite

726 2883 830 2943 timere,
844 2878 966 2947 prosilies
987 2891 1068 2945 pree,
1094 2873 1122 2930 id
1143 2878 1186 2930 est
1200 2885 1320 2943 congre·

726 2949 803 3022 gatio
818 2947 979 3016 humilium,
995 2950 1062 3018 quie
1082 2948 1247 3017 complacuit
1269 2946 1321 3001 Po-

727 3025 765 3078 tri
776 3025 874 3088 cestro,
891 3020 1010 3089 coelesti,
1022 3022 1089 3075 dore
1104 3021 1181 3075 cobis
1193 3031 1320 3091 repausa,

727 3109 783 3149 non
801 3092 916 3163 quidem
932 3093 967 3147 ob
986 3091 1088 3148 merita
1104 3100 1207 3160 vestra,
1223 3088 1321 3170 sodex

729 3179 808 3221 mera
826 3162 994 3220 liberalitate
1016 3167 1045 3218 et
1068 3163 1196 3219 bonitale
1213 3177 1264 3217 sua
1279 3158 1323 3214 d1-

729 3235 803 3290 vina.
820 3232 905 3300 Quasi
920 3233 1028 3288 diceret
1048 3250 1055 3288 :
1072 3236 1110 3288 Ex
1126 3249 1181 3303 quo
1203 3244 1322 3300 regnum

730 3305 867 3361 coelorum
892 3309 1021 3373 paratum
1047 3309 1091 3359 est
1115 3301 1206 3368 vobis,
1222 3314 1323 3371 parum

729 3373 839 3432 debetis
855 3389 956 3429 curare
971 3372 1007 3427 de
1023 3373 1154 3428 terrenis.
1170 3373 1232 3427 Non
1247 3368 1323 3425 enim

729 3446 764 3502 de
779 3444 843 3501 vitae
860 3443 1030 3500 necessariis
1042 3444 1126 3499 debet
1136 3441 1266 3498 dillldere
1277 3440 1324 3497 cui

729 3533 849 3587 reguum
866 3515 930 3571 vita
944 3514 1129 3587 promittitur,
1150 3513 1178 3569 in
1194 3528 1249 3584 quo
1263 3526 1325 3568 om-

730 3587 774 3644 nis
786 3586 956 3644 sufficieutia
969 3587 1098 3643 habetur.
1109 3585 1216 3643 Dicitur
1230 3586 1324 3642 aulem

731 3675 808 3731 grex,
838 3666 956 3732 propter
985 3657 1052 3714 fidei
1079 3656 1281 3728 obedientiam,
1297 3662 1326 3713 et

730 3731 861 3804 pusillus,
881 3738 998 3803 propter
1016 3729 1183 3785 voluntarie
1205 3744 1326 3802 pauper-

732 3802 799 3859 tatis
824 3809 852 3859 et
871 3800 1043 3858 humilitatis
1064 3800 1327 3872 devotionemque

732 3874 900 3945 pervenitur
914 3874 950 3930 ad
967 3872 1090 3929 coelestis
1113 3872 1193 3945 regni
1214 3887 1329 3945 posses·

733 3945 854 4000 sionem.
871 3945 931 4013 Vel,
948 3944 1067 4017 pusillus
1080 3943 1257 4016 diciturgrex
1271 3941 1329 3999 ele·

734 4020 856 4084 ctorum,
873 4022 1005 4088 respectu
1019 4016 1137 4087 majoris
1156 4013 1267 4071 numeri
1282 4027 1327 4067 re·

734 4088 902 4159 proborum,
922 4088 990 4159 quia
1013 4086 1095 4161 pauci
1122 4091 1205 4143 erant
1228 4082 1328 4140 fideles

734 4164 866 4230 respectu
879 4160 1048 4228 infidelium,
1061 4163 1090 4215 et
1100 4156 1183 4231 pauci
1197 4159 1264 4237 suut
1274 4152 1330 4210 ele·

734 4229 783 4301 cti,
798 4235 930 4304 respectu
948 4231 1147 4303 reproborum.
1164 4228 1278 4283 Utinam
1301 4228 1331 4280 ct
