2790 4912
86 337 131 391 lio
458 331 568 386 Pltlilll
595 332 714 386 Pluris
741 330 848 384 clati
874 329 935 381 xli

85 443 177 500 virtus
187 442 281 509 detur,
289 437 435 498 humilitas
448 444 588 507 moretur;
604 455 671 511 quo

85 515 164 572 niam
187 513 337 570 humilibus
363 513 434 566 aeas
461 511 510 565 dat
537 514 668 580 qratiam.

724 436 872 568 Bropositi.
900 435 990 510 Igitur
1019 434 1050 491 in
1078 433 1215 493 omnibus
1242 437 1307 495 eibi·

746 526 794 567 eas
814 511 902 566 temet
920 510 1101 580 presentem,
1123 513 1153 565 et
1172 507 1307 568 considera

85 587 185 643 Servat
199 587 348 666 acceptas3
367 581 504 653 quianon
519 581 672 653 requiescit
726 581 814 664 illam¹
827 595 912 652 super
929 594 1029 636 omnes
1049 579 1122 636 alias
1139 579 1307 639 benedictam

727 653 864 710 familiam
890 665 1018 722 parvam,
1039 651 1090 711 sed
1119 650 1204 707 valde
1233 653 1307 709 excel

728 741 801 793 sam,
820 737 984 796 pauperem,
1011 726 1039 778 et
1064 722 1205 779 humilem
1232 723 1307 783 vitam

728 796 889 854 ducentem.
908 794 984 851 Felix
1005 795 1113 866 loseph
1138 809 1225 850 senex
1242 810 1307 866 qua·

729 868 811 925 rebat
828 866 863 923 de
882 870 943 921 arte
957 864 1123 937 lignaminis
1141 865 1217 936 quod
1236 872 1307 938 poto.

729 943 790 1007 rat;
811 937 932 995 Domina
954 952 1021 993 vero
1045 937 1107 996 colo
1134 942 1164 993 et
1189 953 1241 994 acu
1262 953 1307 1011 pro

728 1012 820 1139 pretio
848 1009 1007 1078 laborabat,
1035 1010 1143 1067 victum
1162 1023 1264 1081 sponso
1283 1019 1307 1068 el

85 657 205 729 Spiritus
219 671 273 711 nisi
294 669 379 725 super
395 653 521 725 quietum
535 659 564 710 et
577 653 670 710 humi-

85 728 151 784 lem.
167 729 299 784 Seriatas
308 732 495 794 consummat,
506 741 570 781 nam
582 729 672 781 uirtus

85 801 116 854 ia
131 800 301 868 infimitate,
317 796 371 851 hoc
390 799 435 852 est
452 795 481 852 in
501 795 670 865 humilitate,

83 872 226 942 perficitur
240 889 249 924 .·
264 888 278 919 ii
294 868 355 924 liaee
372 867 540 923 Bernartius.

119 964 135 1014 7
152 943 219 997 Tiiin
241 957 301 1004 oum
323 955 447 995 munerun
464 955 617 996 uimimris.
637 966 672 981 -

84 1011 234 1069 llumilitas
247 1027 315 1082 ergo
327 1016 453 1067 meretur
463 1009 556 1137 Brimo
570 1008 672 1082 gratiae

83 1083 295 1156 impletionem;
317 1081 393 1138 uude
414 1080 444 1137 in
486 1080 576 1138 salmo
594 1099 601 1137 :
618 1084 672 1149 Oui

82 1159 184 1211 emittis
206 1157 297 1221 fontes
314 1157 345 1209 in
371 1154 551 1216 conuallibus,
567 1152 597 1208 id
616 1158 670 1222 est,

85 1226 131 1301 qui
143 1226 263 1298 gratiam
275 1230 354 1282 tuam
368 1230 487 1297 praestas
500 1223 670 1293 humilibus3

84 1302 156 1354 litter
176 1298 296 1353 medium
315 1299 449 1352 montium
462 1297 673 1368 pertransibunt

84 1371 255 1441 aqualino
279 1367 355 1425 enim
383 1372 495 1424 montes
520 1372 588 1424 sunt
608 1367 673 1424 duae

84 1440 192 1514 species
205 1439 356 1512 superbire,
372 1454 493 1566 quarum
508 1455 567 1496 una
582 1438 673 1495 nasci-

84 1518 131 1570 tur
147 1529 180 1569 eii
200 1528 231 1568 re
248 1517 409 1583 temporat,
426 1510 482 1567 alia
496 1527 529 1567 ex
543 1526 574 1566 re
589 1509 674 1582 spiri·

84 1584 163 1652 tuadi,
179 1589 207 1641 et
228 1583 302 1638 inter
323 1583 394 1638 istos
413 1582 485 1638 duos
500 1588 612 1638 montes
630 1586 674 1638 est

82 1655 163 1712 vallis
186 1653 364 1721 humilitatis,
391 1669 448 1708 non
468 1652 614 1709 declinans
637 1652 673 1709 ad

83 1726 208 1797 aliquam
223 1723 346 1796 speciem
361 1723 516 1795 superbiae;
531 1723 600 1780 etin
617 1723 672 1780 isto

85 1797 179 1853 medlo
192 1800 342 1853 transeunt
355 1810 436 1866 aquae
453 1795 622 1866 gratiarum.
640 1826 674 1837 -

84 1868 224 1936 Secundo,
244 1865 392 1923 humilitas
406 1871 533 1924 meretur
554 1866 673 1939 implere

120 1940 185 1997 aliae
200 1936 479 2009 augmentationem
496 1942 525 1994 et
545 1937 610 1994 ideo
623 1954 671 1994 vo·

96 2026 147 2067 ens
175 2009 339 2066 ulteriorem
364 2008 485 2080 gratiam
512 2009 674 2082 reciperea

85 2083 154 2149 Deo,
169 2096 226 2136 non
256 2079 377 2135 aestimet
403 2096 433 2136 se
453 2096 597 2151 magnum,
623 2081 673 2137 sed

83 2151 213 2208 humiliet
227 2151 361 2223 seipsum.
377 2151 459 2218 Quod
473 2157 570 2208 autem
586 2152 672 2210 homo

83 2239 141 2280 non
160 2222 252 2280 elevet
268 2239 299 2279 se
314 2222 350 2279 de
366 2222 458 2295 gratia
473 2238 559 2295 quam
574 2223 671 2293 habet,

85 2299 153 2351 sunt
179 2294 235 2350 tria
263 2294 344 2365 signa
368 2311 375 2350 ε
399 2294 533 2367 primum,
563 2294 586 2351 si
614 2311 672 2351 non

83 2367 144 2422 vult
167 2372 198 2422 ut
218 2372 335 2439 propter
361 2365 482 2437 gratiam
508 2365 550 2422 iel
579 2366 671 2438 perle-

81 2436 206 2494 ctionem
221 2454 306 2510 quam
321 2438 416 2506 habet,
431 2436 598 2495 exhibeatur
616 2436 670 2494 sibi

82 2511 174 2581 majus
189 2509 373 2566 commodum
389 2525 475 2581 quam
490 2509 555 2577 alii;
573 2526 672 2566 secuu-

81 2581 161 2650 dum,
176 2580 200 2638 si
219 2586 337 2654 paratus
350 2586 395 2638 est
407 2584 612 2652 contemptum,
626 2580 671 2636 in·

82 2654 273 2721 commodum,
300 2658 329 2709 et
358 2651 489 2709 laborem
517 2652 575 2724 pati
599 2652 672 2709 sicut

81 2724 147 2793 alii;
163 2724 289 2793 tertium,
301 2723 377 2795 quod
393 2725 467 2780 lacto
487 2722 540 2779 sibi
559 2723 670 2780 incoin-

82 2796 177 2863 inodo‚
193 2795 284 2850 crodit
297 2794 327 2849 in
339 2795 393 2850 hoc
409 2810 467 2850 nou
482 2794 536 2850 sibi
547 2795 610 2851 tleri
627 2794 670 2851 in-

79 2865 195 2936 juriam,
213 2865 262 2921 sed
280 2863 430 2935 justitiam.
447 2895 481 2905 -
500 2865 594 2923 Tertio
616 2867 673 2922 hu·

82 2935 188 2991 militas
213 2940 338 2991 meretur
360 2935 459 3005 gratia
484 2942 673 3007 augmentatae

83 3006 337 3062 conservationem.
350 3005 426 3063 Sicut
438 3004 514 3061 onim
528 3007 598 3064 cinis
610 3025 675 3065 con-

84 3080 179 3133 servat
197 3076 311 3147 ignem3
335 3075 376 3132 sic
394 3082 423 3133 et
441 3077 587 3134 humilitas
608 3096 673 3150 gra-

85 3146 164 3215 tiam,
185 3163 248 3219 quae
268 3153 311 3203 est
329 3147 403 3218 ignis
418 3147 583 3220 spiritualis.
600 3152 673 3207 Cou-

83 3224 213 3276 servatur
242 3218 328 3275 etiam
353 3219 428 3291 ignis
452 3235 502 3291 per
528 3220 673 3291 lignorum

81 3290 305 3364 appositionem
330 3290 370 3347 sic
391 3296 418 3348 et
436 3291 529 3374 gratia
551 3307 603 3363 per
621 3293 672 3350 ho·

82 3379 182 3420 norum
198 3379 314 3436 operum
326 3362 601 3437 multiplicationem,
610 3381 673 3435 quie

81 3440 124 3491 est
150 3436 229 3507 quasi
259 3435 402 3507 lignorum
430 3435 581 3509 appositio.
603 3438 672 3492 ltem

80 3512 263 3562 conservatur
278 3506 352 3577 ignis
364 3523 417 3579 per
429 3506 671 3576 insufflationem

751 1080 799 1138 ilio
814 1081 944 1153 parabat,
960 1085 989 1137 et
1003 1080 1060 1138 alia
1074 1079 1252 1152 expedientia
1263 1079 1307 1138 do

730 1169 793 1210 inus
807 1151 956 1224 obsequia,
969 1168 1032 1223 quae
1043 1152 1132 1210 multa
1143 1155 1220 1219 sunt,
1235 1150 1307 1209 lacie

729 1227 788 1294 bat,
812 1223 880 1295 quia
904 1222 1073 1281 servientem
1098 1239 1156 1279 non
1183 1223 1306 1280 habehat

730 1298 899 1368 compatere
908 1293 995 1366 igitur
1011 1295 1064 1352 sihi
1081 1310 1169 1367 quam
1179 1294 1218 1352 sic
1232 1310 1307 1366 opor·

729 1373 771 1424 tet
784 1368 927 1435 laborare,
940 1371 969 1421 et
980 1366 1038 1423 suis
1048 1366 1181 1423 manibus
1194 1365 1307 1438 operari

730 1441 897 1511 Compatere
914 1437 1000 1495 etiam
1019 1438 1139 1495 Domino
1157 1440 1235 1507 lesu,
1249 1435 1307 1508 quii

730 1527 795 1568 eain
818 1511 933 1582 adJ'uvat
959 1509 1093 1578 fideliter,
1109 1513 1138 1566 et
1159 1508 1267 1566 laborat
1283 1506 1307 1562 ii

730 1583 787 1651 his,
804 1598 867 1653 quae
894 1585 987 1653 polest
1004 1583 1113 1637 :Filias
1136 1580 1213 1638 enim
1233 1580 1307 1635 haim

729 1657 784 1719 mi's,
800 1659 831 1711 ut
846 1653 907 1726 ipse
923 1652 974 1722 ait,
988 1669 1042 1708 noa
1057 1656 1132 1708 venit
1151 1652 1307 1708 minuam

729 1727 777 1782 sed
802 1728 973 1780 ministrare.
990 1726 1105 1780 latuere
1131 1722 1219 1794 igitur
1243 1723 1307 1779 beii¹

729 1813 807 1867 eum,
818 1795 936 1852 humilia
951 1795 1089 1867 obsequia
1100 1795 1202 1850 domus
1216 1791 1307 1851 taciem

728 1873 798 1939 tom,
824 1873 852 1923 et
878 1866 1063 1923 nihilominus
1092 1867 1205 1922 intuere
1232 1863 1307 1922 etiam

729 1938 878 1996 Dominam
898 1943 926 1994 et
944 1939 1050 2009 loseph
1072 1952 1171 1994 senem
1189 1952 1239 2006 pro
1253 1935 1307 1992 iim

729 2009 897 2067 necessariis
905 2009 1079 2066 laborantes.
1090 2008 1171 2066 Unde
1179 2009 1296 2064 basilius

729 2106 744 2134 «
758 2083 801 2139 lib
819 2081 882 2154 ipsa
901 2085 995 2138 autem
1013 2080 1149 2153 primaeva
1170 2084 1254 2136 aetate
1266 2093 1307 2151 pa·

727 2153 856 2211 rentibus
870 2152 1016 2220 obediens,
1033 2156 1172 2223 quantum
1192 2152 1307 2207 laborem

728 2240 896 2297 corporeum
924 2223 1070 2280 humiliter
1096 2227 1125 2279 et
1155 2225 1307 2279 reverenter

728 2296 877 2353 sustinuit!
901 2297 970 2353 Cuin
984 2294 1060 2352 enim
1074 2294 1208 2351 homines
1223 2295 1307 2350 essent

727 2367 850 2436 honesti,
866 2371 894 2423 et
905 2367 986 2439 justi,
1002 2366 1084 2449 egeni
1106 2372 1204 2422 tamen
1222 2368 1252 2421 et
1268 2378 1307 2420 ue

728 2438 917 2496 cessariorum
926 2453 1075 2510 penumam
1083 2436 1239 2509 patientes,
1249 2438 1307 2491 testi

727 2507 1307 2583 praesepio,manitestumestquodsudora

728 2598 882 2655 corporeos
905 2580 1133 2653 frequentabant,
1158 2576 1307 2635 neccssaria

728 2653 793 2710 vitae
811 2652 864 2709 sibi
882 2651 949 2708 inde
969 2656 1146 2734 quaerentem
1167 2653 1254 2706 lesus
1268 2664 1307 2705 au

728 2730 786 2782 tem
798 2723 935 2780 obediens
945 2722 1001 2778 illis
1011 2722 1097 2780 etiam
1110 2722 1139 2778 in
1149 2719 1307 2778 sustinendi

728 2797 841 2853 labores
866 2794 1071 2867 subjectionem
1095 2793 1256 2866 plenariam
1272 2807 1307 2848 os

728 2867 889 2925 tendebat:
910 2887 924 2917 »
946 2867 1007 2922 haec
1027 2868 1160 2922 Basilius.
1183 2863 1307 2935 Conspicl

728 2938 815 2996 etiam
830 2937 953 3010 qualiter
967 2936 1020 3009 ipsi
1040 2941 1099 2993 tres
1114 2935 1270 2994 comedunt
1283 2949 1307 2991 at

728 3025 814 3068 unam
843 3024 971 3066 inensam
1000 3008 1082 3064 simul
1112 3023 1164 3080 per
1192 3005 1307 3078 singulo:

728 3081 801 3150 dies,
816 3096 875 3137 non
904 3082 996 3137 lautas
1027 3085 1055 3135 et
1083 3077 1251 3150 exquisitas,
1271 3092 1307 3133 set

727 3168 867 3226 pauperes
882 3155 911 3208 et
922 3150 1033 3208 sobrias
1046 3166 1142 3207 coenas
1154 3153 1302 3206 sumentes

729 3229 757 3280 ot
778 3222 900 3295 qualiter
920 3226 1021 3294 postea
1043 3221 1126 3278 simul
1153 3221 1307 3292 colloquun

729 3301 784 3363 tur,
800 3311 858 3350 non
878 3293 974 3349 inania
993 3298 1022 3349 et
1040 3293 1133 3350 otiosa
1148 3293 1249 3359 verba,
1269 3306 1307 3346 sei

727 3367 811 3438 plena
826 3364 930 3437 Spiritu
946 3366 1049 3422 Sancto
1059 3370 1087 3421 et
1100 3362 1253 3434 sapientia,
1267 3376 1307 3418 not

728 3436 821 3493 minus
845 3443 939 3492 monte
967 3435 1134 3492 reficiuntur
1156 3449 1246 3505 quam
1260 3446 1307 3489 cor

727 3525 810 3581 pore,
828 3512 856 3564 et
878 3507 1001 3579 qualiter
1015 3513 1078 3579 post
1097 3504 1254 3576 aliqualem
1273 3518 1307 3559 re

82 3576 122 3632 sic
147 3581 176 3631 et
198 3576 290 3648 gratia
311 3593 364 3648 per
381 3579 537 3635 ferientem
553 3577 673 3635 medita·
727 3579 899 3636 creationem
910 3584 1077 3635 convertunt
1088 3593 1118 3633 se
1132 3575 1160 3631 in
1175 3575 1307 3632 cubilibu

80 3646 199 3727 tionem,
216 3663 278 3718 qum
300 3653 344 3704 est
369 3649 450 3720 quasi
475 3650 605 3721 quaedam
631 3652 672 3705 in·
726 3650 796 3719 suis,
812 3651 848 3707 ad
877 3650 1046 3719 orationem,
1066 3664 1125 3704 non
1151 3647 1231 3704 enim
1258 3660 1307 3703 era

81 3716 215 3773 suttlatm.
238 3721 311 3799 ltam
334 3726 518 3778 conservatur
532 3720 607 3792 ignis
620 3737 691 3792 per.
726 3721 768 3779 eis
792 3723 892 3778 domus
913 3721 1018 3793 ampla,
1036 3720 1086 3777 sed
1109 3735 1211 3802 paria.
1233 3715 1307 3774 biedi

80 3793 332 3868 pi·mseriationem
352 3806 371 3871 a
390 3791 552 3860 contrario;
573 3792 615 3847 sic
644 3798 673 3848 et
726 3798 788 3850 tare
804 3793 891 3850 etiam
914 3793 968 3849 tria
988 3791 1092 3849 cubilia
1108 3806 1137 3847 in
1156 3789 1255 3861 aliqua
1272 3803 1307 3845 ca

81 3863 174 3929 gratia
197 3876 248 3931 pei·
266 3877 447 3942 occasionum
462 3869 491 3920 et
505 3863 672 3920 societatum
727 3865 845 3934 merula,
866 3864 974 3921 scilicet
994 3879 1082 3920 unuin
1109 3878 1162 3944 pro
1191 3859 1307 3933 quoliha

80 3930 221 3986 malarum
234 3931 446 4013 devitationem,
461 3951 523 4006 quae
535 3940 578 3992 cst
591 3934 671 4007 quasi
726 3952 835 4006 eorum,
850 3941 879 3992 et
900 3934 1011 3991 intuere
1037 3936 1190 3991 Dominum
1221 3935 1307 3989 lesum

1 4014 3 4020 ·
79 4001 209 4071 quadani
230 4018 248 4057 a
264 4007 408 4060 contrario
424 4007 616 4077 preservatio.
726 4023 811 4079 super
834 4022 921 4063 unum
946 4022 1010 4062 sero
1029 4011 1094 4079 post
1110 4004 1272 4062 orationem
1287 4017 1307 4057 sl

114 4076 130 4125 8
148 4073 280 4129 Cunisrus
305 4091 428 4130 Pltol’ltlls
451 4096 567 4135 uncinus
592 4096 672 4134 nino
725 4094 893 4160 componere
914 4094 965 4150 per
985 4077 1110 4149 singulas
1129 4081 1245 4145 noctes,
1259 4080 1307 4130 tau

78 4159 138 4198 nir.
155 4171 190 4185 —
209 4144 264 4227 Sed
283 4145 432 4203 redeamus
448 4149 485 4204 ad
502 4149 669 4207 intuendum
725 4149 883 4222 longissimi
901 4149 1037 4223 temporis
1052 4148 1155 4221 spatio,
1172 4147 1213 4204 sic
1228 4142 1307 4203 humi

78 4220 205 4298 actustot
227 4224 314 4273 vitam
337 4217 449 4300 Domini
473 4222 540 4301 lesu
563 4220 670 4294 speculi
726 4221 800 4289 liter,
817 4221 857 4278 sic
886 4220 1044 4290 viliter,sic
1075 4219 1163 4277 etiarn
1187 4230 1307 4291 perseio

78 4292 187 4358 nostri,
217 4289 293 4361 quod
325 4295 369 4346 est
397 4292 551 4364 principale
579 4292 671 4350 nostri
725 4300 832 4363 ranter,
854 4297 886 4349 ut
909 4293 1015 4351 taceret
1041 4291 1213 4365 quicumque
1243 4286 1307 4347 alim
