2790 4912
230 279 273 335 bu
300 283 484 337 cuuttlotttt
513 282 719 348 bullobttcl,
747 284 787 339 BT
812 283 917 340 SOURU
943 284 1053 338 Pdl'lll.
1217 284 1264 342 tlt

53 395 120 454 {uam
135 385 269 445 homines
286 389 321 446 ad
339 389 425 446 tldem
445 389 621 447 induceban-
674 388 842 462 potentiam,
862 390 907 447 vel
927 389 1076 459 intellexit,
1098 389 1143 447 rel
1165 388 1261 473 potius

53 470 92 512 ur.
111 459 189 516 Unde
212 464 242 516 et
261 461 297 517 ad
317 466 422 518 tactum
441 477 542 518 manus
561 463 622 533 ejus
675 460 833 534 suspicatus
854 467 980 518 estesse
1001 463 1103 519 Filium
1124 464 1189 531 De1;
1210 462 1263 521 sed

53 529 335 610 mananturinfirmt,
348 533 622 605 curabanturlepro·
675 548 706 589 se
717 539 808 590 morte
818 533 959 590 illiusnon
971 533 1100 605 praevidit
1109 550 1173 590 esso
1184 533 1263 591 dam·

52 614 70 667 ι,
85 600 320 660 iduminabantur
334 604 416 673 caeci;
428 611 457 660 et
471 604 507 660 ad
523 620 621 660 vocem
674 604 810 662 nandum.
826 606 899 662 Vere
913 603 990 662 enim
1007 605 1042 661 de
1058 606 1111 661 hoc
1127 603 1262 677 mysterio

53 669 96 740 jus
111 673 324 732 suscitabantur
342 677 456 744 mortui,
477 681 505 732 et
525 674 620 746 aJicie·
674 676 807 733 aseculis
822 675 1001 744 abscondito,
1017 675 1084 732 dicit
1098 676 1262 759 Apostolus,

53 747 135 799 antur
146 745 263 815 spiritus
275 745 424 803 immundi.
438 749 493 804 Par
507 747 562 802 hoc
573 763 622 803 an·
673 746 750 818 quod
775 763 859 804 nemo
884 748 1045 820 principum
1068 749 1152 819 hujus
1173 747 1262 804 seculi

53 827 89 868 un
109 816 197 885 quod,
212 832 330 889 vespere
351 819 435 883 lacto.
456 817 622 875 obtulerunt
674 818 806 888 cognovit
819 836 827 874 ι
842 820 875 876 sa·
886 823 958 875 enim
970 823 1167 888 correctorem,
1181 835 1261 876 uum·

56 882 86 940 bi
104 886 236 944 infirmos
254 894 283 945 et
304 889 506 958 daemoniacos,
531 888 619 960 signi·
674 892 1013 959 quomllomiaumptora'ae
1024 894 1262 961 aumfictssente»

53 961 136 1037 catur
153 959 229 1029 quod
249 961 320 1016 bora
339 961 436 1018 mundi
458 960 621 1034 vespertina
673 960 735 1016 baec
746 960 831 1017 Reda.
848 960 915 1017 ldeo
929 968 1025 1017 autem
1040 980 1093 1019 nou
1108 963 1216 1018 sinebat
1230 976 1264 1018 eu

53 1025 163 1084 hrastus
173 1030 249 1086 venit
259 1031 404 1088 daemones
415 1032 528 1104 ejicere,
540 1038 569 1089 at
579 1032 621 1088 in·
673 1033 760 1101 loqui,
769 1048 803 1087 ne
811 1030 1262 1091 bominesaudientesdaemonem

53 1098 185 1156 rmitates
208 1103 354 1160 bominum
373 1120 474 1161 curare
494 1120 501 1160 :
522 1109 551 1160 et
569 1120 620 1176 per

53 1183 163 1226 :casum
176 1172 244 1253 solis
259 1173 446 1247 significatur,
463 1175 539 1247 quod
556 1177 620 1231 Pas

53 1255 70 1294 o
90 1257 153 1308 sna,
178 1259 205 1298 m
225 1261 283 1315 qna
301 1247 348 1303 Sol
364 1246 483 1318 justitiae
505 1245 618 1316 occidit,

53 1315 126 1392 itura
140 1320 203 1395 erat
218 1316 360 1374 medicina
377 1318 469 1374 omnis
484 1317 618 1389 spirituu-

53 1384 265 1443 smiirmrtatrs.
285 1390 374 1457 Unde,
393 1389 548 1445 secundum
566 1391 617 1445 lle-

53 1469 103 1524 rm,
121 1455 153 1511 in
168 1472 254 1515 sensu
279 1460 407 1531 mystico,
423 1459 491 1516 solis
506 1460 618 1517 occubi-

53 1540 82 1606 s,
109 1529 274 1585 Passionem
295 1538 473 1603 mortemque
490 1529 566 1588 illius
581 1531 619 1588 si·

53 1596 150 1653 uflcat
173 1599 219 1670 qui
244 1601 335 1658 dicit:
353 1603 492 1670 Quamdiu
509 1618 571 1659 sum
589 1606 620 1659 ia

53 1667 142 1738 undo,
156 1672 207 1726 lua
219 1687 280 1728 sum
294 1676 406 1739 muudt,·
422 1679 460 1742 et,
476 1674 536 1731 sole
548 1673 619 1731 occi-

53 1744 125 1808 =nte,
141 1741 270 1813 plerique
286 1744 454 1802 daemoniaci
475 1750 504 1801 et
517 1746 617 1817 aegroti

53 1816 168 1893 uantur
184 1830 191 1868 :
213 1815 289 1884 quia,
309 1816 358 1887 qui
378 1815 574 1889 temporaliter
586 1815 617 1873 in

53 1897 113 1962 pne
132 1899 242 1952 vivens,
261 1902 368 1958 paucos
384 1889 547 1945 ludaeorum
564 1889 616 1945 do-

53 1958 94 2034 rt²
126 1955 258 2036 omnibus
283 1973 334 2028 per
357 1961 455 2016 orbem
480 1957 617 2016 Gentibus

53 2024 96 2105 lei
111 2025 269 2099 salutisque
281 2030 356 2086 dona
371 2029 547 2086 transmittit.
562 2032 616 2086 Μο-

53 2094 128 2150 liter
147 2112 214 2154 vero
233 2115 350 2156 occasus
367 2102 435 2157 solis
451 2105 545 2173 potest
561 2101 616 2158 dici

53 2181 112 2222 sus
139 2170 292 2227 mundanae
317 2171 525 2244 prosperitatis,
553 2177 616 2244 post

52 2252 114 2293 ram
140 2241 219 2295 multi
248 2249 394 2311 sanantur,
420 2244 479 2315 qui,
503 2244 616 2301 lucente

54 2307 88 2364 le
110 2312 318 2383 prosperitatis,
340 2317 464 2384 graviter
487 2314 615 2372 inllrma·

53 2382 315 2463 tntur.Uonsidera‚
328 2387 404 2456 quod
417 2385 513 2457 paucis
522 2386 615 2444 verbis

53 2449 614 2529 ultahicmiraculacomprebenduntur,

53 2537 90 2578 1ae
100 2538 233 2595 expresse
244 2527 372 2583 fortassis
384 2528 561 2585 incredibilia
572 2528 614 2585 vi-

53 2599 172 2675 trentur.
195 2599 273 2653 Unde
293 2600 498 2668 chrysostomus
513 2619 522 2654 r
540 2620 555 2653 a
574 2602 614 2658 Tu

53 2668 392 2740 ilementendequautam
402 2671 614 2728 multitudinem

52 2741 154 2792 iratam
184 2743 382 2796 transcurrant
415 2742 611 2869 Evanffelistae,

53 2817 472 2889 ›nuunumquemquecuratum
508 2813 615 2870 icentes

53 2879 158 2935 >biset
178 2888 359 2951 enarrantes;
381 2885 507 2941 seduno
527 2887 613 2941 verbo

53 2950 146 3022 alagus
172 2952 318 3010 ineffabile
340 2955 542 3012 miraculorum
565 2973 613 3013 su·

53 3023 235 3094 errenientes,
251 3032 350 3081 utnon
364 3043 462 3082 rursus
475 3027 615 3098 magnitu-

53 3109 65 3150 )
80 3093 210 3152 miraculi
225 3096 454 3154 incredulitatem
469 3098 613 3167 immittat,

67 3170 177 3224 tantam
196 3168 307 3239 plebem
323 3174 352 3224 et
365 3168 456 3225 varias
469 3169 614 3242 agritudi-

53 3252 79 3293 es
93 3237 124 3293 in
140 3255 195 3295 uno
212 3240 347 3311 temporis
362 3246 506 3296 momento
518 3241 612 3312 solvit,

53 3310 233 3366 ¹emendarit
253 3328 259 3366 :
284 3332 293 3359 r
316 3312 376 3367 baec
396 3314 611 3380 chrysostomus.

53 3381 148 3436 ridant
163 3389 255 3437 nutem
268 3382 431 3439 daemouiou
445 3385 541 3439 multis
555 3385 612 3438 clo·

52 3455 143 3520 untia,
157 3458 182 3508 et
197 3454 319 3508 dicentia
332 3473 341 3508 .·
357 3455 428 3520 Quia
441 3461 471 3509 tu
485 3470 512 3509 es
524 3457 613 3511 Ullius

53 3526 85 3581 ei.
98 3527 135 3579 Et
145 3527 291 3594 inarmans
302 3526 471 3581 concinebat
482 3541 514 3580 au
524 3527 612 3596 loqui,

53 3596 94 3650 riu
113 3596 235 3651 sciebant
255 3611 306 3667 per
327 3598 523 3653 vehementem
544 3612 614 3653 cou-

53 3668 162 3721 cturam
173 3669 264 3736 ipsum
277 3682 333 3721 esse
345 3668 492 3730 curiatum,
506 3684 562 3723 non
574 3672 614 3724 ta-

53 3751 89 3792 en
104 3752 155 3808 per
169 3737 295 3792 scientiae
310 3738 519 3794 certitudinem.
533 3738 612 3796 Unde

53 3807 117 3863 ada:
132 3830 146 3860 α
158 3810 304 3865 Daemonia
319 3809 420 3867 Filium
431 3809 480 3866 Uei
493 3810 611 3866 confite·

53 3883 138 3946 tntur,
160 3885 189 3935 ot
207 3883 330 3936 sciebant
348 3884 439 3962 ipsum
459 3897 514 3937 esse
533 3882 612 3938 Ultra·-

53 3966 105 4013 um,
113 3949 192 4021 quia,
200 3966 265 4007 rum
273 3952 382 4023 jejumo
391 3951 538 4022 fatigatum
547 3967 613 4009 eum

53 4021 155 4079 abolus
168 4021 286 4092 videret,
300 4039 397 4079 rerum
413 4022 557 4080 bominem
573 4023 613 4079 in-

52 4091 144 4161 llexit3
161 4093 212 4149 sed
229 4094 295 4164 quia
312 4095 446 4150 tentando
463 4111 520 4151 non
560 4110 613 4151 rae-

53 4161 121 4234 duit,
140 4170 235 4220 utrum
251 4164 337 4222 Filius
358 4164 511 4237 Delasset,
550 4165 612 4223 ubi·

53 4235 112 4294 bat.
142 4237 222 4292 Nunc
250 4241 356 4304 autem,
385 4251 437 4311 per
465 4236 613 4310 signorum

672 1102 829 1174 praedicare
859 1103 965 1160 mundo
991 1103 1151 1174 veritatem,
1180 1104 1262 1161 dein·

672 1190 740 1246 ceps
749 1174 962 1244 acquiescerent
971 1173 1024 1230 sibi
1037 1174 1203 1245 predicanti
1212 1174 1263 1232 lal-

673 1244 795 1302 sitatem.
808 1245 887 1302 Unde
901 1246 998 1302 Glosse
1013 1265 1021 1299 ε
1034 1268 1049 1296 «
1058 1246 1124 1302 ldeo
1133 1247 1262 1303 Christus

673 1316 803 1388 probibet
820 1317 910 1386 loqui,
927 1332 962 1372 ne
978 1316 1046 1372 dum
1061 1315 1165 1387 aliquis
1179 1315 1261 1373 audit

672 1388 832 1444 damonem
846 1403 911 1443 vera
928 1387 1140 1458 predicantem,
1161 1392 1262 1469 postea

672 1464 808 1531 sequatur
833 1465 987 1515 errantem.
1011 1459 1160 1529 improbus
1182 1474 1260 1516 enim

673 1529 809 1601 magister
818 1545 885 1586 vera
897 1529 976 1586 lalsis
989 1529 1150 1601 permiscet,
1164 1535 1195 1586 ut
1206 1530 1259 1588 sub

673 1600 1260 1729 efficia{eritsstisfifalzitztistetsgilmonium

672 1688 826 1729 oea.»
867 1689 883 1728 e
919 1689 951 1728 uc
985 1688 1082 1728 dese
1137 1687 1261 1729 rasead·

671 1759 718 1800 sas
739 1689 856 1800 groxime
871 1759 957 1816 supra
971 1743 1006 1800 de
1019 1743 1120 1817 spiritu
1134 1742 1259 1801 immuu-¹

671 1814 709 1870 do
723 1759 823 1871 Xictas

706 1886 869 1959 9Cua1srus
890 1903 989 1944 trenna
1005 1903 1034 1942 m
1051 1901 1189 1941 nasanrnu
1208 1900 1257 1942 uo·

670 1973 722 2013 cru
747 1974 866 2027 secema,
887 1977 921 2014 nn
942 1975 1074 2015 mrnnnos
1090 1973 1257 2027 neruosus,

670 2045 702 2083 nr
716 2046 751 2085 ab
763 2047 901 2086 omnbus.
918 2058 949 2072 -
961 2034 1045 2086 rocta
1056 2036 1147 2084 autem
1159 2028 1215 2099 die,
1228 2030 1258 2086 et

670 2100 751 2157 valde
765 2100 900 2169 diluculo,
914 2117 1037 2170 opressus
1050 2102 1144 2169 lesus,
1157 2100 1193 2157 de
1207 2101 1258 2159 Ca·

669 2172 840 2243 pbarnaum,
855 2174 916 2229 ibat
927 2176 958 2228 in
969 2175 1105 2229 desertum
1118 2175 1215 2241 locum,
1227 2173 1259 2228 ut

670 2243 837 2315 applausum
857 2244 952 2315 populi
973 2245 1094 2314 lugeret,
1113 2249 1141 2297 et
1155 2241 1194 2298 ibi
1210 2257 1260 2298 se·

670 2314 773 2370 cretius
786 2320 898 2370 oraret:
909 2314 938 2369 in
950 2314 1004 2370 hoc
1016 2315 1087 2369 dans
1096 2312 1258 2384 exemplum

669 2385 746 2457 quod
761 2384 931 2457 praedicator
949 2390 977 2439 et
993 2382 1167 2440 mirabilium
1184 2381 1256 2438 diri·

669 2471 771 2512 norum
780 2461 913 2526 operator
924 2455 1010 2510 debet
1021 2469 1123 2510 vanam
1154 2454 1257 2511 loriam

668 2531 697 2583 et
711 2526 932 2583 ostentationem
946 2526 1053 2606 ingere,
1067 2530 1096 2580 et
1107 2469 1152 2580 ad3
1159 2522 1257 2581 solitu·

668 2598 764 2654 dinem
789 2598 1036 2668 contemplationis
1057 2611 1091 2652 ae
1115 2601 1257 2653 secretum

668 2664 1255 2741 orationis,postlaborempraedicationis,

668 2739 773 2808 redire,
796 2745 828 2795 ut
847 2742 904 2796 Deo
923 2738 1030 2809 gratias
1049 2743 1115 2818 agat
1133 2737 1170 2792 de
1189 2752 1255 2809 pro-

668 2813 744 2869 iectu
767 2811 923 2883 praeterito,
943 2815 971 2866 et
996 2826 1026 2866 se
1051 2810 1184 2880 disponat
1202 2822 1255 2880 pro

668 2883 808 2950 luturo‚et
819 2881 872 2938 sibi
887 2881 997 2938 hauriat
1010 2880 1085 2952 quod
1097 2884 1197 2952 postca
1208 2894 1257 2951 po-

688 2954 742 3011 nlis
752 2954 888 3011 effundat.
901 2956 945 3022 Et,
956 2953 1112 3010 secundum
1124 2951 1258 3023 Tteoput·

668 2970 736 3096 fam,
754 3025 879 3082 ostendit
896 3024 979 3082 nobis
998 3024 1074 3096 quod
1092 3026 1149 3081 Deo
1169 3022 1256 3105 debet

668 3097 793 3162 attribui,
808 3096 832 3153 si
844 3097 951 3169 aliquid
965 3096 1032 3154 boni
1045 3095 1174 3164 tacimus,
1189 3098 1217 3151 et
1229 3109 1257 3151 er
1281 3152 1286 3162 ,

667 3167 1258 3238 debemusdioere,quoniamomnedonum

667 3239 804 3311 optimum
829 3239 951 3309 desuper
970 3244 1022 3299 est,
1043 3236 1256 3292 descendensu

669 3316 706 3367 te.
722 3312 754 3365 ln
772 3309 885 3364 deserto
895 3323 962 3377 ergo
974 3306 1102 3364 Christus
1112 3311 1186 3374 orat,
1196 3321 1255 3363 nou

667 3381 743 3454 quod
760 3380 820 3452 ipse
845 3378 973 3436 oratione
998 3377 1137 3447 indigeam
1155 3376 1206 3432 sed
1223 3378 1256 3433 ut

666 3452 749 3510 nobis
764 3453 846 3509 bonae
861 3447 1134 3520 exemplificationis,
1151 3462 1254 3519 opera-

667 3523 763 3591 tionis,
781 3521 940 3594 exemplum
960 3526 988 3577 et
1008 3520 1099 3575 torma
1118 3519 1211 3586 fleret,
1225 3520 1257 3575 et

666 3600 699 3652 ut
722 3610 774 3651 nos
798 3594 949 3650 tumultum
971 3594 1079 3663 lugere,
1104 3595 1132 3647 et
1155 3603 1255 3670 curam

668 3666 766 3723 mundi
792 3665 892 3732 vitare,
921 3679 954 3721 ac
982 3666 1123 3718 secretum
1150 3664 1254 3718 mentis

666 3752 795 3809 quaerere
810 3736 932 3800 doceret,
950 3750 1015 3790 curn
1030 3749 1095 3789 eum
1110 3747 1193 3790 orare
1209 3730 1255 3790 rel

666 3809 693 3865 ei
708 3808 825 3865 silenter
836 3806 913 3878 loqui
926 3808 1102 3862 all'ectamus.
1117 3808 1154 3862 Et
1167 3804 1255 3862 coroa

665 3880 932 3951 recumbentem,
953 3877 1061 3934 selicet
1084 3892 1136 3949 per
1154 3875 1253 3944 fidem,

666 3956 831 4008 etvenerunt
842 3950 975 4020 usquead
987 3953 1089 4020 ipsum,
1100 3964 1151 4029 per
1162 3961 1254 4019 spem,

666 4028 693 4079 et
705 4022 864 4078 detinebant
877 4023 967 4087 illum,
984 4037 1036 4093 per
1049 4023 1207 4080 caritatem.
1220 4031 1255 4073 us

666 4093 816 4149 discederet
830 4094 865 4148 ab
877 4096 927 4161 eis,
942 4100 973 4149 ut
985 4092 1144 4165 protectum
1156 4102 1256 4144 consa-

667 4167 823 4237 querentur
845 4165 994 4236 majorem.
1019 4162 1070 4219 Ubi
1094 4162 1256 4241 prspsto-

666 4252 727 4294 mus
742 4255 751 4294 ε
767 4255 782 4291 (ι
798 4236 931 4295 (laudens
944 4242 1041 4293 autem
1053 4246 1103 4290 eos
1116 4244 1254 4304 suscipie-
