2790 4912
125 381 170 434 120

127 485 230 544 delitas
244 485 396 612 impiorum
407 484 627 543 existimantium
643 502 716 542 mar·

127 562 221 631 tyrum
240 573 279 613 cae
301 573 317 613 e
339 573 424 632 posse
447 556 612 629 religionem
636 557 714 615 Chri·

126 629 248 687 stianam
277 628 450 699 extinguere,
472 634 500 684 et
521 628 550 684 in
576 628 716 685 occisione

124 700 309 774 parvulorum
346 705 511 757 cunctorum
549 705 716 771 martyrum,

126 771 175 844 qui
200 769 318 853 parvuli,
334 770 363 826 id
383 776 427 828 est
447 770 569 828 humiles
588 776 616 827 et
636 771 719 827 inno

127 845 234 909 centes,
260 841 345 897 occisi
368 843 487 898 suntab
506 841 611 915 impiis,
627 842 719 899 torma

127 911 284 986 praecessit.
314 912 369 969 Sed
400 929 459 969 non
492 913 532 970 sic
562 913 663 985 religio
689 913 719 969 in

128 984 240 1043 Christo
256 983 374 1041 fundata
388 983 574 1056 extinguitur;
593 985 668 1056 quia,
690 989 720 1040 ut

128 1055 226 1112 aitLeo
236 1057 323 1126 Papo,
338 1072 395 1111 non
407 1055 543 1113 minuitur
551 1055 721 1127 perseeutio-

129 1126 214 1183 nibus
236 1126 371 1195 Ecclesia,
395 1128 445 1183 sed
470 1132 600 1200 augetur.
629 1128 719 1194 Unde,

130 1197 285 1254 secundum
296 1199 397 1253 Dedom
408 1203 435 1255 et
446 1200 626 1266 Demaratum,
637 1201 722 1255 llero·

130 1268 218 1326 diana
232 1267 350 1338 malitia,
369 1275 397 1325 et
412 1270 584 1344 Babylonica
599 1269 720 1327 crudeli·

130 1343 185 1421 tas,
210 1344 254 1396 est
274 1346 438 1397 nascentem
464 1342 535 1398 velle
555 1341 721 1412 religionem

131 1417 306 1482 extinguere,
327 1417 355 1469 et
375 1413 508 1484 parvulos
528 1412 640 1469 lsraelis
659 1412 721 1468 alli·

132 1481 210 1539 dere.
231 1483 258 1560 Si
280 1483 343 1553 quis
361 1483 437 1539 enim
459 1485 527 1555 quid
547 1485 582 1541 ad
602 1485 722 1540 salutem

132 1552 290 1626 pertinens,
304 1554 326 1609 si
341 1554 404 1680 ᾳΙυίε
416 1555 563 1626 religionis
577 1560 606 1611 et
620 1554 723 1612 saneti·

132 1623 352 1705 tatisortum,ve
370 1627 725 1697 proiectum,veleonsum-

133 1701 288 1752 mationem
316 1695 445 1766 impedit,
465 1703 513 1753 aut
534 1698 724 1770 persequitur,

133 1765 199 1823 talis
208 1766 292 1836 plane
301 1782 365 1822 cuni
374 1768 510 1841 AEgyptiis
522 1775 550 1826 et
564 1768 726 1841 Babyloniis

136 1837 270 1909 parvulos
296 1839 439 1895 israelitici
465 1841 600 1911 germinis
625 1856 727 1897 necare

138 1914 268 1975 conatur,
284 1907 341 1964 imo
357 1926 420 1965 cum
436 1912 547 1968 llerode
562 1918 726 1969 nascentem

139 1978 314 2060 Salvatoreni
327 1983 512 2052 persequitur.
527 1984 606 2050 Quod
621 1991 726 2049 autem,

138 2053 206 2105 nato
221 2050 352 2116 Domino,
366 2057 524 2122 persecutio
540 2056 635 2125 erepit,
645 2054 729 2124 signi-

140 2119 208 2175 ficat
217 2135 269 2191 per
278 2137 362 2177 omne
373 2129 484 2195 tempus
494 2124 557 2180 vitre
570 2125 727 2194 prraesentis,

140 2207 199 2247 non
222 2190 321 2247 deesse
343 2194 463 2264 futuros,
488 2196 534 2267 qui
554 2197 659 2252 electos
679 2195 728 2252 Dei

141 2265 469 2390 persequerenturmicut
481 2266 541 2339 ipse
551 2268 686 2324 Dominus
700 2266 729 2322 in

165 2333 294 2403 vangelio
314 2338 354 2390 ait
370 2354 376 2391 :
393 2339 425 2394 Si
443 2354 485 2394 me
502 2343 637 2410 persecuti
654 2345 728 2402 sunt,

119 2409 168 2459 ‘et
190 2419 237 2459 uos
259 2414 466 2478 persequentur.
492 2412 526 2466 Et
550 2411 730 2483 Apostolus:

142 2476 240 2532 Omnes
251 2482 300 2547 qui
310 2482 355 2549 pie
366 2483 461 2537 uolunt
471 2484 563 2537 uivere
571 2487 601 2537 in
613 2484 730 2545 Diuisio,

142 2552 354 2629 persecutionem
379 2556 530 2634 potientur.
558 2554 638 2621 Quod
665 2569 731 2610 vero

142 2634 224 2745 guerr
240 2635 290 2690 pro
306 2623 424 2678 Domino
444 2625 529 2681 occisi
549 2631 625 2693 sunt,
642 2623 731 2696 signi·

165 2695 220 2759 cat,
249 2707 301 2762 per
328 2694 495 2752 humilitatis
521 2696 665 2764 meritum,
698 2694 734 2750 ad

144 2776 279 2842 eoronam
307 2767 437 2837 martyrii
460 2784 522 2824 esse
547 2768 732 2834 veniendum

145 2846 222 2902 quia,
246 2837 275 2887 ut
295 2835 430 2892 Dominus
449 2838 488 2893 ait
505 2857 511 2893 :
528 2841 582 2906 Qui
599 2856 628 2894 se
644 2841 734 2894 hurni-

146 2903 208 2965 lict,
227 2905 408 2982 concitabitur.
427 2909 581 2964 Puerorum
599 2910 675 2965 enim
691 2909 733 2964 iii-

145 2976 279 3051 nocentia
301 2975 486 3034 humilitatem
507 2980 648 3050 significat
666 2981 733 3035 sim·

145 3041 272 3169 psilicium,
290 3044 325 3100 de
354 3047 456 3116 quibus
483 3050 551 3105 dicit
569 3051 705 3107 Dominus
726 3068 732 3105 :

169 3116 237 3167 inite
253 3119 385 3185 purvulos
403 3123 494 3175 venire
512 3122 549 3176 od
565 3138 620 3188 me3
637 3125 736 3177 lulium

149 3189 189 3239 est
201 3187 272 3266 enim
279 3203 392 3256 regnum
403 3194 537 3248 cetorum.
550 3193 629 3259 Quod
641 3198 734 3249 autern

150 3271 235 3312 occisi
254 3267 329 3327 sunt,
346 3261 395 3316 sed
410 3262 537 3319 Christus
551 3264 649 3332 evasit,
666 3264 735 3320 insi-

149 3334 220 3384 nuat
242 3346 362 3401 corpora
389 3340 553 3406 martyrum,
584 3337 619 3392 ab
642 3335 736 3406 impiis

150 3415 232 3471 posse
249 3401 363 3483 perimi,
381 3405 430 3460 sed
445 3405 597 3475 Christum,
613 3423 664 3478 pro
680 3422 736 3477 quo

151 3478 308 3551 persecutio
327 3476 417 3544 saevit,
437 3477 598 3535 nullatenus
616 3479 699 3550 po‘sse
721 3493 738 3533 a

151 3541 284 3598 fidelibus
297 3546 402 3602 aulerri
420 3564 427 3602 τ
443 3550 507 3605 Sive
520 3553 591 3604 enim
607 3552 736 3612 uiuimus,

150 3615 208 3666 siue
222 3617 364 3682 morimur,
381 3622 491 3674 Domini
504 3636 607 3676 sumus.
666 3641 670 3649 ·

191 3688 220 3750 id
234 3686 302 3751 Quin
315 3705 465 3746 uouinirnn
477 3708 623 3747 sreniricnr
638 3708 739 3747 renno-

152 3771 206 3811 unii
221 3761 398 3815 runcinirio?
408 3792 442 3801 -
454 3763 597 3820 lloraliter
607 3762 741 3819 occidunt

152 3841 257 3898 pueros
272 3832 387 3901 multos,
403 3837 431 3891 et
446 3833 649 3905 multipliciter,
672 3834 742 3889 Pha·

152 3913 203 3953 rao
229 3901 450 3972 submergendo,
477 3906 603 3962 Herodes
625 3904 741 3961 detrun·

153 3969 255 4037 cando,
271 3972 423 4029 Antiochus
439 3977 648 4046 suspendendo,
669 3976 742 4031 lleili

154 4040 326 4122 sagittando.
349 4046 379 4099 ln
399 4045 515 4103 llumine
532 4050 742 4129 submergente,

155 4112 333 4182 significatur
355 4114 504 4173 delectatio
525 4126 675 4190 praesentis
694 4134 743 4174 vo·

154 4182 286 4264 luptatis;
302 4184 330 4240 in
346 4186 440 4256 gladio
459 4188 653 4259 detruncante,
669 4188 744 4247 inlli-

498 378 609 432 Philia
636 379 755 435 lieris
782 378 887 432 CAPUT
917 377 983 432 xlit

769 482 944 567 asperitatis3
963 483 993 539 in
1017 481 1194 565 suspendio,
1206 497 1282 564 spes,
1300 482 1351 541 sire

770 555 1351 698 illinitisillicitam-“t

904 669 912 696 i
1101 667 1108 692 t

771 715 820 770 per
844 698 995 765 inuidiom3
1022 695 1070 768 qui
1099 697 1240 764 llerodes,
1268 695 1277 753 i
1313 701 1348 753 est
1389 720 1393 767 ς

771 772 895 840 glorians
908 785 964 840 per
984 768 1159 838 superbiam
1182 766 1233 894 spui
1254 767 1347 835 lledus,
1390 772 1393 789 ¹

773 842 1026 903 idestmensurons,
1035 838 1186 896 scilicetcu
1200 852 1348 911 paepoenam

774 929 825 984 per
843 911 946 968 malain
965 910 1170 978 intentionem
1191 909 1242 983 qui
1263 908 1347 966 Antio

774 985 854 1052 chiis,
869 982 899 1038 id
914 987 957 1039 est
969 983 1109 1038 silentium
1122 985 1296 1054 poupmioiis
1307 996 1347 1053 per

773 1055 1002 1124 fraudulentiam,
1020 1058 1217 1126 paupertatem
1229 1051 1299 1110 enini
1311 1066 1344 1107 oe

774 1127 824 1195 lat,
841 1130 870 1182 et
893 1124 1006 1181 divitias
1025 1124 1174 1196 suggerit:
1195 1123 1243 1180 hic
1261 1120 1343 1180 oceidit

775 1213 878 1270 pueros
890 1196 1046 1253 secundum
1057 1200 1180 1267 quatuor
1188 1194 1342 1260 affectiones,

775 1273 930 1339 quaesunt:
944 1267 1080 1338 gaudium
1091 1266 1242 1339 praesentis
1251 1279 1345 1349 prospe

776 1340 879 1408 nitatis,
895 1344 925 1396 et
943 1354 1008 1410 spes
1027 1339 1140 1406 iuturae,
1161 1336 1276 1394 tristitia
1290 1350 1346 1408 pra·

777 1410 866 1467 sentis
892 1408 1061 1482 asperitatis,
1089 1416 1117 1465 et
1143 1409 1230 1465 timor
1252 1408 1348 1464 futura.

777 1485 811 1539 Et
836 1487 879 1548 est
904 1480 1039 1550 notabile,
1057 1480 1132 1551 quod
1159 1478 1355 1536 interficiuntur

778 1552 869 1636 pueri,
885 1551 916 1608 in
931 1569 986 1624 quo
1000 1551 1133 1619 stultitia3
1146 1551 1175 1606 in
1190 1549 1354 1614 Bethlehem,

778 1643 808 1681 in
825 1623 1079 1695 quoabundantia;
1094 1619 1371 1685 animamarum,

779 1696 809 1752 in
822 1711 878 1778 quo
892 1694 1153 1774 superabundantia
1168 1699 1216 1750 :et
1226 1694 1279 1749 boc
1291 1705 1372 1748 con-

780 1767 927 1840 patiendo,
943 1767 1022 1837 luget
1032 1765 1169 1821 Ecclesia.

820 1844 850 1895 15
869 1841 952 1894 lnons
967 1854 1170 1904 coursnunrnn,
1186 1854 1213 1892 ui
1232 1837 1393 1892 AEcrrmnfl

780 1927 914 1966 iurnanrn
947 1911 1064 1966 Doinno.
1101 1939 1135 1948 -
1170 1909 1240 1964 Cum
1274 1909 1393 1963 autent

783 1981 872 2038 llaria
886 1986 914 2037 et
927 1981 1041 2052 loseph,
1058 1995 1120 2035 cum
1135 1995 1224 2050 puero
1234 1980 1307 2043 Jesu,
1319 1975 1393 2030 in*

783 2057 892 2109 trarent
911 2054 1071 2133 AEgyptum,
1090 2049 1186 2105 omnia
1205 2049 1281 2105 idola
1293 2045 1393 2103 illiue

782 2123 935 2195 provinciae
950 2140 980 2178 in
994 2121 1108 2192 templis
1122 2122 1181 2177 suis
1194 2121 1393 2182 corruerunt5

783 2195 856 2251 sieut
880 2210 932 2267 per
959 2193 1127 2265 prophetem
1157 2191 1260 2247 lsaiain
1280 2186 1393 2246 luera·

783 2267 993 2339 prophetatum.
1014 2264 1140 2320 Tradunt
1161 2260 1278 2330 etenim,
1296 2252 1393 2331 quot

784 2322 1386 2410 sicutaliquando,iuexituliliorumlsrael

786 2405 821 2465 de
831 2411 958 2480 AEgypto,
967 2423 1023 2463 non
1033 2405 1085 2462 init
1097 2406 1199 2461 domus
1212 2401 1327 2476 AEgypti,
1336 2407 1393 2456 ut

787 2496 853 2551 qua,
882 2482 939 2536 Deo
970 2483 1152 2550 procurante,
1183 2491 1240 2531 non
1267 2472 1393 2546 iacere·

787 2555 914 2607 mortuus
949 2548 1144 2620 rimogenitus‚
1161 2546 1201 2604 ita
1224 2562 1276 2603 nec
1289 2544 1393 2601 modi:

787 2621 840 2678 luit
854 2566 990 2692 tempium
1010 2624 1040 2676 iu
1055 2623 1184 2700 AEgypto,
1204 2617 1234 2673 in
1249 2633 1302 2690 quo
1314 2622 1393 2671 nort

788 2692 942 2749 corruisset
952 2692 1072 2758 idolum;
1085 2696 1156 2746 sicut
1168 2693 1269 2745 etante
1279 2692 1393 2744 areant

789 2764 900 2821 Domini
925 2763 1031 2820 corruit
1055 2765 1152 2832 Dagon
1176 2760 1294 2826 idolum,
1310 2762 1393 2813 cunt

773 2848 777 2856 ’
789 2852 856 2892 arca
867 2834 1123 2907 appropinquasset
1132 2831 1169 2888 ad
1179 2831 1281 2913 ipsum.
1292 2825 1386 2906 Spin]-

789 2907 905 2963 tualiter
919 2907 1005 2962 etiam
1020 2909 1155 2961 corruunt
1169 2896 1393 2981 vitia,rngred1-··

790 2984 856 3035 ente
869 2977 988 3033 Domino
1004 2977 1120 3032 domum
1135 2974 1260 3030 animam
1273 2970 1382 3028 seiher!
1390 2989 1393 3011 =

790 3050 936 3121 cujusque,
937 3048 1022 3175 prius
1032 3048 1175 3104 desertam
1188 3062 1239 3128 pel·
1253 3045 1393 3124 peccata--

790 3122 825 3176 Ut
838 3120 923 3177 etiarn
957 3119 1039 3176 icitur
1054 3119 1081 3173 in
1098 3118 1273 3174 Scholastica
1290 3115 1387 3170 histe-

789 3191 843 3259 ria,
860 3191 972 3263 quando
990 3189 1129 3247 ieremias
1148 3188 1178 3244 in
1195 3190 1389 3264 AEgypnpet

790 3262 980 3334 captivitatem
988 3259 1393 3336 duetustuerat.pr0phetizt·-

789 3334 884 3390 viteis
900 3333 975 3404 quod
990 3332 1018 3386 in
1033 3335 1139 3399 tuturo,
1152 3331 1284 3403 quaedani
1295 3329 1393 3396 virgi)

790 3405 916 3476 paritura
928 3408 1013 3470 esset,
1037 3408 1065 3459 et
1082 3408 1151 3458 tuuc
1172 3417 1273 3457 omnes
1286 3399 1329 3465 dii,
1341 3403 1393 3472 cs}

791 3475 888 3531 omnia
906 3475 982 3531 idola
996 3473 1106 3545 AEgypti
1126 3477 1252 3528 ruerent.
1340 3469 1393 3519 ll!

791 3562 860 3617 ergo
879 3545 1034 3616 imaginem
1058 3542 1181 3614 Virginis
1207 3558 1272 3599 cum
1312 3552 1337 3596 uc

793 3615 1193 3689 sculpebant,etipsihonores
1203 3605 1393 3670 exhibebant!

794 3692 858 3745 llaec
873 3694 968 3746 autem
984 3686 1144 3759 prophetia,
1159 3685 1257 3754 modo,
1272 3670 1393 3756 qualib]

794 3759 922 3819 Christus
929 3776 993 3816 cum
1002 3757 1216 3814 Matreintrarit
1226 3758 1295 3829 AEgy
1313 3754 1393 3808 unt

795 3837 837 3888 est
852 3831 969 3903 impleta
981 3848 988 3885 ι
1001 3845 1066 3886 nam
1077 3828 1174 3884 omnia
1189 3827 1267 3883 idola
1352 3822 1381 3863 Γ

796 3909 975 3969 corruerunt,
998 3906 1026 3957 et
1043 3900 1198 3972 Virginem,
1219 3897 1293 3954 sicut
1314 3895 1393 3969 prfi

795 3974 903 4030 dictum
913 3973 1015 4040 luerat,
1024 3971 1167 4042 peperisse
1179 3956 1393 4025 indicaverun-

797 4038 1393 4115 -liocidempraesigurammsurianos?

798 4122 827 4172 et
842 4118 1003 4183 Pharaone,
1019 4113 1048 4169 in
1065 4111 1262 4168 contractione
1280 4109 1330 4167 Dei
1343 4112 1393 4157 ⁵¹³

799 4186 975 4254 Hammonis,
989 4190 1017 4241 et
1029 4200 1153 4240 coronae.
1167 4185 1202 4239 Ut
1215 4181 1332 4238 enimin
1343 4175 1393 4226 0⁵

155 4260 212 4311 ctio
226 4260 377 4328 praesentis
389 4258 583 4330 adversitatis;
599 4260 629 4316 in
643 4260 746 4331 sagitta
799 4260 864 4316 dem
874 4256 1048 4316 Scholastica
1061 4254 1182 4311 historia
1193 4252 1308 4322 dicitur,
1318 4245 1393 4308 Pb*

156 4325 193 4382 de
216 4326 302 4400 longe
327 4329 512 4402 percutiente,
539 4331 626 4388 timor
643 4332 746 4388 luturae

800 4347 851 4388 rao
861 4346 910 4388 rex
921 4327 1042 4403 AEgppti‚
1050 4341 1185 4385 coronam
1197 4324 1325 4398 regalem
1338 4317 1393 4375 Μ’
