2790 4912
263 963 627 1081 noollull
673 962 769 1081 nl]
816 954 1211 1080 idolotitis

162 1985 264 2049 Nemo
281 1986 401 2066 estqui
417 2001 483 2050 uon
501 1985 641 2050 fateatur
654 1985 941 2065 opportunitatem,
964 1984 1046 2063 quin
1063 1984 1160 2047 etiam
1179 1981 1354 2047 necessita-

122 2096 202 2168 tem,
226 2093 406 2172 praesertim
433 2092 529 2156 malis
557 2091 647 2155 hisce
674 2089 886 2170 temporibus,
909 2107 984 2153 cum
1012 2089 1108 2152 multi
1129 2091 1198 2170 jam
1219 2087 1354 2170 pseudo·

121 2197 289 2279 prophetae
313 2203 344 2261 et
371 2198 559 2262 Antichristi
582 2199 617 2260 in
641 2197 805 2259 mundum
833 2196 984 2274 exierint,
1006 2196 1065 2275 qui
1086 2195 1198 2258 Jesum
1212 2195 1355 2273 solvunt,

121 2304 205 2366 dum
221 2324 338 2384 purum
352 2305 521 2368 hominem
539 2305 647 2384 ipsum
671 2304 857 2383 praedicant,
880 2301 931 2366 vel
947 2301 1136 2381 confitentes
1154 2319 1187 2365 se
1203 2302 1357 2365 eumdem

120 2419 163 2475 ut
188 2411 292 2475 Deum
318 2429 422 2483 nosse,
448 2413 546 2493 lactis
573 2419 687 2474 tamen
713 2416 848 2491 ncqcnt,
878 2411 912 2471 in
945 2410 1111 2472 mentibus
1141 2410 1357 2472 resuscitandi

123 2521 421 2599 supereminentem
436 2519 554 2583 Christi
575 2520 756 2596 scientiam,
772 2520 807 2580 in
826 2535 893 2598 quo
914 2518 1011 2578 unice
1032 2516 1120 2577 salus
1142 2523 1263 2578 aeterna
1283 2535 1355 2597 spe·

122 2625 192 2686 rari
220 2632 347 2704 potest:
365 2621 426 2697 Oui
452 2626 542 2689 enim
565 2623 658 2688 habet
684 2623 819 2697 Filium,
845 2621 939 2687 debet
962 2622 1089 2703 vitant5
1110 2623 1167 2704 qot'
1189 2639 1263 2686 vero
1289 2633 1371 2688 non·

123 2730 221 2795 lohet
237 2729 373 2804 Filium,
388 2734 494 2795 vitant
506 2749 575 2795 non
593 2733 698 2796 trabat.

166 2841 243 2904 Ideo
257 2841 477 2904 existimantes
501 2841 536 2903 in
551 2860 585 2905 re
605 2841 686 2905 tanti
709 2840 884 2918 momenti,
906 2841 1008 2902 tutius
1031 2839 1067 2902 in
1086 2837 1202 2904 alienis
1220 2841 1356 2922 versari,

124 2949 279 3027 quamde
294 2966 377 3012 novo
392 2957 647 3030 praesumptuose
663 2949 786 3031 aliquid
800 2949 921 3027 moliri,
934 2948 1021 3013 hauc
1033 2950 1139 3015 Vitam
1153 2951 1228 3015 Jesu
1240 2950 1358 3015 Christi

123 3074 146 3118 a
173 3054 339 3136 Ludolpho
362 3055 442 3120 olim
466 3065 642 3135 exaratam,
676 3057 812 3138 pristino
838 3066 948 3120 tamen
974 3057 1080 3120 nitore
1104 3058 1298 3135 restitutam,
1321 3058 1357 3123 iu

123 3163 235 3228 lucem
260 3182 373 3227 rursus
402 3163 498 3229 edere
526 3165 711 3228 statuimus.
740 3163 927 3244 Ludolphus
958 3165 1047 3227 enim
1074 3163 1199 3240 Senior,
1227 3167 1358 3228 natione

124 3271 218 3347 Saxo,
247 3268 446 3349 professione
477 3269 722 3348 carthusianus,
753 3269 858 3335 officio
889 3269 1138 3348 Argentineusis
1168 3269 1268 3344 Prior,
1297 3271 1358 3352 qui

123 3395 202 3439 cum
231 3375 272 3438 ad
300 3377 434 3456 triginta
461 3394 564 3441 annos
590 3377 626 3439 in
653 3377 905 3440 Praedioatorum
931 3375 1057 3439 familia
1079 3382 1189 3439 sancte
1211 3385 1358 3442 versatus

122 3488 253 3564 fuisset,
273 3485 445 3549 severioris
467 3484 648 3565 disciplinae
668 3484 827 3549 desiderio
852 3484 893 3548 ad
914 3483 1142 3549 carthusianos
1164 3458 1355 3566 ceneclarit,

122 3611 208 3675 opus
222 3593 541 3674 praestantissimum,
559 3593 644 3675 quod
665 3593 765 3656 Divus
784 3593 924 3657 Thomas
943 3609 1042 3672 super
1068 3589 1244 3672 Theologia
1259 3591 1359 3658 Scho-

123 3698 240 3763 lastica
253 3698 432 3764 Summam
465 3698 569 3780 ipsius
597 3699 809 3778 conficiendo,
825 3697 963 3762 feliciter
992 3712 1166 3778 aggressus
1193 3698 1309 3779 iuerat,
1326 3710 1359 3766 et

124 3806 194 3888 ipse
210 3824 308 3887 super
322 3805 393 3870 Vita
412 3806 489 3870 Jesu
509 3805 638 3886 Christi,
651 3824 691 3869 ea
704 3824 778 3869 mex
793 3814 936 3887 quatuor
956 3805 1152 3886 Evangeliis,
1171 3825 1210 3870 ex
1236 3806 1359 3876 Latinis

123 3922 156 3977 et
171 3914 290 3978 Craecis
313 3913 518 3995 Auctoribus,
533 3931 571 3976 ac
587 3916 767 3995 praesertim
790 3932 828 3977 ex
848 3914 982 3977 Petrum
1001 3912 1170 3978 sententiis
1188 3920 1219 3977 et
1238 3913 1358 3985 Clossie

124 4022 210 4086 miro
228 4020 364 4086 artificio
380 4023 478 4102 quasi
491 4041 558 4088 uno
572 4030 683 4089 tenore
698 4027 916 4103 contextoque
929 4022 1109 4100 conflando,
1128 4041 1279 4101 agressus
1295 4031 1356 4090 est.

169 4128 273 4202 Quam
289 4146 364 4192 vero
380 4129 566 4211 ludolphus
586 4139 695 4196 noster
714 4131 861 4213 apprime
881 4147 988 4195 sacras
1011 4131 1133 4196 litteras
1151 4131 1311 4208 didicerit,
1326 4139 1358 4195 et

124 4243 260 4321 quanta
276 4237 419 4306 scientiae
434 4240 629 4325 pietatisque
640 4239 749 4320 luerit,
765 4249 881 4321 praeter
896 4240 960 4305 alia
971 4241 1098 4322 ingenii
1113 4240 1166 4303 sui
1187 4239 1357 4304 documen·
