2790 4912
375 232 543 336 sii'iioiis
571 282 605 336 ii
632 282 741 336 nosci
768 279 965 334 ooioiosm.

63 383 156 454 ducit3
184 402 237 442 nee
266 385 333 455 alfa,
353 384 421 457 quia
447 386 505 442 lata
529 392 583 455 est,
599 388 649 444 sed

65 456 110 514 ubi
133 457 242 513 desinit
270 475 277 512 ε
310 478 324 511 ιι
344 458 405 512 liceo
433 458 648 527 chrysostomus.

67 526 209 597 Quomodo
241 533 336 585 autem
365 527 478 584 Domini
507 535 650 601 precepta

72 599 144 658 uobis
171 616 231 656 non
253 598 381 655 difficilia
406 605 434 655 et
450 617 582 669 onerosa,
599 602 649 657 sed

74 671 152 743 nugis
167 671 262 727 facilia
274 676 303 727 et
321 670 394 727 levia
408 686 470 727 esse
487 671 646 741 videantur,

75 740 144 799 docet
159 742 254 799 adliuc
272 741 348 799 idem
368 744 584 811 chrysostomos,
606 743 648 799 di-

77 828 152 870 oens:
169 836 182 862 ι
199 813 249 869 llis
267 830 334 885 ergo
350 829 413 885 quae
428 813 503 869 dicta
519 819 594 884 sunt,
614 831 647 871 ne

78 883 139 941 ultra
154 884 381 942 inobedientiam
406 888 589 942 contentione
605 886 648 942 fo-

79 970 187 1025 reamus,
203 956 326 1013 maxime
338 973 403 1013 cum
421 956 539 1028 praemia
554 963 581 1013 et
596 974 646 1013 ro·

80 1024 197 1098 luptatem
216 1028 340 1085 habeant
359 1028 390 1083 in
404 1044 434 1085 se
453 1033 481 1083 et
497 1027 647 1085 utilitatem

80 1094 126 1170 ‘psa
145 1105 297 1171 praecepta.
327 1101 407 1167 Quae,
438 1097 462 1155 si
486 1100 607 1156 molesta
620 1104 648 1155 et

79 1182 182 1226 onerosa
201 1170 288 1242 pteris
310 1187 353 1239 ue,
369 1176 398 1228 et
411 1169 535 1241 ingentis
557 1173 649 1242 cujus·

79 1237 130 1296 dini
148 1187 416 1322 videnturqaboris,
430 1241 557 1314 intellige
581 1259 647 1314 pro-

79 1315 127 1391 pter
140 1312 281 1369 Christum
307 1319 333 1370 te
362 1314 411 1369 illa
434 1313 591 1385 suscepisse
610 1313 648 1370 fa-

77 1383 179 1449 uenum
196 1390 224 1439 et
239 1385 315 1455 quod
331 1384 442 1441 ridetur
467 1401 531 1442 esse
555 1384 646 1454 triste,

74 1448 293 1534 fecundissimum
300 1455 453 1527 judicabis.
469 1457 496 1512 Si
512 1456 589 1512 enim
603 1473 648 1512 co-

76 1525 225 1594 pulonem
236 1527 310 1582 hane
325 1543 438 1599 semper
450 1528 645 1593 habuerimus,

76 1594 131 1652 ulii
156 1597 336 1669 experiemur
354 1613 526 1666 onerosum;
545 1599 594 1655 sed
614 1615 647 1654 ex

72 1664 169 1724 diverso
185 1669 339 1741 plurimam
359 1669 485 1740 undique
501 1669 647 1741 capiemus

72 1736 123 1795 tolu
144 1744 242 1796 tatem.
258 1740 405 1812 Siquidem
421 1741 572 1813 laboripse
589 1758 646 1797 non

70 1755 180 1892 tmpfius
200 1811 283 1893 labor¹
297 1813 457 1884 apparebit,
473 1813 522 1868 sed
538 1818 645 1894 quanto

66 1891 150 1952 bregis
174 1883 343 1954 intenditur,
375 1889 452 1939 tanto
482 1884 592 1940 dulcior
618 1890 647 1940 et

65 1951 122 2009 volu
144 1953 254 2010 tuosior
279 1956 339 2010 liet.
362 1955 480 2022 Quando
507 1954 594 2026 igitur
618 1960 645 2011 te

63 1969 198 2096 cupiditas
238 2024 433 2096 pecuniarum.
470 2026 645 2096 aliorumque

63 2094 202 2152 obsederit
223 2097 396 2153 consuetudo
422 2096 565 2166 vitiorum,
585 2096 645 2169 ipse

63 2165 96 2223 id
114 2166 241 2223 animam
257 2172 334 2224 tuam
350 2169 483 2239 loquere:
500 2168 644 2238 tristaris,

63 2236 125 2310 quie
142 2242 172 2294 te
186 2239 314 2310 corporis
334 2240 477 2321 voluptate
496 2240 644 2307 defraudo,

63 2309 108 2367 ted
119 2309 218 2367 latare
237 2310 341 2381 potius,
357 2326 425 2382 quia
443 2311 579 2367 coelorum
594 2311 644 2368 tibi

63 2395 148 2453 regna
172 2380 318 2453 provideo.
335 2384 397 2439 Non
425 2381 502 2438 enim
528 2388 645 2454 propter

63 2451 220 2518 nominem,
251 2453 301 2509 sed
328 2457 445 2525 propter
475 2455 564 2510 Deum
590 2453 645 2510 ista

63 2525 195 2595 speraris.
216 2523 364 2580 Paululum
390 2524 477 2595 igitur
502 2531 644 2596 exspecta,

63 2592 644 2666 stridebisquamsitcommodumgrende

63 2670 198 2723 iuratum.
214 2666 296 2723 Disce
314 2667 464 2739 presentis
487 2669 552 2723 vitre
572 2683 643 2739 pon·

63 2730 124 2793 lora
160 2736 381 2808 magnanimiter
420 2739 580 2807 sustinere3
615 2743 643 2794 et

65 2807 195 2865 ineffabili
220 2809 295 2880 apud
316 2811 404 2865 Deum
423 2809 538 2879 fiducia,
556 2825 588 2866 ae
613 2808 645 2865 li-

63 2878 203 2936 teralitete
228 2880 376 2951 gaudebis.
408 2880 436 2938 Si
454 2880 559 2938 etenim
589 2882 643 2937 ista

63 2964 167 3022 ¹emper
194 2956 299 3007 nostrae
326 2951 499 3008 inculcemus
523 2951 639 3019 animm,

63 3021 185 3079 :cleriter
198 3023 233 3078 ab
249 3022 383 3079 omnibus
395 3023 472 3079 illam
487 3022 562 3078 vitiis
577 3025 641 3080 sub-

63 3092 209 3149 rahemus.
227 3094 318 3150 Unum
337 3093 408 3150 illud
422 3109 440 3151 a
455 3100 482 3151 te
499 3110 532 3151 ac
548 3094 640 3151 solum

63 3161 176 3235 equitio
201 3167 286 3234 Deus,
311 3169 343 3222 ut
370 3164 507 3223 adversus
529 3167 640 3222 bostem

63 3236 130 3292 'eras
147 3233 309 3293 inimicitias
325 3252 379 3318 pro
395 3238 506 3294 honore
524 3237 598 3310 regis
613 3241 641 3293 et

64 3321 102 3364 ua
134 3307 225 3363 salute
258 3307 406 3379 suscipias.
433 3311 476 3365 lta
498 3325 542 3377 ue,
566 3307 590 3364 si
613 3306 640 3364 ei

63 3376 128 3435 stud
155 3378 301 3446 obtuleris,
329 3395 413 3436 omne
441 3325 548 3437 beffium
577 3378 639 3450 ipse

63 3449 194 3505 onlieiet.
206 3452 247 3508 lta
257 3450 354 3519 eliam,
367 3450 416 3506 illa
430 3467 494 3533 quae
504 3451 639 3523 importa-

63 3518 122 3577 iilia
141 3537 218 3577 nunc
240 3526 383 3593 putamus,
399 3522 491 3580 facille
510 3538 639 3595 prorsus,

63 3590 177 3661 cloria,
186 3591 376 3665 amabilisque
385 3593 530 3652 ducemus.
539 3594 640 3661 Quam-

63 3661 101 3719 liu
115 3662 194 3719 enlin
208 3663 238 3720 iii
251 3664 327 3720 vitiis
336 3680 550 3791 permanemus,
560 3681 640 3736 aspe-

63 3748 125 3803 um,
140 3739 226 3806 atque
247 3735 333 3792 diflici
347 3751 392 3794 em
415 3741 445 3793 et
458 3736 574 3793 omnino
591 3752 639 3793 ar-

63 3804 137 3862 luam
155 3806 307 3878 opinamur
325 3823 388 3866 esse
412 3806 560 3877 virtutem
578 3808 640 3881 ipsa

63 3891 118 3932 ero
147 3877 217 3934 vilia
237 3878 437 3938 desiderabilia
462 3895 579 3952 prorsus
605 3895 640 3936 ae

63 3946 154 4004 luleia
171 3949 220 4006 Sin
236 3954 332 4007 autem
349 3952 393 4008 rel
409 3950 488 4009 brevi
504 3950 551 4006 illa
567 3954 638 4007 tem·

63 4034 119 4075 ore
132 4019 316 4090 deseranius;
334 4027 400 4079 tunc
419 4028 447 4079 et
466 4024 527 4078 hccc
546 4021 638 4078 borri-

63 4089 130 4160 ffla,
147 4096 175 4147 et
191 4092 294 4165 turpia,
315 4100 343 4148 et
359 4093 447 4149 virtus
463 4093 639 4150 delectabilis

63 4161 212 4289 Eperebit,
232 4179 265 4220 ac
288 4163 388 4221 facilis.
406 4165 472 4220 llaee
494 4171 590 4225 autem
606 4181 639 4221 eir

79 4232 104 4290 's
121 4234 237 4293 abunde
263 4236 391 4293 valemus
418 4235 575 4307 addiscere,
590 4235 639 4310 qui

1243 289 1290 346 333

702 385 789 444 vitam
805 400 885 442 suam
912 384 985 441 facta
1008 383 1040 442 in
1058 385 1158 445 melius
1172 406 1290 450 conser-

703 460 783 515 sione
801 461 984 513 mutaverunt
1000 474 1007 512 ε
1024 476 1039 511 ιι
1051 458 1112 514 hzee
1128 461 1289 532 t'brpsosto·

702 546 773 587 mes.
796 528 875 585 Unde
900 526 969 584 dicit
990 535 1019 584 et
1033 531 1132 587 Seneca
1151 551 1190 587 :u
1206 536 1288 602 Qua·

703 601 779 669 dam,
800 616 857 656 non
886 599 953 671 quia
982 599 1110 657 diflicilia
1135 609 1211 673 sunt,
1231 623 1290 664 noii

701 672 856 739 audemus;
889 671 939 727 sed
961 671 1028 742 quia
1055 689 1113 729 non
1140 677 1288 747 audemus,

702 742 830 799 diflicilia
844 748 921 798 sunt.
938 762 952 795 ιι

737 819 754 870 ὅ
768 816 792 870 Α
807 831 896 869 iiisis
912 832 1059 871 rioensris
1074 834 1230 875 irnsiinsiis
1245 837 1292 875 ns-

701 901 797 941 nsiins.
815 886 895 939 -Et
909 885 976 955 quia
999 887 1067 943 dixit
1094 904 1200 960 paucos
1225 906 1288 947 esse

701 958 749 1029 qul
768 955 914 1012 inveniunt
943 965 1091 1027 angustam
1115 966 1238 1032 portam,
1258 968 1286 1018 et

701 1033 809 1083 arctam
826 1026 911 1093 viam,
927 1043 963 1082 ne
975 1029 1101 1085 haeielici
1114 1036 1143 1086 et
1158 1032 1283 1103 perversi

701 1098 840 1166 homines,
864 1096 1017 1155 falsitatem
1041 1102 1208 1172 apparentia
1232 1103 1287 1160 vir-

701 1175 794 1226 tutum
822 1168 983 1241 palliantes,
1008 1176 1036 1227 et
1064 1187 1094 1228 se
1120 1173 1286 1246 plerumque

700 1241 842 1313 paucitate
873 1241 1116 1310 commendantes,
1151 1245 1203 1300 sub
1234 1262 1285 1301 no-

701 1312 777 1368 mine
791 1310 941 1383 paucitatis
951 1312 1094 1383 designari
1108 1322 1283 1386 supponanl;

699 1388 728 1440 et
748 1382 890 1455 simplices
908 1382 936 1437 in
956 1383 1000 1439 iia
1028 1384 1076 1439 Dei
1104 1386 1286 1443 ambulantes

700 1454 850 1526 decipiant,
876 1454 972 1510 statim
1000 1456 1129 1526 subjecit,
1163 1457 1283 1515 dicens:

699 1527 851 1590 Attendite,
867 1525 953 1581 idest
969 1530 1076 1583 attente
1091 1533 1120 1584 et
1134 1527 1182 1584 dili
1205 1535 1287 1585 enter

699 1603 839 1666 cavete,o
861 1598 946 1664 falsis
968 1601 1119 1669 prophetis.
1137 1544 1215 1655 Unde
1234 1602 1285 1656 lli·-

700 1669 812 1725 lorfus:
836 1690 850 1719 «
877 1669 948 1735 Quia
973 1685 1128 1740 paucorum
1148 1674 1190 1727 est
1210 1669 1287 1728 inve·

700 1739 763 1796 nire
795 1746 905 1796 arctam
939 1738 1032 1805 riam,
1062 1741 1285 1798 fraudulentiam

699 1826 797 1867 eorum
814 1810 861 1882 qui
878 1827 908 1867 se
921 1827 984 1867 eam
1005 1811 1130 1868 invenire
1145 1812 1286 1869 mentiun-

698 1886 794 1951 tur,eii
817 1882 887 1950 onit,
896 1899 931 1938 ne
942 1884 977 1939 ab
987 1882 1035 1939 illa
1043 1883 1284 1956 nosimpediant.o

699 1955 782 2010 Atteu
807 1957 853 2022 ite,
876 1953 978 2024 inquit,
994 1971 1012 2009 a
1031 1957 1113 2023 falsis
1132 1957 1283 2027 prophetis,

699 2023 727 2080 id
749 2030 792 2082 est
810 2043 827 2082 a
851 2025 1050 2097 deceptoribus
1077 2026 1229 2096 baeretieis,
1245 2026 1283 2084 si-

699 2096 812 2152 mulatis
839 2096 1004 2168 hypocritis,
1032 2096 1110 2154 falsis
1136 2097 1283 2167 fratribus

698 2167 844 2240 religionis
854 2167 977 2240 speciem
988 2169 1241 2242 pretendentibus,
1257 2175 1286 2227 et

697 2239 904 2310 hujuscemodi.
914 2240 1058 2296 illocaliter
1072 2246 1130 2297 tres
1141 2240 1204 2297 falsi
1219 2256 1284 2312 pro·

697 2311 791 2435 fhetae
806 2316 890 2366 sunt:
908 2327 984 2377 caro,
996 2311 1126 2379 mundus,
1142 2311 1283 2368 diabolus.

708 2379 744 2435 lle
760 2380 836 2436 enim
851 2380 954 2436 dicitur
968 2380 1055 2436 falsus
1070 2382 1219 2453 propbeta,
1236 2382 1283 2452 qui

698 2466 785 2506 unuin
804 2450 929 2521 praedicit
950 2456 979 2506 et
997 2451 1147 2522 promittit,
1162 2456 1191 2508 et
1204 2451 1282 2508 aliud

697 2520 833 2578 eveniens
847 2521 941 2591 solvit,
960 2521 1057 2593 sicque
1080 2521 1211 2579 homines
1233 2523 1282 2580 de·

697 2592 764 2664 cipit
787 2597 816 2649 et
840 2592 927 2648 fallit:
944 2594 1052 2664 primus
1068 2608 1136 2663 ergo
1152 2597 1195 2648 est
1214 2608 1281 2650 eon-

697 2662 872 2735 cupiscentia
897 2663 1029 2733 carnalis,
1049 2663 1218 2736 promittens
1233 2664 1283 2722 de·

697 2734 879 2791 lectationem
894 2740 922 2791 et
933 2735 1046 2792 solvens
1065 2739 1200 2791 aeternam
1210 2735 1282 2794 aflli-

696 2805 838 2875 ctionem;
879 2806 1021 2863 secundus
1059 2810 1102 2863 est
1141 2806 1282 2879 cupiditas

697 2877 860 2947 mundialis,
884 2880 1054 2949 promittens
1081 2877 1281 2936 sufficientiam

696 2955 724 3006 et
738 2948 851 3006 solvens
868 2949 983 3007 finalem
1008 2948 1153 3022 inopiam;
1179 2951 1280 3008 tertius

696 3024 739 3077 est
752 3020 892 3102 diabolus,
907 3023 965 3079 sive
982 3021 1115 3095 superbia
1130 3022 1278 3092 secularis,

694 3097 864 3219 promittens
887 3093 1089 3152 exaltationem
1113 3098 1141 3150 et
1167 3095 1280 3152 solvens

707 3170 818 3221 uturam
847 3165 1035 3235 abjectionem
1056 3183 1063 3220 :
1084 3164 1151 3235 quia
1180 3170 1231 3237 qui·
1252 3182 1281 3222 se

695 3237 812 3303 exaltat,
840 3236 1043 3291 humiliabitur.
1070 3237 1167 3291 Potest
1193 3236 1280 3293 etiam

693 3307 748 3362 boc
767 3304 868 3376 exponi
888 3306 923 3361 de
941 3304 1072 3362 omnibus
1088 3305 1278 3376 daemonibus,

694 3375 767 3434 sein
791 3376 915 3446 Angelos
941 3375 1022 3443 lucis,
1039 3380 1070 3431 ut
1084 3376 1177 3446 justos
1201 3376 1278 3433 deci-

693 3449 784 3522 piant,
798 3447 1043 3503 transformantes.
1062 3446 1139 3503 Unde
1152 3445 1219 3503 dicit
1232 3449 1280 3505 lo-

693 3534 805 3577 annes:
827 3518 1038 3578 Notlteeredere
1060 3520 1135 3574 omm'
1152 3521 1278 3590 spiritui,

693 3591 742 3648 sed
756 3591 874 3673 probate
896 3592 1023 3661 spiritus,
1039 3606 1076 3645 on
1095 3606 1128 3645 ee
1143 3593 1197 3646 Deo
1210 3593 1278 3648 sint.

695 3663 846 3734 Subiungit
858 3667 953 3719 autem
966 3679 972 3716 :
986 3661 1039 3728 Qui
1051 3664 1164 3718 veniunt
1174 3662 1278 3728 oduos,

694 3733 801 3791 seilicet
834 3731 1027 3805 decipiendos,
1053 3736 1084 3790 ia
1110 3737 1280 3791 uestimentis

693 3809 796 3870 ovium,
813 3805 841 3860 id
857 3810 899 3861 est
913 3804 964 3860 sub
980 3805 1072 3876 specie
1092 3804 1236 3878 religionis
1249 3805 1280 3862 in

694 3882 847 3948 conspectu
865 3876 1023 3944 homiuum,
1039 3875 1146 3933 similes
1161 3876 1280 3949 justitiae

694 3948 842 4018 ministris,
858 3949 886 4002 ln
914 3945 1013 4003 liabitu
1040 3948 1141 4005 humili
1167 3953 1195 4004 et
1218 3963 1270 4005 ora

694 4020 771 4077 tione
804 4018 922 4092 proliia,
953 4017 981 4074 in
1006 4018 1115 4091 Jejunio
1140 4024 1229 4088 arcto,
1249 4018 1280 4075 in

694 4091 886 4164 eleemosynae
925 4089 1092 4172 largitione,
1122 4089 1152 4146 in
1185 4088 1280 4171 serbis

693 4162 815 4234 blandis,
834 4160 1044 4234 ceterisquereli
1061 4161 1153 4233 gionis
1172 4175 1277 4230 signis:

694 4234 761 4308 quia
773 4233 952 4308 pretendunt
963 4231 1182 4308 simplicitatem,
1196 4229 1285 4288 simu·
