2790 4912
84 336 131 391 tot
470 338 580 392 Phthie
607 337 724 391 rturts
751 336 853 389 Chllll'
881 334 943 390 lllll

84 452 142 509 rile
156 447 280 507 olllcium
297 449 348 501 est.
365 442 553 512 Quasidicat:
570 447 601 501 lu
614 449 676 501 tan·

84 528 148 580 tum
173 523 297 577 estante
313 530 369 583 me,
390 520 420 571 ut
434 530 487 585 ego
503 531 595 587 neque
615 531 674 572 ser-

85 593 147 651 vire
160 592 197 659 ei,
215 603 305 658 neque
316 585 343 641 in
359 585 466 642 ultimis
481 586 674 644 ministrorum

87 656 675 739 ejusrocoridignussim;calceamentum

87 735 165 794 enim
182 731 292 788 solvere
308 727 399 783 ultimi
419 728 540 786 ministri
561 745 607 786 res
622 735 674 786 est.

87 808 157 866 Cum
177 801 305 860 Christus
328 799 520 856 calceamenta
540 817 596 857 non
610 816 676 873 por-

86 875 201 941 taverit,
217 877 295 944 patet
305 872 380 941 quod
396 872 457 927 haec
472 875 515 928 est
530 874 676 944 metapho-

83 950 146 1007 rica
157 945 276 1010 locutio;
293 941 359 1023 quia
370 945 496 999 loannes
505 943 534 999 in
545 944 599 1000 hoc
608 942 677 1000 dicit

88 1035 121 1078 se
135 1034 194 1075 non
208 1030 271 1071 esse
286 1014 403 1084 dignum
419 1013 551 1071 exhihere
566 1013 677 1072 Christo

89 1089 176 1149 etiam
198 1085 347 1142 minimum
367 1085 546 1156 obsequium,
563 1088 616 1142 hoc
630 1102 677 1142 ex·

89 1159 220 1235 primens
245 1156 398 1213 secuudum
427 1172 607 1214 communem
635 1157 677 1213 lo-

89 1230 193 1306 quendi
222 1227 348 1284 modum.
378 1229 448 1283 Cum
471 1231 549 1285 enlm
573 1228 677 1354 aliphis

89 1318 171 1362 suam
186 1299 364 1373 parvitatem,
377 1303 405 1355 et
417 1299 617 1356 alteriusexcel
631 1316 679 1355 en·

87 1375 159 1432 tiam
175 1372 234 1428 vult
253 1370 421 1440 exprimere,
434 1371 506 1427 solet
520 1369 678 1428 eommuni-

87 1450 134 1503 ter
156 1443 211 1500 diri
243 1443 328 1498 :Non
348 1456 412 1498 sum
442 1442 544 1510 dignus
559 1448 680 1513 tangere

90 1520 230 1574 solutares
245 1513 318 1585 ejus,
338 1513 382 1568 vel
406 1512 484 1570 aliud
505 1512 677 1584 huiusmodi.

89 1590 148 1645 llec
163 1587 265 1643 mirum
284 1583 306 1640 si
317 1586 442 1641 ioannes
455 1585 508 1641 hoc
519 1585 598 1654 dixit,
613 1583 679 1655 quia

90 1660 190 1716 homo·
202 1661 461 1728 quantumcumque
476 1672 606 1728 magnus,
620 1657 678 1711 Deo

90 1735 282 1801 comparatus,
300 1726 370 1781 nihil
392 1732 435 1783 est
459 1727 513 1783 nisi
536 1727 627 1799 pulvis
652 1730 681 1783 et

90 1800 180 1867 oinis;
204 1815 255 1854 nec
277 1797 363 1854 etiam
378 1797 475 1869 aliqua
494 1805 624 1856 creatura
638 1802 681 1854 est

93 1872 181 1944 digna
193 1871 217 1926 ei
234 1869 351 1938 servire,
366 1869 420 1924 nisi
436 1870 622 1942 pergratiam
637 1885 682 1925 as·

93 1940 681 2000 sumatur.Perhocostenditetiamtoan·

91 2029 145 2070 nes
170 2011 239 2083 ipsis
267 2010 429 2079 pharisaeis,
455 2013 531 2082 quod
555 2012 682 2068 osticium

92 2082 219 2142 alienum
237 2097 294 2136 non
314 2083 482 2153 usurpabat;
503 2084 554 2139 sed
574 2089 683 2139 tantum

92 2169 177 2212 suum
217 2150 363 2233 proprium
402 2152 543 2223 olllcium,
576 2153 684 2210 seilicet

92 2238 291 2354 praecursoris,
305 2223 463 2279 exercebat.
486 2225 684 2293 Unde,secun-

114 2312 162 2353 um
183 2296 353 2362 Grepoie'um,
380 2295 531 2367 allegorice
556 2312 608 2369 per
628 2296 684 2352 cal·

96 2372 288 2432 ceamcntum,
308 2364 486 2435 humanitas;
508 2383 559 2439 per
585 2367 682 2440 pedae,

93 2438 203 2505 deitas;
230 2453 282 2510 per
304 2437 467 2518 corrigiam,
490 2439 556 2495 unio
578 2439 683 2495 calcea-

95 2516 270 2576 mentorum,
283 2508 389 2565 scrlicet
403 2509 505 2567 animae
517 2515 545 2566 et
555 2509 683 2582 corporis

95 2582 132 2639 ad
146 2581 290 2647 deitatem,
300 2579 418 2653 intelligi
430 2587 541 2662 potest:
555 2583 621 2653 quia
632 2597 683 2637 nec

95 2654 157 2736 ipse
173 2655 307 2719 JoanueS,
323 2668 375 2708 uec
401 2653 501 2725 aliquis
520 2653 592 2710 alius
607 2653 684 2709 suill-

95 2739 174 2780 ciens
193 2729 247 2790 est,
272 2722 315 2778 vel
342 2728 435 2795 potest
463 2728 628 2796 mysterium
655 2728 684 2780 et

96 2795 213 2852 modum
230 2792 304 2848 illius
320 2793 472 2850 inellahilis
486 2795 601 2852 unionis
615 2796 684 2851 dua-

95 2880 162 2922 rum
191 2870 367 2931 naturarum‚
394 2865 500 2921 scilicet
527 2866 629 2922 divinae
655 2870 684 2922 et

94 2936 240 2999 humanm,
267 2950 323 3003 qua
354 2936 471 2991 Verbum
494 2940 683 3004 rarefactum

96 3011 146 3066 est.
164 3005 303 3075 explicare
330 3004 372 3059 rel
393 3005 515 3077 aperire,
542 3023 606 3064 cum
623 3008 683 3062 haec

96 3075 165 3134 unio
203 3080 282 3130 tanta
311 3081 395 3143 esset,
428 3077 502 3147 quod
540 3079 683 3134 hominem

94 3149 196 3213 Deum,
226 3150 254 3201 et
279 3147 367 3201 Deum
394 3148 539 3204 hominem
568 3150 681 3205 laceret.

96 3219 178 3275 Unde
193 3216 281 3273 isaias
299 3235 305 3273 :
323 3218 527 3275 (temerationem
546 3221 606 3290 ejus
620 3224 684 3291 quis

96 3290 256 3346 enarrabit?
274 3289 359 3357 Quasi
378 3289 485 3347 diceret
504 3308 510 3347 :
527 3292 625 3348 Nullus
639 3297 683 3348 est

95 3360 208 3434 dignus.
231 3361 280 3417 Ubi
302 3362 472 3430 Greporius:
493 3384 507 3416 «
525 3363 586 3431 Qua
605 3363 633 3418 in
652 3380 683 3419 re

95 3433 273 3506 pensandum
283 3432 364 3489 nohis
379 3435 583 3505 ost‚quomodo
594 3435 683 3490 sancti

95 3504 161 3571 riri,
179 3511 209 3560 ut
225 3503 390 3560 humilitatis
406 3505 477 3562 inse
492 3506 683 3565 virtutemou·

95 3575 231 3654 stodiant,
260 3589 324 3629 cum
355 3577 485 3646 quiedam
516 3577 683 3634 mirabiliter

96 3651 199 3711 sciunt,
220 3643 288 3698 illud
302 3650 366 3701 aule
391 3648 494 3703 mentis
507 3649 602 3704 oculos
628 3655 684 3704 stu·

96 3715 166 3772 dent
181 3730 324 3795 revocare,
335 3719 412 3787 quod
424 3718 561 3787 nesciunt,
574 3727 603 3776 ut
615 3720 682 3776 dum

96 3800 130 3842 ex
156 3789 237 3866 parte
266 3785 360 3857 aliqua
387 3787 582 3846 infirmitatem
602 3807 683 3847 suam

95 3856 288 3924 considerant,
307 3872 339 3912 ex
354 3874 388 3914 ea
402 3866 481 3929 parte
497 3877 552 3933 qua
566 3861 682 3934 perlecti

95 3931 171 3994 sunt,
186 3942 285 3982 eorum
308 3943 338 3983 se
353 3930 464 3987 animus
486 3949 544 3989 non
557 3933 681 3989 extollat.

93 3999 193 4054 Restat
216 4013 294 4068 orgo,
312 4003 342 4054 ut
363 4001 390 4055 iu
415 4018 497 4059 omne
523 4005 599 4075 quod
620 4005 682 4073 scit,

96 4084 160 4151 sese
182 4084 263 4149 meus
283 4069 434 4140 deprimat,
452 4089 487 4129 ne
503 4076 579 4146 quod
595 4075 683 4132 virtus

95 4144 222 4196 scientim
242 4146 406 4212 congregat,
427 4150 527 4201 ventus
552 4146 683 4204 elationis

94 4211 186 4268 tollat.
198 4213 266 4269 Cum
283 4212 368 4293 hona,
380 4215 492 4283 iratres,
504 4216 598 4289 agitis,
607 4234 681 4274 sem·

94 4294 147 4354 per
161 4283 198 4339 ad
206 4297 373 4341 memoriam
386 4284 460 4343 mala
470 4294 533 4345 arta
541 4294 680 4361 revocate,

734 449 765 500 ut
775 445 843 501 dum
856 446 937 499 cante
949 440 1032 512 eulpa
1045 439 1232 513 conspicitur,
1245 456 1328 497 num-

735 530 820 587 quam
835 514 956 571 debono
971 527 1058 584 opere
1070 513 1185 569 animus
1199 513 1327 571 laetetur.

735 585 900 659 Superiores
915 583 1036 640 invicem
1054 583 1201 656 proximos
1216 589 1329 640 vestros

734 656 883 724 attendite,
904 654 1017 738 ᾳμίᾳρί
1037 671 1218 738 ᾳυοειαςερο
1232 655 1329 727 aliqua

735 745 823 857 prava
837 732 1009 798 conspicitis,
1029 741 1092 797 quae
1111 743 1141 782 m
1159 744 1203 784 ers
1220 726 1330 783 lateant

756 816 811 856 ona
831 798 955 855 nescitis.
972 799 1038 866 Quae
1054 797 1119 855 licet
1138 800 1215 857 bona
1234 796 1326 854 adsint

735 888 833 944 opera,
850 870 928 927 nulla
942 874 1018 937 sunt,
1040 869 1143 925 nisiex
1164 869 1325 927 humihtate

736 943 924 999 condiantur:
938 944 985 1012 qui
1000 939 1076 997 enim
1090 940 1152 997 sine
1165 939 1323 997 humililate

735 1014 854 1070 virtutes
864 1017 1028 1083 congregat,
1042 1011 1161 1083 quasiin
1173 1010 1320 1084 rentopul-

736 1101 831 1142 rerem
846 1089 941 1157 portat
957 1101 964 1139 :
979 1105 993 1135 »
1011 1085 1071 1139 haec
1087 1084 1246 1152 Gregorius.

775 1162 805 1213 ιδ
820 1159 1016 1212 Assuurrirun
1033 1157 1142 1211 Cuiusn
1163 1158 1318 1212 Barmsrms.

737 1261 771 1271 -
796 1228 904 1284 Deinde
929 1229 1055 1284 ioannes
1070 1226 1241 1298 subjungit:
1266 1229 1318 1297 lpse

735 1315 783 1356 oos
805 1299 968 1371 baptizabit,
995 1314 1051 1354 oon
1074 1298 1167 1354 solum
1190 1297 1223 1353 in
1240 1311 1316 1369 aqua,

736 1371 786 1428 sed
817 1376 845 1426 et
881 1373 910 1425 ia
937 1371 1046 1440 Spiritu
1072 1371 1173 1427 Sancto
1200 1374 1227 1424 et
1251 1371 1314 1437 ipae,

736 1441 857 1514 gratiam
874 1440 995 1513 Spiritus
1010 1439 1116 1509 Sancti,
1134 1444 1163 1497 et
1179 1438 1316 1496 charitatis

736 1513 920 1581 conterendo,
941 1512 1016 1583 quod
1036 1528 1093 1567 non
1106 1515 1201 1583 potest
1219 1511 1313 1591 lacere,

736 1585 790 1641 nisi
810 1587 941 1641 Deusta
962 1582 1105 1654 Baptismo
1124 1581 1202 1639 enini
1221 1581 1314 1639 Christi

736 1656 881 1713 contortur
902 1654 994 1726 gratia
1018 1653 1138 1725 Spiritus
1167 1652 1273 1722 Sancti,
1293 1655 1316 1708 et

736 1744 788 1801 per
803 1727 895 1799 ipsum
916 1725 989 1797 ignis
1004 1726 1161 1793 charitatis,
1183 1724 1207 1780 si
1231 1723 1315 1781 debile

737 1798 908 1870 suscipiatur
935 1797 978 1853 vel
1006 1798 1078 1853 obex
1104 1813 1160 1852 non
1185 1800 1314 1878 penatum

737 1869 893 1942 baptismus
922 1873 1018 1925 autem
1041 1868 1159 1924 ioannis
1188 1871 1244 1924 ista
1268 1880 1316 1947 nop

737 1942 911 2009 conserebat,
920 1941 969 1997 sed
983 1939 1159 2011 Daptismum
1171 1936 1276 1997 Christi
1290 1951 1317 1992 u·

737 2012 901 2084 gnillcahat,
918 2017 945 2068 et
971 2011 1006 2067 ad
1030 2010 1121 2083 ipsum
1145 2010 1189 2066 dis
1210 2010 1316 2065 euehat.

739 2084 816 2140 Unde
833 2086 1061 2152 chrysostomus:
1081 2104 1095 2133 t<
1111 2081 1175 2137 Aliu
1209 2079 1264 2137 luit
1278 2081 1319 2136 ha·

738 2155 842 2227 ptisma
859 2152 989 2223 ioannis,
1009 2152 1085 2209 aliud
1109 2152 1233 2209 Domini.
1257 2147 1322 2209 Illud

738 2226 924 2298 poenitentiae,
954 2226 1007 2281 hoc
1042 2222 1278 2279 sanctificationis
1301 2222 1325 2278 et

739 2296 850 2369 gratiae,
867 2299 895 2353 in
911 2313 967 2369 quo
982 2301 1009 2351 et
1025 2294 1147 2367 Spiritus
1161 2296 1287 2352 Sanctus
1300 2295 1328 2348 in

738 2384 910 2440 unoquoque
923 2368 1068 2435 credente,
1088 2367 1124 2422 ad
1141 2366 1332 2437 decoquenda

738 2445 865 2512 peecata,
882 2440 966 2495 modo
987 2437 1061 2510 ignis
1083 2443 1221 2509 operatur
1242 2447 1332 2493 urens

738 2511 851 2580 delicta,
864 2526 989 2583 purgans
1004 2509 1103 2565 sordes
1115 2509 1210 2565 carnis
1225 2514 1257 2564 ct
1271 2507 1337 2565 ani·

739 2598 801 2638 mae.
826 2607 835 2631 ι
859 2582 938 2638 Unde
958 2586 985 2637 et
1002 2582 1077 2636 Dede
1092 2600 1100 2635 :
1117 2601 1130 2632 a
1146 2579 1343 2651 Baptizamur

738 2660 868 2710 autema
888 2652 1006 2708 Domino
1026 2651 1056 2707 in
1084 2650 1189 2722 Spiritu
1208 2653 1334 2719 Sancto,

739 2741 798 2780 non
817 2726 909 2780 solum
928 2740 993 2780 cum
1016 2723 1044 2779 iu
1068 2722 1114 2779 die
1131 2721 1344 2794 baptismatis,

739 2796 817 2852 fonte
830 2797 893 2851 vitae
902 2793 1135 2850 inremissionem
1144 2797 1350 2865 peecatorum

739 2867 889 2935 abluimur,
907 2864 1101 2922 verumetiam
1115 2863 1365 2936 quotidie,cuu1-

739 2953 790 3010 per
814 2938 941 3065 §ratium
968 2936 1095 3008 ejusdem
1127 2934 1262 3016 Spiritus,
1296 2934 1368 2991 affi-

739 3007 1346 3162 stttatthlthlilhstillis:

739 3152 864 3233 llamims
881 3167 911 3206 m
931 3153 1108 3222 poeniteuha,
1128 3165 1280 3220 sanguinis
1300 3164 1330 3204 in

739 3232 916 3294 martyrio.»

778 3299 808 3361 id
823 3295 951 3350 Orrrcruu
966 3292 1075 3348 Cnmsrr
1099 3309 1127 3348 ru
1144 3308 1265 3348 secuuno
1280 3306 1329 3347 nn·

737 3383 835 3422 vnuru.
858 3363 1029 3432 -Deinde,
1050 3369 1113 3436 post
1131 3361 1329 3420 testimonium

737 3436 855 3493 Joanuis
884 3437 919 3492 de
947 3435 1037 3507 primo
1064 3433 1166 3493 Christi
1190 3433 1328 3500 adventu,

738 3506 818 3564 addit
838 3507 924 3564 otiam
944 3507 979 3563 de
999 3512 1136 3575 extremo,
1157 3504 1327 3562 auctoritate

738 3584 765 3635 et
791 3577 1073 3649 ministeriojudiciis
1092 3579 1235 3634 Christum
1251 3591 1327 3633 com·

739 3651 910 3718 mandando,
931 3656 959 3706 et
978 3650 1088 3722 populis
1112 3647 1325 3715 comminando,

739 3721 837 3777 dicens
858 3739 865 3776 :
889 3722 973 3791 Cujus
997 3722 1181 3776 ventilabrum
1200 3723 1231 3775 ia
1245 3734 1327 3775 mauu

739 3793 808 3862 ejus.
828 3793 1036 3860 ventilabrum,
1052 3808 1069 3848 a
1088 3790 1260 3847 ventilandis
1278 3806 1327 3863 pa·

739 3863 791 3919 leis
814 3863 919 3920 dietum
937 3870 991 3933 est,
1008 3869 1036 3920 et
1051 3869 1093 3919 est
1108 3863 1328 3918 instrumentum

739 3951 795 4061 3⁰⁰
811 3934 840 3991 in
855 3935 1006 3991 Palaestina
1022 3936 1132 3991 solebat
1146 3931 1330 4006 purgarihla-

759 4023 817 4074 um,
840 4012 869 4062 et
891 4013 934 4062 est
960 4008 1064 4061 lactum
1087 4005 1157 4062 sicut
1176 4005 1253 4078 pala,
1273 4017 1329 4076 qua

738 4077 888 4158 projicitur
901 4093 1020 4149 granum
1041 4077 1128 4148 paleis
1144 4076 1326 4134 commistum

738 4165 768 4205 m
795 4150 893 4218 altum,
917 4155 945 4206 et
969 4155 1069 4205 ventus
1088 4148 1184 4221 paleas
1199 4147 1284 4217 tohit,
1299 4149 1328 4203 et

737 4236 857 4292 granum
871 4219 902 4276 iu
928 4237 996 4277 area
1020 4220 1105 4277 eadit.
1119 4222 1245 4277 ioannes
1257 4233 1325 4290 ergo

737 4290 1325 4365 metaphoriceloquensperrentilabrum,
