2790 4912
295 287 335 340 bu
361 290 588 349 CONCEPTIONE
615 290 754 348 uotiuis
782 287 1033 369 PRAECURSORIS.
1252 305 1285 356 lu

63 394 188 476 weperit
203 394 308 451 filium.
325 395 456 452 Gaudent
467 401 497 452 et
509 394 570 466 alii,
580 396 640 468 qui-
693 393 798 462 aiones,
809 392 916 452 scilieet
932 412 939 451 :
956 396 985 452 in
999 397 1147 459 altitudine
1160 419 1283 464 conver·

63 478 99 522 ιι
109 465 275 522 inauditum
289 469 408 523 eatenus
422 466 504 538 regni
518 468 640 525 coelestis
693 463 824 533 sationis,
837 464 867 520 in
888 466 1079 538 profunditate
1101 473 1281 550 humilitatis,

63 536 255 607 angelizarit
280 537 483 610 ingressum.»
510 539 589 595 Unde
611 543 639 596 et
692 536 723 593 in
735 535 885 618 latitudine
897 537 1091 610 charitatis,in
1104 544 1282 616 longitudine

63 604 213 664 boronus
232 625 239 663 :
254 630 269 657 ιι
287 606 429 666 Solemnis
444 608 543 666 laetitia
552 615 596 667 est
609 609 639 665 in
712 611 912 665 erseverannae
926 608 1029 679 llnalis,
1042 616 1197 674 secundum
1211 619 1282 679 illud

63 679 639 751 ntumgenemuonejustorum.sanctus
692 623 818 751 {postoli
840 695 846 733 :
871 681 906 735 Ut
922 684 1034 751 possitis
1059 691 1283 758 comprehendere

63 746 129 809 ΙἸι
141 766 199 807 ιιοιι
213 748 305 807 solum
317 755 468 822 parentum
479 751 640 823 gratia,sed
692 766 752 807 eum
767 750 891 805 omnibus
909 752 1028 818 Soractis,
1048 761 1115 826 ete,
1136 759 1283 821 Salvatope

63 818 137 881 finnt
155 823 233 878 salus
261 825 306 878 est
337 820 535 895 plurimorum.
558 823 639 880 Unde
692 835 805 892 quoque
820 823 1001 893 postmodum
1018 829 1192 887 attestante:
1208 836 1284 890 inter

63 888 238 951 §inruemur
252 895 307 950 boe
320 893 383 950 loeo
403 895 571 951 Sanctorum
589 910 639 966 ge·
690 896 770 949 nmen
783 893 928 948 mutierem
941 896 1032 964 maior
1041 912 1074 953 eo
1086 915 1139 955 non
1149 908 1281 961 surremit.

63 963 197 1023 uitione
212 962 303 1022 laetari
327 982 365 1019 z»
384 964 446 1020 haee
465 966 637 1021 Ambrosius.
691 963 747 1020 Sed
761 962 927 1044 etubngelus
941 966 1124 1026 multifariam
1141 974 1203 1045 ejus
1220 990 1282 1033 ma·

92 1036 218 1093 tsmsrs
239 1053 355 1093 uorans
375 1053 576 1092 rnaurssonuu.
603 1066 640 1077 -
690 1033 869 1105 gnitudrnem
884 1037 969 1093 subse
990 1044 1091 1095 uenter
1103 1044 1241 1116 exposuit,
1254 1052 1282 1104 et

63 1106 195 1167 {naliter
212 1106 242 1163 in
263 1105 390 1179 quolibet
416 1111 545 1164 nostrum
571 1122 638 1179 pos·
691 1103 773 1176 plura
791 1103 885 1187 ⁴ipsius
905 1053 1054 1189 privilegia
1075 1112 1201 1172 seriatim
1220 1133 1280 1175 me.

63 1190 149 1235 mus
161 1177 288 1234 inuenire
299 1177 477 1247 hellarium,
485 1183 514 1235 et
521 1193 638 1235 uxorem
690 1180 821 1256 morant.
838 1176 909 1232 Nam
926 1184 1013 1235 niam
1031 1181 1092 1252 ejus
1108 1199 1174 1241 eum
1192 1188 1281 1244 absti-

63 1247 120 1319 ἐμ
134 1248 284 1316 Elisabeth,
310 1264 375 1321 quae
397 1247 474 1321 parit
489 1248 515 1306 ei
534 1247 638 1317 illium,
690 1251 789 1328 neutra
803 1246 944 1328 praedixit,
962 1248 1070 1307 scilicet
1090 1255 1164 1324 quod
1184 1257 1281 1316 vinum

63 1318 136 1401 eujus
151 1335 251 1376 nomen
272 1320 358 1377 debet
381 1319 477 1376 vocari
498 1322 637 1388 ioannes,
691 1322 720 1398 et
743 1331 876 1398 superam,
906 1318 934 1373 ld
962 1325 1016 1387 est,
1046 1325 1177 1393 poculum
1204 1329 1281 1401 quod

66 1394 161 1461 entque
174 1390 226 1448 sibi
241 1389 377 1462 gaudium
391 1395 421 1447 et
434 1391 594 1460 exsultatio,
610 1396 639 1448 et
690 1388 834 1470 rnebmare
845 1390 950 1459 potest,
965 1389 1106 1449 bibiturus
1119 1412 1178 1453 non
1192 1404 1280 1471 esset,

70 1459 136 1517 nolti
160 1461 188 1517 in
210 1460 360 1518 nativitate
380 1462 443 1532 ejus
462 1462 636 1532 gaudebunt.
691 1473 829 1529 quianon
847 1458 928 1515 decet
945 1475 995 1516 vas
1014 1463 1121 1520 coelesti
1136 1469 1280 1541 mancipe

72 1529 202 1600 Hieabetb,
223 1549 296 1590 uxor
310 1531 463 1614 zacharie,
481 1537 574 1604 potest
592 1531 638 1588 in·
691 1534 751 1611 tum
775 1529 887 1612 gratim,
909 1530 995 1587 seculi
1022 1532 1163 1593 illecebris
1183 1538 1280 1597 deser·

73 1600 143 1675 tetigi
157 1619 220 1661 earo
239 1603 373 1676 copulata
387 1601 502 1675 Spiritui
518 1605 636 1671 Sancto;
690 1616 750 1656 ure
771 1618 778 1656 :
801 1616 831 1656 ιιι
847 1615 905 1673 quo
925 1606 1057 1673 patenter
1072 1604 1207 1665 indicavit
1226 1611 1281 1668 An·

77 1671 127 1743 gua
142 1673 209 1731 siem
233 1674 278 1730 rir
293 1674 368 1746 regit
382 1678 411 1730 et
430 1675 549 1745 castigat
569 1690 637 1730 ιιιο-
691 1670 772 1753 gelus
792 1671 1166 1743 quiaabomnibusviliiset
1180 1681 1279 1739 mundi

78 1756 132 1813 nn,
144 1744 180 1802 ita
195 1745 312 1818 spiritus
326 1745 466 1827 castigare
487 1750 515 1802 et
533 1761 638 1827 ‘regere
690 1715 843 1811 illeceleris,
858 1759 921 1814 quae
936 1749 1049 1829 statum·
1061 1750 1167 1807 mentis
1186 1752 1279 1809 solent

81 1812 141 1872 debet
154 1832 278 1884 earnem,
291 1833 329 1874 ne
343 1817 471 1874 leserunt
485 1822 514 1873 et
531 1816 639 1873 ineidat
691 1818 819 1870 evertere
835 1814 946 1872 iuturus
965 1822 1027 1873 erat
1041 1821 1185 1879 immunis.
1204 1825 1279 1881 Prae-

81 1882 292 1945 iulernicatiouis
305 1893 426 1945 reatum.
443 1889 509 1944 liaee
522 1887 598 1960 parit
612 1886 638 1943 ei
691 1883 760 1941 dixit
788 1885 889 1942 etlam·
911 1888 1035 1958 Angelus
1064 1893 1140 1962 quod
1170 1893 1277 1965 Spiritu

63 2018 66 2035 ,
82 1954 156 2028 lium,
179 1959 293 2031 quando
322 1958 438 2031 spiritus
464 1974 518 2031 per
542 1958 638 2015 carnis
691 1957 795 2037 Sancto
811 1973 844 2013 ex
858 1960 939 2013 utero
955 1965 1030 2015 esset
1043 1963 1209 2043 replendus,
1225 1965 1279 2022 sei-

83 2025 175 2086 ubuum
187 2033 299 2086 exercet
310 2029 497 2102 opusrivum,
510 2034 541 2086 ut
552 2029 576 2085 si
589 2030 638 2085 dat
690 2026 756 2083 licet
772 2029 959 2098 quantumad
994 2038 1173 2103 urgatrouem
1194 2035 1280 2108 origi·

80 2096 269 2172 ebenosynam,
292 2100 377 2157 vestit
403 2101 523 2170 nudum,
546 2101 636 2182 pascit
690 2097 763 2180 nalis
776 2098 894 2181 pemati,
908 2103 937 2155 et
953 2045 992 2157 ag
1004 2105 1200 2174 operationem
1210 2107 1276 2163 boni

82 2170 232 2241 mienlem,
252 2171 347 2228 visitat
361 2172 519 2241 infirmum,
535 2173 637 2244 sepelit
689 2174 827 2226 meritorii
844 2188 851 2226 :
870 2187 899 2225 ιιι
917 2186 973 2242 quo
992 2175 1119 2244 prolecto
1141 2177 1276 2247 ostendit,

84 2245 202 2311 nonnum,
228 2249 256 2300 et
286 2247 381 2300 cetera
406 2242 634 2318 hujuscemodi:
689 2239 755 2310 quia
770 2247 855 2297 natus
879 2240 913 2323 ‚in
942 2244 1078 2301 mundum
1095 2247 1203 2304 cunctis
1220 2248 1277 2304 vir-

82 2315 128 2367 tunc
138 2330 200 2369 uror
212 2313 301 2386 ipsius
314 2318 387 2371 sieut
396 2317 463 2370 uitia
478 2315 634 2380 abundans,
689 2314 776 2367 tutem
804 2313 941 2368 lructrbus
968 2315 1166 2375 clarificandus
1190 2324 1275 2375 esset.

82 2383 229 2441 irmeneus
257 2386 353 2442 demus
375 2401 440 2441 aaa.
467 2386 556 2467 liujus
582 2383 634 2441 filii
689 2381 822 2438 Praedixit
839 2398 951 2454 quoque
980 2387 1056 2455 quod
1074 2388 1179 2445 multos
1200 2390 1274 2517 lilios

83 2465 156 2511 nonen
176 2457 258 2514 debet
281 2459 419 2525 ioannes,
435 2454 567 2512 videlicet
584 2458 635 2511 Dei
687 2452 774 2509 Israel
797 2458 975 2534 converteret
994 2456 1031 2511 ad
1058 2458 1218 2530 Dominum,
1244 2459 1253 2515 i

79 2527 294 2591 titilavocari:
343 2526 389 2583 uia
418 2541 503 2583 nemo
527 2527 633 2583 bonurn
687 2528 740 2593 est,
757 2523 794 2579 ad
808 2525 949 2580 Christum
966 2526 1062 2596 :quod
1078 2534 1105 2582 et
1119 2529 1186 2584 lecit
1199 2545 1273 2601 pree·

80 2606 128 2662 opu
138 2597 212 2655 debet
232 2598 285 2655 sibi
306 2543 480 2667 adscribere,
499 2598 549 2654 sed
570 2602 631 2654 tan-
686 2594 806 2676 dicaudo
820 2593 922 2675 ipsum,
938 2598 966 2650 et
986 2595 1165 2680 perhibendo
1182 2599 1217 2656 de
1238 2617 1272 2657 eo

80 2665 216 2738 ltngratiae
231 2669 291 2726 Dei.
307 2671 408 2726 Eterit
423 2668 477 2726 sibi
498 2669 633 2738 gaudium
686 2670 890 2721 testimonium.
926 2664 1130 2724 Praenunuaut
1157 2686 1275 2742 insuper

78 2739 99 2787 et
107 2743 243 2805 candelio,
259 2739 326 2812 quia
335 2740 371 2797 de
378 2742 454 2797 bono
464 2756 551 2813 opere
564 2756 632 2811 gau·
685 2736 819 2818 Angelus,
835 2735 900 2816 quia
916 2740 986 2818 ante·
1006 2738 1156 2797 Dominum
1171 2740 1201 2797 in
1216 2742 1272 2814 spi-

76 2801 164 2868 delitet
178 2811 337 2880 exsultabit,
352 2811 399 2885 qui
420 2816 545 2869 mentem
560 2811 631 2868 laeti-
684 2811 752 2878 ritu,
772 2811 801 2863 et
821 2811 925 2864 virtute
946 2807 1014 2864 Ehae
1032 2810 1180 2883 Prophetae
1198 2818 1275 2870 esset

77 2873 155 2956 distet
167 2890 290 2941 serenat.
309 2885 433 2940 Etmutti
443 2885 632 2938 innativitate
684 2887 874 2950 praecessurus
890 2879 1019 2961 :uprimo,
1036 2888 1155 2963 propter
1173 2884 1272 2941 simili·

75 2959 115 3012 llll
124 2957 282 3022 reddebant,
292 2970 393 3011 omnes
405 2951 537 3010 videlicet
550 2952 629 3023 boni,
684 2950 813 3007 tudinem
827 2950 925 3020 olilcu,
938 2952 1005 3023 quia
1020 2960 1091 3009 sicut
1107 2955 1182 3012 Elias
1198 2973 1272 3029 prae·

72 3019 241 3144 ffi'l'prorimo
264 3041 316 3083 suo
344 3024 578 3108 congratulantur
600 3024 629 3080 in
682 3021 928 3149 §edetadventum
937 3024 1040 3149 ilthristi
1054 3027 1273 3154 secundumdita

68 3099 304 3241 ,lllebtlftt
320 3098 629 3240 ,titillldttt
682 3107 1272 3251 ,nitidisnlitidis,ttius

68 3244 114 3308 uns,
140 3239 327 3313 tripudiantes
350 3239 379 3295 in
404 3254 533 3311 corpore,
559 3253 628 3308 gau·
682 3251 738 3307 que
760 3240 828 3290 ιιιιιῑ
842 3251 871 3291 ιιι
886 3252 990 3308 magna
1005 3243 1095 3293 victus
1109 3242 1137 3294 et
1151 3244 1271 3296 uestitus

64 3301 159 3368 dermus
167 3310 289 3368 interius
300 3311 472 3367 exsultantes
480 3309 509 3365 in
519 3314 626 3376 meute;
681 3305 864 3374 austeritate;
891 3307 986 3376 terlio,
1004 3314 1120 3380 propter
1138 3308 1269 3365 similitu-

63 3380 109 3449 ruia
136 3381 266 3454 reliquiae
307 3380 510 3453 cogitationum
551 3379 627 3436 diem
681 3376 777 3434 dinem
791 3375 930 3459 doctrinm
942 3395 949 3433 :
973 3378 1039 3449 quia
1062 3382 1181 3458 uterque
1200 3395 1268 3435 ron·

63 3452 141 3511 etium
159 3458 248 3525 agunt
263 3451 394 3509 Domino.
406 3454 467 3508 iton
477 3456 520 3507 ost
532 3450 627 3523 impiis
682 3453 792 3505 stanter
799 3447 1029 3518 redarguistis,
1039 3452 1125 3505 etrum
1135 3464 1270 3521 persona·

63 3525 175 3595 audere,
191 3523 260 3580 dicit
273 3523 420 3590 Dominus,
435 3527 629 3661 neegeccalo-
681 3534 744 3576 rum
752 3519 1269 3589 magnarum.Adbocautemdebebat

63 3596 116 3654 ihus
136 3612 155 3652 a
182 3595 255 3651 faeie
276 3599 468 3665 peecatorum.
516 3592 628 3649 uoeirra
681 3588 853 3662 praeeedere,
869 3593 901 3644 ut
915 3595 1094 3648 converteret
1115 3593 1201 3649 corda
1217 3608 1269 3665 pa·

63 3682 193 3740 urgemus
211 3665 321 3723 animas
341 3669 454 3721 uestras
475 3680 493 3720 a
510 3664 628 3720 maculis
682 3665 757 3718 trum
773 3660 802 3716 in
828 3659 913 3728 lilios,
941 3661 1047 3718 seilicet
1073 3669 1211 3734 quantum
1231 3664 1268 3721 ad

65 3739 184 3806 tiorum,
202 3741 233 3794 ut
251 3741 337 3793 lautae
351 3734 541 3793 solemnitatis
557 3751 626 3806 gau·
681 3730 1268 3805 scripturarumintelligentiam,etinere-

63 3814 115 3869 'um
129 3809 216 3880 digne
231 3807 376 3865 celebrare
391 3806 541 3879 possimus.
680 3803 762 3859 dulos
777 3803 814 3859 ad
830 3801 1009 3884 prudentiam
1026 3804 1157 3876 istorum,
1173 3805 1269 3880 quoad

70 3889 88 3937 6
103 3883 216 3938 Furens
234 3881 349 3936 Jonnnrs
373 3881 510 3935 Barrusrn
534 3893 628 3932 unom-
681 3873 748 3931 fidei
761 3873 969 3944 obedientiam
986 3877 1268 3948 elparuretilomino

63 3972 117 4010 ruo.
136 3982 173 3995 -
188 3949 426 4033 Magnificentiam
442 3948 529 4006 etiam
547 3947 627 4020 pueri
680 3945 792 4026 plebem
805 3944 969 4027 perlectam,
979 3949 1071 4018 qrroad
1082 3948 1226 4021 Evangelii
1240 3952 1269 4005 et

63 4040 135 4082 tram
160 4026 280 4079 Domino
309 4022 434 4079 suturam
456 4020 485 4075 in
514 4018 627 4087 virtute,
681 4018 750 4072 Nou
770 4017 941 4072 Testamenti
964 4019 1085 4088 gratiam
1110 4019 1268 4092 suscipien-

63 4095 190 4154 netitate
205 4098 238 4149 ¹et
256 4093 393 4165 dignitate
408 4090 532 4162 Angelus
555 4105 627 4161 prae-
680 4087 758 4155 dam,
782 4085 849 4158 quia
876 4087 1020 4146 neminem
1052 4091 1088 4146 ad
1111 4091 1268 4164 perlectum
1369 4122 1372 4127 ·

63 4165 286 4236 retinuitcujus
294 4162 494 4236 magnitudoin
506 4166 629 4233 quatuor
681 4157 836 4214 adduxerat
850 4158 915 4215 Lex.
933 4162 967 4216 Et
990 4166 1107 4233 propter
1124 4162 1179 4217 boe
1197 4159 1267 4216 diei-

63 4237 182 4306 ›nsistit,
201 4236 356 4293 secundum
377 4238 499 4306 quatuor
517 4232 627 4289 dimen-
681 4234 728 4285 tur
745 4228 795 4286 illa
818 4229 861 4286 lex
885 4230 1018 4288 timoris:
1044 4231 1110 4303 quia
1133 4230 1267 4302 imperie-
