2790 4912
80 273 126 328 att

80 387 126 440 ret
148 388 176 439 et
204 382 409 455 compassionis
435 383 609 455 exemplum,
634 400 670 440 ue

83 453 306 525 quiahominem
332 470 383 525 pro
406 469 583 526 quacumque
606 471 670 511 cor-

82 524 162 598 poris
194 524 394 591 maculatione,
420 526 462 581 vel
491 524 671 595 infirmitate,

83 603 242 678 sperneret,
258 597 301 652 vel
319 597 496 653 abhorreret.
511 598 590 661 Item,
607 597 673 654 teti-

84 672 127 738 git
140 683 218 734 eum,
233 674 264 724 ut
284 684 314 724 se
344 682 401 724 non
425 683 489 724 esse
517 668 569 725 sub
589 670 673 740 Lege,

84 737 136 794 sed
152 755 240 810 supra
252 740 365 809 Legem,
378 754 441 810 quae
457 738 599 810 leprosum
615 746 675 796 tan-

85 824 153 937 ssere
180 809 375 881 prohibuerat,
400 825 452 865 nec
474 826 605 878 servum,
625 810 675 867 sed

111 879 239 936 ominum
248 879 329 951 Legis
346 881 529 948 ostenderet;
546 881 593 954 qui
612 897 676 939 cum

85 951 242 1008 secuudum
265 952 368 1022 Legem
387 953 573 1022 ambulasset,
590 952 676 1010 etiam

86 1037 174 1093 supra
195 1024 298 1092 Legem
320 1027 436 1079 sanaret
457 1039 517 1093 eos,
538 1040 609 1095 quos
630 1041 676 1080 re-

87 1092 183 1149 media
199 1094 281 1165 Legis
307 1109 364 1150 nou
387 1103 571 1151 sanaverunt.
594 1098 677 1164 ltem,

87 1168 120 1221 ut
144 1163 234 1236 lepra,
254 1181 320 1236 quae
340 1165 536 1222 contaminare
556 1171 676 1238 tangen-

86 1240 145 1292 tem
168 1235 287 1301 solebat,
305 1242 433 1292 econtra
460 1242 537 1294 tactu
565 1237 677 1295 Domini

87 1305 245 1378 fugaretur,
266 1313 295 1363 et
318 1308 476 1376 recederet,
492 1324 585 1380 neque
601 1308 678 1366 enim

88 1393 192 1435 manus
215 1395 232 1435 a
257 1380 337 1450 lepra
361 1379 436 1435 facta
456 1386 499 1437 est
516 1380 678 1448 immunda,

88 1449 139 1505 sed
152 1466 256 1521 corpus
271 1450 413 1521 leprosum
426 1467 444 1508 a
459 1467 546 1508 manu
559 1455 677 1520 tactum,

89 1526 134 1577 est
149 1521 327 1578 mundatum.
343 1523 544 1594 Lernamque,
560 1539 623 1594 quae
636 1523 677 1579 fa-

89 1606 155 1648 cere
166 1609 221 1647 non
237 1591 338 1665 potuit,
360 1594 434 1664 quod
455 1595 534 1666 lepra
554 1599 678 1665 tangen-

89 1665 148 1718 tem
168 1679 224 1718 non
241 1663 401 1720 sordidaret
415 1664 478 1721 ideo
498 1665 606 1737 lepram
619 1671 681 1722 tan-

90 1733 117 1804 gi
134 1734 290 1804 probibuit,
308 1751 365 1791 uon
374 1740 404 1792 ut
418 1736 522 1808 leprosi
531 1753 586 1794 uon
595 1753 679 1794 saua-

91 1810 203 1873 rentur,
224 1805 275 1861 sed
296 1809 325 1861 ut
344 1812 495 1878 tangentes
510 1823 568 1865 nou
583 1807 680 1891 inqui·

91 1881 245 1944 narontur3
275 1891 330 1932 non
361 1883 459 1934 autem
486 1878 630 1951 inquinari
663 1895 681 1935 a

91 1946 172 2016 lepra
187 1946 289 2018 potuit,
314 1947 362 2028 qui
392 1965 455 2004 earn
482 1950 681 2018 mundavit,et

92 2015 157 2072 ideo
172 2017 300 2087 quamvis
316 2018 441 2075 litteram
457 2020 538 2090 Legis
552 2020 679 2090 solverit,

91 2092 187 2142 tamen
208 2086 392 2158 prohibitioni
409 2088 491 2160 Legis
510 2107 567 2146 nou
582 2091 679 2148 obvia-

91 2157 142 2225 vit,
162 2173 214 2213 uec
228 2157 475 2232 propositumejus
490 2160 573 2217 solvit
588 2179 595 2217 t
612 2162 680 2233 quia

91 2243 151 2285 non
166 2233 227 2310 erat
252 2229 427 2311 prohibitum
453 2237 572 2303 magere
586 2233 679 2305 lepro-

92 2315 156 2357 sum
171 2316 196 2356 er
212 2316 260 2371 qm
284 2317 317 2356 er
336 2307 412 2359 tactu
431 2319 483 2360 suo
505 2309 615 2374 poterat
630 2321 679 2362 cu·

92 2388 158 2428 rare
177 2388 254 2443 eum,
272 2371 343 2428 sicut
359 2373 433 2431 Elias
446 2380 475 2432 et
490 2374 607 2432 Elisaeus
624 2392 681 2432 non

93 2443 223 2500 fecerunt
233 2453 333 2500 contra
344 2446 445 2518 Legem
456 2448 681 2518 tangendomor·

94 2520 173 2571 tuum
193 2516 229 2571 ad
248 2515 484 2574 resuscitandum.
502 2518 578 2576 Licet
594 2520 681 2576 etiam

93 2586 230 2641 Dominus
245 2595 341 2658 posset
358 2589 417 2645 solo
432 2592 518 2647 verbo
533 2607 633 2647 curare
644 2592 681 2647 le-

93 2672 223 2782 Erosum,
231 2664 325 2714 tameo
333 2659 463 2732 apposuit
475 2678 600 2729 manum,
612 2664 680 2734 quia

117 2727 258 2784 unrauitas
274 2731 376 2786 Christi
392 2738 454 2788 erat
473 2733 555 2803 quasi
574 2733 680 2790 instru-

95 2804 235 2880 mentum.
251 2799 340 2870 ipsius
358 2802 533 2871 divinitatis;
554 2809 582 2859 et
604 2803 679 2874 ideo,

95 2875 169 2924 sicut
183 2871 294 2937 artifex,
320 2874 465 2929 mediante
477 2875 679 2944 instrumento,

95 2947 240 3009 operatur,
256 2941 294 2995 sic
311 2942 398 2998 virtus
412 2943 508 2998 divina
524 2945 552 2999 in
569 2946 680 3002 Christo

93 3009 682 3134 perapplicationem3humanitatisafiqua

107 3080 226 3145 aciobat,
251 3084 282 3134 ut
305 3097 368 3137 earn
383 3085 563 3155 conjunctam
578 3086 680 3143 diviui-

96 3149 147 3207 tati
165 3150 335 3207 declararet.

130 3223 218 3291 dCun
234 3241 259 3277 ar
278 3240 444 3281 enacaranrr
465 3245 618 3285 nrnncunuu
632 3248 680 3286 na-

95 3311 153 3350 nuru
168 3296 286 3350 nrcanu‘f
300 3327 333 3338 -
345 3299 381 3353 Et
392 3301 451 3369 ipse
464 3300 600 3356 Dominus
613 3319 682 3374 pra-

97 3369 170 3438 cepit
192 3370 246 3430 itti,
268 3373 299 3423 at
315 3367 484 3426 miraculum
502 3371 608 3428 factum
635 3390 682 3429 ne-

94 3441 167 3493 mini
179 3440 290 3502 diecret,
304 3456 339 3495 ne
351 3440 493 3512 jactanter
506 3460 536 3499 se
551 3450 681 3500 sanatum

96 3524 159 3565 esso
186 3511 363 3581 predicaret,
396 3519 426 3568 ut
456 3514 572 3570 daretur
597 3516 681 3572 uobis

95 3581 254 3650 exemplum
282 3587 310 3637 et
326 3599 378 3639 nos
404 3584 518 3641 doceret
536 3602 591 3642 non
616 3587 681 3642 dili-

95 3664 163 3718 gere
189 3656 407 3711 ostentationem
431 3661 458 3711 et
482 3657 630 3726 bonorem,
655 3664 683 3714 et

96 3720 173 3774 bona
191 3736 254 3790 quan
274 3724 391 3781 facimus
417 3744 474 3783 non
502 3744 564 3784 esse
587 3729 681 3785 divul-

96 3790 200 3870 ganda,
217 3793 265 3847 sed
283 3796 463 3865 subticenda;
475 3805 574 3855 utnon
590 3801 681 3856 solum

96 3861 289 3941 abstineamus
321 3882 337 3920 a
376 3871 506 3925 mercede
541 3871 681 3942 pecuniae,

96 3931 147 3987 sed
162 3936 246 3986 ctiam
270 3936 368 4004 gratim
390 3955 423 3994 ar.
444 3941 534 3997 laudis
550 3944 681 3999 numana

95 4009 125 4058 et
140 4019 220 4058 variae
240 4005 350 4073 gloriae,
367 4014 394 4063 ct
414 4009 468 4065 ista
495 4029 552 4068 non
570 4030 680 4084 quaera-

95 4089 158 4155 mus
173 4073 201 4129 in
217 4076 349 4147 operibus
363 4081 478 4149 uostris,
494 4100 528 4138 ne
545 4100 680 4156 umquam

94 4145 192 4215 aliqua
211 4146 327 4204 sinistra
344 4165 443 4204 manus
470 4169 499 4207 se
525 4156 681 4213 admisceat

93 4213 217 4273 denterae
234 4219 262 4274 in
290 4219 340 4276 eis.
356 4221 437 4277 Unde
451 4222 491 4278 ait
518 4225 680 4296 chrysosto-

456 272 568 327 tutus
595 274 714 328 rantis
743 270 849 325 catur
876 269 935 322 XLI

729 397 789 437 mus
806 397 813 436 :
831 398 845 432 n
861 380 895 435 Et
911 375 981 434 nulli
1007 376 1062 433 boc
1079 392 1145 433 eum
1171 377 1278 436 'ussitlo
1350 420 1358 429 .

729 452 794 520 teri,
814 448 919 507 docens
939 464 1026 520 quam
1052 453 1127 505 esset
1147 449 1282 511 aieuuaal

729 539 801 581 aura
819 520 918 594 gloriae
937 523 966 575 et
986 534 1090 591 pompa
1108 520 1285 591 Jactantia.D

731 600 807 652 certe
823 589 1014 660 reveratum,
1031 590 1098 662 quia
1115 607 1171 648 nou
1185 598 1287 650 essetta

732 667 849 732 citurus,
865 663 915 720 sed
930 665 1038 733 passim
1065 668 1124 719 tam
1146 664 1243 734 grande
1253 665 1287 722 bc·

733 735 866 794 neflcium
903 733 1127 806 praedicaturum
1160 742 1188 791 et
1217 740 1290 793 tanen
1352 799 1356 807 Α

731 804 917 881 quantumin
936 805 996 878 ipso
1017 810 1072 873 est,
1087 804 1159 877 fugit
1174 812 1291 865 ostentare
1354 842 1358 861 .,

733 879 809 952 quod
827 879 943 934 fecerat.
960 878 994 933 Et
1011 875 1079 933 alibi
1094 877 1227 948 publicari
1242 876 1292 936 talit

732 952 794 1024 ipse
810 947 955 1022 praecepit,
965 963 1021 1004 uon
1037 954 1138 1005 contra
1148 965 1178 1005 se
1189 947 1292 1019 veniens,

734 1022 785 1079 sed
802 1026 914 1077 curatos
929 1036 946 1076 a
961 1035 992 1075 se
1011 1024 1109 1090 gratos
1132 1036 1193 1077 esse
1214 1018 1294 1093 preci·

735 1093 826 1165 piens.
844 1095 906 1148 Non
921 1091 997 1147 euim
1014 1090 1197 1164 semetipsum
1213 1090 1292 1164 pradi-

734 1164 793 1222 cari
809 1162 907 1236 jussit,
923 1162 973 1218 sed
991 1160 1052 1218 dari
1066 1162 1187 1233 gloriam
1205 1165 1261 1245 Deo,
1272 1168 1293 1219 ut

735 1240 763 1293 et
778 1251 830 1307 per
843 1234 987 1306 leprosum
1013 1249 1066 1289 nos
1090 1250 1148 1291 non
1162 1251 1219 1290 esse
1231 1249 1293 1291 rnaue

735 1306 886 1379 gloriosos,
903 1310 931 1362 et
951 1304 1055 1432 1gloriare
1071 1321 1105 1361 ac
1116 1305 1294 1387 jactantiam

735 1376 925 1435 nuntiandum
971 1380 1085 1443 oceret;
1106 1385 1136 1433 et
1163 1393 1210 1449 per
1234 1375 1293 1432 ilua

736 1464 821 1522 quem
851 1464 868 1505 a
899 1447 1020 1519 Legionc
1040 1448 1232 1514 mundaverat,
1253 1462 1294 1503 nou

735 1537 798 1579 esse
818 1518 958 1592 ingratos,
983 1518 1032 1575 sed
1057 1520 1166 1591 gratias
1194 1519 1293 1576 uosDco

735 1593 844 1648 referre
870 1597 1076 1659 commoneret,
1098 1592 1213 1663 ejusque
1227 1591 1291 1647 bene·

735 1663 802 1719 flcia
830 1661 972 1729 confiteri,
1001 1665 1087 1732 atque
1113 1662 1294 1719 utosteuderct

735 1750 848 1816 semper
867 1749 900 1789 ex
928 1733 1107 1790 mirabilibus
1124 1733 1182 1790 suis
1205 1731 1293 1790 lauden
1355 1772 1357 1779 .

717 1818 793 1862 'nou
808 1804 861 1861 nisi
880 1806 938 1862 Deo
954 1804 1144 1861 referendam.
1160 1804 1226 1873 Quia
1238 1801 1293 1860 euiu

1353 1808 1357 1873 l

736 1876 867 1933 homines
902 1875 1039 1947 quamdiu
1065 1877 1229 1948 aegritudine
1241 1871 1293 1931 dcti-
1355 1906 1357 1911 -

737 1954 851 2017 nentur,
875 1948 922 2003 Der
945 1962 1058 2018 semper
1083 1948 1295 2013 meminerunt,a

737 2021 837 2076 morbo
861 2025 955 2075 autem
971 2017 1094 2087 liberati,
1111 2019 1223 2102 gravius
1239 2012 1296 2099 obsi·

735 2091 839 2146 deutur
866 2089 1001 2162 languore
1029 2090 1167 2160 desidrae;
1197 2089 1297 2150 idcirco,

735 2161 904 2244 precipiens
918 2167 948 2218 ut
962 2166 991 2217 ot
1003 2162 1103 2232 aegroti
1119 2172 1148 2220 et
1159 2161 1218 2219 sani
1231 2163 1299 2217 Deuu

732 2233 840 2306 Jugiter
854 2234 1047 2301 recordemur,
1064 2233 1089 2289 ei
1105 2250 1191 2306 quem
1207 2243 1311 2312 curate-⁶

736 2312 791 2373 rat,
814 2304 926 2376 inquit:
952 2309 993 2360 Do
1008 2307 1128 2373 gloriam
1142 2310 1215 2363 Deo:
1230 2326 1243 2355 n
1258 2303 1304 2359 hoo

737 2378 775 2433 Cb
812 2383 944 2432 sostomus
982 2375 1042 2432 Ubi·
1060 2377 1220 2434 notandum
1246 2363 1308 2447 quoi

736 2447 792 2517 trip
805 2464 838 2503 ex
853 2452 896 2503 est
910 2452 1093 2520 praeceptum,
1110 2447 1218 2505 scilicet
1233 2465 1240 2502 :
1256 2456 1313 2504 cau·

736 2523 811 2586 teta,
833 2518 1019 2591 probationis,
1038 2528 1065 2576 et
1091 2519 1271 2577 obedieutiae.
1285 2514 1323 2582 lfl,

736 2590 840 2662 prime,
870 2608 925 2646 nou
945 2591 1123 2648 interdicitur
1153 2598 1249 2659 actus,
1274 2587 1330 2661 qil*

737 2661 860 2732 optimus
878 2668 931 2732 cst,
952 2663 1001 2719 sed
1025 2663 1126 2745 gloria,
1143 2680 1207 2735 quae
1231 2662 1344 2743 immi·⁸

737 2739 796 2789 scet
817 2749 848 2789 sc
874 2733 954 2789 bonis
980 2738 1092 2792 actibus
1119 2741 1149 2790 et
1179 2737 1318 2790 bouestr9
1342 2745 1348 2774 ³

736 2804 792 2859 tale
809 2810 982 2875 praeceptum
1001 2806 1053 2861 luit
1066 2808 1121 2863 hic.
1140 2803 1357 2862 insecundo*

737 2892 793 2930 non
811 2876 871 2930 vult
893 2878 966 2932 Deus
984 2884 1092 2945 actum,
1114 2878 1165 2934 sed
1191 2868 1357 2934 ostensio

737 2962 803 3002 nem
825 2948 1023 3020 virtutisque}
1038 2949 1107 3004 latet
1122 2950 1150 3005 in
1166 2966 1201 3005 eo
1217 2947 1262 3004 cui
1277 2947 1356 3004 dr

737 3024 783 3074 tur
810 3025 994 3091 praeceptum,
1013 3025 1042 3075 et
1063 3025 1107 3076 est
1131 3021 1209 3076 utilis
1228 3018 1283 3076 sibi
1299 3012 1357 3074 ὤ

736 3090 800 3146 aliis
824 3091 948 3147 ostensio
972 3091 1084 3148 virtutis
1105 3093 1188 3164 ejus;
1205 3090 1281 3147 sicut
1299 3081 1356 3145 i!

737 3163 978 3288 praeceptonfacto
1001 3164 1135 3244 ¹Abrabae,
1159 3164 1196 3221 de
1226 3162 1315 3247 immo

747 3239 842 3288 alioue
855 3233 916 3298 flln,
926 3249 969 3289 cur
979 3237 1096 3291 dicitur:
1110 3238 1189 3293 Nunc
1200 3250 1313 3304 cognom

737 3303 776 3367 id,
799 3308 843 3360 est
870 3311 898 3360 te
925 3312 952 3360 et
978 3305 1049 3362 alios
1068 3322 1242 3377 cognoscere
1265 3303 1316 3362 feci

737 3378 806 3445 quia
818 3378 895 3431 times
909 3379 1064 3432 Dominum.
1080 3379 1110 3433 ld
1126 3379 1212 3436 tertio
1230 3373 1356 3436 auten!

737 3448 877 3503 vultDeus
891 3452 996 3516 actum,
1012 3454 1042 3504 ut
1057 3454 1133 3519 patet
1147 3448 1281 3522 incapite
1291 3447 1356 3504 vif

737 3518 846 3588 gesimo
859 3518 942 3574 Exodi
960 3536 1010 3591 per
1023 3525 1122 3576 totum.
1136 3521 1197 3589 Vel,
1210 3509 1356 3577 'ussitufl

738 3588 844 3644 nemini
871 3589 989 3657 diceret,
1008 3599 1126 3663 propter
1146 3609 1203 3649 crea
1217 3594 1356 3648 ontiunfl

737 3665 837 3728 sponte
855 3663 992 3731 majorem
1009 3663 1172 3732 utilitatem,
1185 3663 1254 3736 quia
1270 3679 1327 3719 me-

738 3731 823 3786 liores
837 3738 903 3811 sunt
915 3733 961 3803 qui
980 3741 1145 3805 spontanee,
1162 3751 1252 3806 quam
1268 3733 1329 3806 qui,

738 3808 859 3873 speratis
887 3805 1044 3874 beneficiis,
1075 3806 1204 3863 credunt.
1223 3806 1285 3872 Vel,
1300 3809 1330 3863 ut

737 3873 844 3929 nomini
861 3874 979 3943 diceret,
997 3877 1105 3933 scilieet
1119 3883 1276 3950 antequam
1298 3892 1330 3934 ea

738 3961 803 4027 quae
827 3944 855 4001 in
882 3948 955 4018 Lege
970 3958 1036 4003 sunt
1062 3949 1219 4021 compleret
1238 3969 1244 4005 :
1263 3947 1330 4032 quia

738 4032 817 4087 prius
853 4020 1072 4089 exspectandum
1099 4026 1162 4076 erat
1188 4021 1329 4091 judicium

738 4088 929 4158 sacerdotum,
951 4091 986 4147 ad
1007 4107 1088 4163 quos,
1103 4093 1263 4149 secuudum
1280 4094 1328 4149 Le·

738 4174 813 4228 gem,
838 4161 1000 4231 pertinebat
1023 4163 1154 4234 judicare
1179 4164 1215 4219 de
1238 4165 1328 4236 lepra.

739 4231 817 4288 Unde
837 4231 878 4288 ait
904 4235 1134 4304 dtrpsostomus:
1154 4256 1169 4287 a
1184 4236 1248 4292 Non
1260 4234 1327 4292 sim·
