2790 4912
84 362 121 427 in
152 360 433 445 Psalmos,1uxta
459 380 594 427 sensum
628 365 791 449 precipue
826 365 1043 449 spirituatem.
1074 366 1204 435 claruit
1231 369 1310 437 circs

85 487 210 536 annum
227 469 360 537 Domini
381 469 472 538 1330.

124 783 199 847 Haec
219 800 303 847 nova
328 783 426 849 editio
449 784 623 851 conformis
653 791 704 849 est
731 782 892 865 volumini
918 783 1080 864 impresso
1113 784 1299 867 Antuerpin,

84 891 170 972 apud
184 890 342 956 loannem
357 889 603 973 Keerhergium,
623 908 710 957 anno
728 889 900 972 MDLXXII,
923 889 1073 972 pluribus
1090 899 1201 957 tamen
1216 912 1296 957 meu·

84 994 135 1061 dis
142 998 328 1078 expurgatis
337 1015 376 1060 ex
387 997 582 1062 editionibus
590 997 768 1063 Venetiana
779 997 857 1059 anni
869 995 1043 1075 liDhXXll,
1056 1004 1087 1062 et
1098 998 1304 1079 Lugduneusi

83 1105 164 1168 anni
183 1103 384 1168 nbhxxvlt.
404 1104 620 1185 Distinguitur
644 1111 754 1169 autom
775 1105 816 1167 ah
836 1102 909 1168 aliis
931 1123 980 1168 κιο
999 1103 1080 1181 Ouia
1101 1112 1207 1170 textus
1223 1105 1301 1170 Scri·

83 1213 187 1289 pturae
213 1227 323 1288 sacrae,
349 1210 481 1292 quando
508 1210 547 1274 ds
574 1210 673 1274 verbo
695 1210 737 1274 ad
761 1210 898 1275 verbum
925 1210 976 1275 vel
1001 1211 1080 1290 iere,
1096 1212 1314 1293 adhibentur,

82 1317 146 1381 alio
163 1335 282 1397 genere
295 1317 609 1400 characteris,quem
625 1323 742 1384 vocant
754 1317 919 1394 italicum,
936 1317 1088 1398 impressi
1101 1325 1189 1382 sunt.
1200 1318 1319 1393 Quoad

82 1424 137 1490 SS.
153 1425 288 1489 Petrum
309 1430 340 1488 et
362 1425 502 1489 aliorum
523 1425 701 1488 ductorum
725 1431 841 1505 textus,
857 1423 887 1487 si
906 1442 1025 1505 paucos
1046 1425 1188 1506 excipias
1209 1424 1321 1488 nimis

82 1531 291 1616 adulteratos,
318 1533 400 1598 nihil
428 1535 464 1598 in
486 1534 533 1597 eis
555 1531 822 1597 substituendum
840 1537 898 1595 aut
919 1531 1167 1595 immutandum
1181 1530 1315 1597 censui-

80 1658 168 1719 mus,
188 1641 264 1706 licet
277 1660 361 1722 saepe
376 1642 495 1705 melius
510 1640 694 1704 habeantur
705 1641 744 1703 in
759 1639 992 1703 recentioribus
1004 1638 1210 1721 editionibus,
1224 1658 1250 1703 v.
1264 1657 1306 1718 g.

80 1748 316 1812 Monachorum
330 1747 459 1811 Ordinis
474 1747 508 1814 S.
523 1746 719 1812 Benedictio
735 1747 987 1828 congregatione
1009 1748 1042 1811 S.
1063 1747 1178 1826 Mauri,
1195 1755 1296 1824 etc...;

81 1856 182 1918 satius
196 1854 285 1917 enim
300 1855 409 1917 visum
423 1859 483 1934 est,
498 1852 596 1917 verba
607 1853 741 1916 Patrum
755 1853 910 1932 inserere,
925 1859 1020 1936 prout
1035 1853 1105 1934 ipse
1120 1851 1294 1935 liudolphus

79 1957 116 2024 in
139 1961 212 2025 Mss.
241 1961 360 2042 quihus
389 1980 469 2024 usus
492 1968 552 2039 est,
578 1978 616 2023 ea
637 1958 769 2039 legerat.
795 1961 828 2025 2ο
845 1960 925 2035 Ouia
949 1958 1117 2042 quodlibet
1138 1953 1288 2040 caputotl

80 2070 238 2152 majorem
265 2087 377 2131 rerum
405 2067 669 2150 intelligentiam,
701 2068 796 2131 certis
828 2065 865 2129 in
894 2069 1041 2131 numeris
1074 2068 1219 2131 divisum
1244 2068 1289 2141 ot,

80 2177 233 2258 appositis
260 2179 383 2257 uhique
407 2179 505 2256 notis,
524 2178 559 2240 in
585 2178 704 2259 quihus
731 2192 788 2258 pro
812 2193 1009 2257 unoquoque
1032 2177 1140 2258 operis
1160 2187 1291 2258 paragra·

80 2283 154 2365 pho,
172 2303 306 2349 sensum
324 2285 429 2364 ipius
450 2284 611 2365 Ludolphi
633 2284 729 2364 quasi
751 2282 940 2348 medullitus
958 2284 1145 2348 consertum
1161 2284 1296 2349 hahcaal

80 2394 163 2456 varii
192 2379 303 2456 autem
332 2390 646 2472 locupletissimique
667 2390 804 2468 Indices,
821 2387 1004 2470 specialiter
1027 2397 1058 2455 et
1083 2390 1123 2455 de
1138 2408 1235 2473 novo,
1249 2395 1305 2473 pr‘l

78 2498 177 2566 hacce
189 2502 329 2566 editione
341 2500 462 2576 excusi,
477 2499 516 2561 ad
532 2497 653 2562 calcem
665 2496 875 2576 adjiciuntur.

117 2610 155 2672 Et
182 2612 331 2674 nuncin
360 2612 478 2687 lucem,
508 2609 652 2670 maximo
681 2603 901 2668 emolumento
936 2603 1111 2671 Christiani
1149 2607 1329 2672 nominis,

77 2719 209 2800 prodeat
224 2719 293 2779 haec
304 2717 439 2779 historia
452 2715 526 2777 lesu
548 2699 678 2791 Christi,
693 2730 767 2791 quae
789 2711 929 2774 fideliter
948 2719 979 2775 et
995 2713 1085 2777 velut
1101 2713 1136 2776 in
1159 2708 1334 2797 imagin*

77 2830 269 2905 praeseutem
297 2821 429 2884 cuilibet
457 2817 653 2881 Salvatorem
686 2819 853 2899 exhibens,
881 2821 974 2902 cujus
1007 2822 1117 2885 omnis
1145 2823 1229 2887 actio
1260 2823 1334 2887 a?

77 2941 188 2994 nostra
201 2920 384 3006 instructio,
409 2927 525 2989 fortius
548 2934 580 2990 et
603 2926 736 2988 suavius
755 2943 870 2990 omues
894 2929 936 2990 ad
957 2926 1027 3009 elus
1045 2930 1212 3012 sequelam
1231 2930 1296 2994 alli
1322 2945 1334 2957 ’

76 3038 160 3118 ciat;
183 3036 263 3099 dixit
279 3035 368 3099 enim
390 3055 398 3097 ε
424 3034 486 3111 Qut
509 3036 657 3117 sequitur
676 3053 739 3113 mc,
758 3053 827 3100 noo
846 3036 996 3102 ambulat
1016 3038 1053 3102 itt
1071 3039 1212 3107 tenebris
1219 3061 1233 3124 ;
1251 3039 1334 3106 seb

78 3142 201 3210 habebit
217 3142 329 3208 lumen
346 3143 431 3207 vt'tae.

186 3396 360 3479 Nongonti,
371 3396 407 3464 in
417 3399 499 3464 testo
514 3397 705 3482 Epiphaniae
718 3399 754 3464 D.
770 3401 808 3466 N.
823 3402 841 3467 J
844 3449 853 3466 .
868 3403 914 3485 u,
929 3421 1016 3469 anno
1033 3404 1123 3471 1877.

871 3770 898 3816 l..
919 3771 951 3817 tt.
971 3770 1126 3820 bruchton.
