2790 4912
109 360 140 413 08
501 355 613 408 initiat
640 355 763 409 rlnzts
790 354 895 425 CAPUT
924 356 959 408 tx

110 461 271 529 tributaria,
286 477 336 516 seu
355 457 551 529 stipendiaria.
572 462 638 516 llaec
653 461 701 516 de·
753 465 842 528 cssel,
868 460 974 531 etjam
995 457 1089 517 vicina
1107 462 1214 533 partui,
1230 479 1293 522 non
1312 471 1356 525 ta·

110 533 226 615 scriptio
255 531 419 604 quotannis,
451 529 479 587 id
509 536 553 586 est
579 530 700 602 singulis
755 546 819 586 men
838 547 870 587 ex
890 531 944 588 hoc
965 532 1142 612 grauabatur
1160 532 1191 590 iu
1215 551 1353 619 corpore,

110 621 206 670 anuis,
249 608 328 660 ostea
348 602 423 658 lacta
439 600 561 669 videtur,
582 602 649 673 qnia
672 605 699 658 in
755 601 822 673 quin
839 601 893 658 iret
907 602 943 658 de
957 601 1350 676 provinciaiuprorincram:

110 620 263 745 Evangcllo
283 673 386 745 legitur
415 689 422 726 ι
454 675 588 741 Maroiater
612 679 700 729 uester
755 672 833 744 quia,
849 678 879 729 nt
896 671 966 728 dicit
981 674 1167 741 dunestanus,
1184 692 1252 734 cum
1274 688 1352 738 esset

111 764 166 804 non
179 748 262 802 soluit
281 745 455 800 didrachmo.
756 743 841 816 Virgo
883 743 991 812 ravida,
1006 744 1111 802 salubri
1129 745 1247 806 levitate
1272 751 1353 822 plau·

113 886 117 891 ι
146 820 237 874 Birra
258 819 354 872 lirum
369 833 400 871 cr
417 818 519 872 ,lescen
535 816 699 870 Barnznnsn
754 815 850 872 debat.
862 760 974 872 {umen
989 814 1066 872 euim
1079 819 1155 888 quod
1170 816 1201 874 iu
1212 835 1246 876 se
1259 821 1351 880 habe·

109 893 407 949 tuoni-exminua-
425 888 700 950 Ettbootomnes,ut
754 887 826 954 bat,
856 887 969 958 pondus
998 887 1105 944 habere
1132 904 1192 946 nou
1221 897 1348 963 poterat.

110 958 699 1087 prostterentursinpuliinsuomcz'oitotcm,
754 957 915 1014 Relerendo
943 957 1054 1030 singula
1084 957 1214 1030 singulis,
1237 965 1349 1037 loseph

95 1049 148 1090 un
172 1047 188 1087 e
214 1031 351 1087 duxerant
369 1027 520 1099 originem.
539 1030 698 1100 Appropin·
754 1029 853 1085 rolens
881 1028 993 1085 solvere
1024 1045 1141 1086 censum
1176 1031 1347 1103 imperatori

110 1108 217 1174 quante
236 1108 332 1158 autem
351 1099 473 1156 termino
497 1114 598 1155 novem
620 1115 698 1155 men·
754 1098 1062 1168 terreno,ascenditde
1077 1101 1223 1172 provincia
1238 1103 1270 1161 in
1284 1122 1350 1179 pro·

111 1174 198 1241 sium,
212 1173 347 1235 escendit,
363 1171 518 1228 secundum
533 1169 588 1226 loci
602 1170 699 1240 situm,
754 1170 888 1239 vinciam,
912 1170 1020 1227 scilicet
1044 1171 1080 1228 de
1106 1172 1222 1231 Galilaea
1247 1174 1278 1232 in
1295 1180 1348 1235 lu·

112 1247 251 1315 elioreph
266 1261 284 1298 c
301 1244 417 1301 Golilaeo
434 1242 467 1297 de
484 1245 701 1300 civitoteNozo-
754 1241 857 1308 daeam,
881 1247 910 1298 et
935 1241 970 1299 de
995 1241 1107 1300 civitale
1127 1243 1156 1300 in
1186 1245 1347 1320 civitatem,

111 1315 236 1381 rctlanhi
250 1315 394 1383 manebat,
405 1316 433 1368 in
448 1313 572 1368 Judaeum
586 1316 616 1368 in
630 1316 699 1370 ciri·
754 1312 862 1370 scilicei
876 1313 912 1369 de
926 1315 1066 1370 Nazareth
1082 1313 1111 1370 in
1129 1316 1310 1376 Bethlehem.

113 1384 444 1455 intemperamenti
463 1391 611 1450 natusest,
628 1384 700 1440 etin
791 1389 806 1439 5
837 1386 957 1440 llrsrrcn
993 1402 1201 1443 rurenrnernrro
1226 1391 1344 1462 dosera,

112 1474 209 1530 regem
219 1466 320 1513 unctus
329 1457 396 1524 l'uit;
408 1472 468 1526 puae
478 1458 700 1512 ecceturBetlale-
754 1456 897 1511 anunsrn
911 1474 943 1512 ur
957 1458 1129 1513 Bernzanuu.
1144 1489 1175 1501 -
1185 1461 1345 1531 illocaliter,

113 1530 172 1586 bem
182 1546 228 1585 :eo
237 1530 312 1600 puroet
321 1529 356 1583 dc
365 1529 453 1590 domo,
466 1527 493 1582 id
502 1532 544 1582 est
552 1525 698 1598 progenie,
752 1527 871 1598 loseph,
879 1524 926 1598 qui
938 1526 1145 1600 interpretatur
1154 1538 1346 1599 caementum.

113 1604 263 1668 etfamitia
275 1600 441 1655 horinassu
451 1597 557 1668 doscph
568 1612 600 1652 ac
613 1598 699 1652 ctiam
754 1597 783 1654 id
796 1602 850 1665 est,
862 1597 982 1669 quilibet
995 1604 1135 1668 nostrum,
1148 1601 1249 1659 volens
1265 1604 1349 1676 spiri·

113 1671 213 1737 illaria,
223 1677 250 1727 et
262 1668 451 1726 ibihabitahat
464 1683 561 1723 eornm
573 1675 701 1738 genuset
752 1669 869 1726 tualiter
880 1668 1019 1742 augeri,si
1033 1670 1144 1728 solvere
1154 1672 1214 1729 rull
1226 1690 1347 1733 censum

112 1737 701 1811 familia31ztelipsr,sirutcelcri,protlte
753 1737 914 1797 devotionis
940 1746 1048 1799 aeterno
1078 1742 1158 1815 Regi,
1188 1744 1277 1803 dehet
1304 1747 1348 1805 ire

112 1820 190 1869 retur
202 1829 262 1868 enm
274 1810 701 1880 Noriudesponsotosihiucore
773 1811 886 1868 assibus
912 1810 1060 1881 virtutum,
1080 1818 1110 1870 et
1130 1816 1288 1874 ascendere
1310 1819 1346 1876 de

110 1889 281 1959 praeparante.
297 1878 349 1939 Ubi
368 1880 431 1936 vide
453 1881 613 1961 Dominum,
633 1897 699 1953 pro·
754 1827 881 1950 fiatilaea,
897 1881 925 1939 id
950 1888 1004 1952 est,
1020 1884 1056 1941 de
1071 1886 1176 1943 mundo
1190 1891 1221 1943 et
1234 1889 1347 1947 volubi-

113 1961 177 2039 pter
192 1961 231 2017 tc,
247 1956 334 2010 etiam
353 1952 444 2023 capite
462 1967 561 2008 censui
577 1951 700 2034 adscribi
753 1953 833 2010 litate
861 1953 1015 2011 mundana
1042 1956 1277 2029 conversationis,
1310 1962 1346 2018 ad

113 2044 142 2085 m
157 2025 330 2093 terris,utet
345 2038 448 2079 nomeu
462 2028 543 2078 tuum
558 2022 701 2080 adscnha·
752 2025 881 2083 Judaeam
892 2025 1216 2086 consessionisetlaudis
1228 2029 1344 2089 divina.

115 2108 162 2155 tur
174 2097 202 2152 in
219 2095 306 2151 cerlis.
324 2098 354 2150 ln
372 2109 427 2165 quc
442 2092 518 2150 dedit
539 2094 699 2165 exemplum
753 2098 824 2153 Nam
832 2095 1346 2172 Galilaeainterpretaturtroncmioru-

113 2166 283 2225 humilitatis
297 2166 440 2236 perlectae,
459 2181 476 2221 a
496 2180 551 2236 qua
571 2165 701 2222 Salvator
753 2170 802 2231 tio,
824 2167 868 2223 rel
894 2174 965 2232 roto,
993 2184 1043 2226 seu
1068 2171 1215 2239 volubilior
1239 2173 1344 2232 ludaea

114 2238 210 2311 incipit
224 2254 241 2292 a
258 2236 414 2304 nativitate,
430 2240 458 2292 et
472 2252 536 2292 eam
551 2236 699 2295 contiuua·
753 2253 832 2306 vero,
848 2241 991 2306 confessio.
1007 2241 1041 2296 Et
1065 2240 1105 2298 sic
1119 2242 1223 2314 eundo,
1238 2259 1344 2303 ascen·

114 2311 153 2367 vit
173 2326 261 2380 usquc
285 2309 321 2365 ad
337 2314 468 2373 mortem,
487 2307 515 2362 in
540 2325 596 2378 qua
609 2310 699 2364 humi·
753 2309 795 2367 dit
809 2309 845 2366 de
861 2312 999 2367 Nazareth
1009 2310 1039 2367 iu
1047 2312 1225 2385 Bethlehem,
1240 2314 1271 2372 id
1286 2322 1341 2387 est,

114 2385 196 2439 Novit
222 2383 411 2452 semetipsum,
441 2382 533 2447 (actus
574 2380 701 2435 ohediene
753 2380 887 2437 allorida
899 2380 1034 2439 virtulum
1049 2384 1170 2455 actione,
1179 2385 1216 2442 ad
1228 2392 1344 2459 pastum

113 2470 200 2525 usqae
214 2472 230 2506 o
242 2457 363 2519 eructem,
373 2457 486 2507 mortem
500 2457 588 2506 cutem
600 2455 698 2508 crucis.
754 2451 1002 2523 contemplationis
1015 2452 1145 2523 internae,
1158 2455 1187 2512 in
1203 2472 1259 2543 qua
1275 2474 1344 2516 vera

114 2527 195 2582 Unde
204 2526 297 2581 Bello:
313 2524 418 2595 «Cujus
431 2540 447 2577 u
461 2539 486 2578 m
495 2528 701 2592 praetereunter
754 2522 1343 2587 relectioanimaruminrcnitur.hazareth

113 2603 195 2654 lanta
217 2604 332 2666 tamque
350 2594 474 2665 benigna
492 2600 534 2649 est
554 2593 700 2651 humilitas
753 2595 829 2651 enirn
844 2597 903 2664 ttos,
919 2601 949 2652 el
962 2596 1127 2653 Bethlehem
1139 2598 1235 2655 domus
1245 2605 1343 2672 panae,

112 2668 269 2725 intuenda:
285 2666 351 2738 qnia
373 2683 428 2722 non
449 2666 539 2721 solum
556 2664 699 2722 incarnari
753 2664 781 2721 id
793 2667 1341 2742 est,domusresectionisiuterpretatur.

63 2732 68 2743 '
112 2739 273 2813 pronohis,
290 2737 383 2794 sedet
401 2753 435 2792 eo
452 2747 579 2809 tempore
602 2736 700 2808 digua·
753 2737 888 2794 Ascendit
912 2743 1006 2794 autem
1030 2741 1135 2812 loseph
1161 2756 1225 2798 cum
1239 2742 1343 2811 diaria,

113 2816 160 2867 tus
189 2810 224 2865 sit
250 2806 415 2871 incarnari,
445 2824 499 2877 quo
529 2822 593 2862 mox
617 2814 700 2863 natus
753 2809 820 2879 quia
836 2823 949 2890 semper
969 2808 1107 2866 dehemus
1126 2811 1274 2870 nobiscum
1290 2814 1343 2872 ha-

114 2879 211 2937 ccnsui
234 2878 355 2936 Caesaris
380 2878 599 2945 adscriberetur,
614 2884 700 2949 atque
753 2879 1345 2967 berepoenrtenham,sicullosephusque

114 2953 151 3009 oh
170 2951 261 3007 nostri
285 2949 482 3006 liberationem
503 2947 562 3020 ipse
584 2948 699 3006 servitio
752 2949 789 3006 ad
804 2956 924 3007 mortem
942 2950 1041 3009 hahuit
1063 2953 1190 3024 hieriam,
1213 2971 1276 3028 quae
1296 2972 1343 3014 m-

114 3021 292 3080 subderetur.
309 3042 323 3069 »
752 3026 926 3092 terpretatur
939 3039 1015 3079 more
1031 3040 1167 3080 amorum.

149 3095 267 3160 lpchs
287 3107 564 3146 lrlxllltl812.tlltt.tlto.
580 3092 701 3148 -Con
787 3095 969 3150 otiosarum
998 3112 1052 3150 nor
1081 3098 1342 3165 rarnnrnxsdlLimA

114 3163 208 3220 sidera
228 3166 312 3219 etiam
328 3160 413 3232 quod,
427 3161 493 3215 licet
509 3162 593 3218 beata
613 3162 699 3234 Virgo
752 3181 905 3220 putescum!
917 3182 1023 3220 rernm.
1037 3167 1202 3239 -Cumqnc
1216 3166 1342 3231 inBeth-

114 3235 203 3292 hlaria
214 3236 273 3308 jam
284 3231 460 3302 concepisset
473 3233 580 3303 liegem
592 3234 655 3289 coeli
671 3239 699 3289 et
752 3234 846 3293 lehem
873 3241 978 3305 essent,
995 3235 1061 3309 quia
1084 3253 1224 3310 pauperes
1244 3245 1340 3307 erant,

113 3312 208 3371 terra,
229 3307 290 3377 ipsa
315 3310 411 3361 tamen
431 3319 488 3360 una
509 3318 571 3359 cum
594 3320 698 3376 sponso
751 3305 906 3378 hospitium
935 3306 1065 3365 invenire
1087 3324 1144 3364 uon
1172 3315 1340 3381 potuerunt,

112 3394 164 3436 suo
191 3378 307 3450 loseph,
333 3374 472 3445 imperiali
494 3374 587 3456 edicto
609 3375 699 3432 voluit
751 3383 868 3449 propter
895 3384 1064 3435 conventum
1092 3386 1120 3436 et
1147 3379 1340 3452 frequentiam

112 3451 239 3517 obedire,
255 3456 286 3506 ut
303 3452 397 3520 posset
412 3462 475 3502 curn
495 3446 565 3502 Filio
578 3446 695 3504 dicere:
751 3447 915 3516 multorum,
938 3449 987 3521 qui
1006 3451 1043 3507 oh
1065 3451 1195 3508 eamdem
1221 3467 1339 3509 musam

112 3524 240 3581 Siedecet
252 3520 532 3590 nosimplercomnem
537 3520 696 3587 justitiam:
751 3526 964 3576 concurrerant.
998 3520 1165 3593 compatere
1206 3521 1253 3580 bic
1280 3525 1339 3580 Do·

112 3608 145 3649 ac
161 3608 211 3663 per
224 3593 278 3646 hoc
290 3591 371 3645 daret
381 3589 462 3644 nobis
474 3589 634 3659 exemplum
650 3589 698 3644 oh·
750 3590 846 3658 mium,
858 3594 885 3647 el
899 3591 1030 3663 conspice
1039 3591 1189 3650 delicatam
1201 3595 1341 3666 juvencu-

112 3661 290 3732 temperandi
306 3659 383 3716 omni
399 3659 529 3730 potestati
544 3659 695 3731 superiori.
750 3661 808 3718 lam
833 3677 973 3719 annorum
1004 3663 1176 3735 quindecim,
1196 3680 1230 3722 ex
1252 3665 1340 3749 longo

111 3735 234 3790 Laborat
261 3747 329 3802 crgo
357 3731 459 3786 iterum
489 3733 608 3788 [lomina
643 3732 697 3788 hoc
749 3731 853 3789 itinere
867 3732 1024 3805 fatigatam,
1041 3740 1069 3791 et
1084 3751 1147 3793 cum
1167 3736 1340 3794 verecundia

110 3805 196 3876 longo
211 3803 323 3860 itinere.
340 3804 438 3858 Nama
454 3802 592 3858 Nazareth
606 3817 695 3874 usque
750 3803 826 3861 inter
835 3803 966 3861 homiues
978 3812 1147 3874 versantem,
1161 3811 1339 3879 querentem

110 3873 312 3934 inlerusalem
337 3879 402 3929 suut
430 3873 464 3929 tri
487 3875 545 3929 inta
566 3874 694 3945 quinque
750 3873 798 3931 uhi
811 3874 1012 3947 requiesceret,
1023 3882 1119 3935 elnon
1129 3877 1338 3936 invenientem.

110 3946 292 4013 milliaria‚et
306 3943 407 4001 deiude
421 3944 449 3999 iu
462 3890 580 4027 declivio
592 3943 698 4026 montis
750 3946 857 4027 Omnes
873 3962 936 4004 eam
963 3954 989 4004 et
1005 3947 1112 4006 socium
1140 3948 1290 4006 licentiant
1309 3955 1341 4008 et

108 4017 277 4085 Jemsalcm,
292 4031 390 4073 versus
406 4016 565 4084 meridiem,
581 4020 635 4071 sita
654 4020 698 4072 est
750 4018 899 4087 ahdrcunt3
911 4024 940 4076 et
951 4018 992 4076 sic
1005 4019 1036 4076 in
1047 4020 1190 4077 communi
1201 4021 1339 4089 transitu,

109 4089 286 4157 Bethlehem,
300 4104 362 4159 quea
376 4093 404 4144 et
419 4089 594 4159 Ephrataest
609 4085 695 4167 dicta,
750 4088 779 4145 in
799 4088 988 4147 diversorium
1010 4107 1042 4149 se
1062 4097 1243 4164 receperunt,
1260 4093 1338 4165 quod

108 4160 217 4217 distans
228 4160 422 4225 alerusalem,
434 4174 485 4230 per
500 4158 624 4230 quinque
636 4157 697 4213 mil·
750 4158 825 4216 intra
846 4159 999 4230 civilatem,
1014 4162 1045 4219 in
1063 4162 1131 4231 line,
1146 4164 1229 4235 juxta
1250 4180 1338 4222 unam

107 4231 200 4298 liaria,
211 4232 255 4289 rel
265 4231 350 4287 cirea.
364 4233 402 4287 Ex
413 4232 467 4311 hoc
479 4231 540 4311 loco
555 4227 697 4309 colligitur
749 4237 896 4358 portarurn
906 4234 958 4290 snb
972 4248 1043 4306 rupe
1057 4250 1181 4292 concava
1191 4240 1265 4306 erat,
1279 4251 1338 4293 non

106 4305 182 4377 quod
191 4305 276 4362 beata
288 4303 374 4375 Virgo
391 4303 491 4368 tiana,
500 4300 565 4356 hcet
577 4299 697 4371 gravida
760 4302 859 4360 labens
866 4303 989 4377 desuper
1002 4310 1119 4378 tectum,
1132 4312 1163 4363 ut
1176 4306 1264 4385 hodie
1275 4322 1341 4366 cer·

56 4534 115 4631 k
