<?xml version="1.0" encoding="UTF-8"?>
<!DOCTYPE html PUBLIC "-//W3C//DTD XHTML 1.0 Transitional//EN"
    "http://www.w3.org/TR/xhtml1/DTD/xhtml1-transitional.dtd">
<html xmlns="http://www.w3.org/1999/xhtml" xml:lang="en" lang="en">
 <head>
  <title>
</title>
<meta http-equiv="Content-Type" content="text/html;charset=utf-8" />
  <meta name='ocr-system' content='tesseract 3.04.00' />
  <meta name='ocr-capabilities' content='ocr_page ocr_carea ocr_par ocr_line ocrx_word'/>
</head>
<body>
  <div class='ocr_page' id='page_1' title='image "./vitajesuchristi02ludogoog_0264.png"; bbox 0 0 2790 4912; ppageno 0'>
   <div class='ocr_carea' id='block_1_1' title="bbox 135 279 995 337">
    <p class='ocr_par' dir='ltr' id='par_1_1' title="bbox 135 279 995 337">
     <span class='ocr_line' id='line_1_1' title="bbox 135 279 995 337; baseline -0.007 0"><span class='ocrx_word' id='word_1_1' title='bbox 135 284 182 337; x_wconf 70' lang='grc' dir='ltr'>ιιι</span> <span class='ocrx_word' id='word_1_2' title='bbox 504 279 613 332; x_wconf 80' lang='grc' dir='ltr'><strong>Ριιιιιιιι</strong></span> <span class='ocrx_word' id='word_1_3' title='bbox 640 280 758 334; x_wconf 78' lang='lat' dir='ltr'>etatis</span> <span class='ocrx_word' id='word_1_4' title='bbox 786 281 892 334; x_wconf 78' lang='lat' dir='ltr'>cicer</span> <span class='ocrx_word' id='word_1_5' title='bbox 919 279 995 332; x_wconf 77' lang='lat' dir='ltr'>XXX</span> 
     </span>
    </p>
   </div>
   <div class='ocr_carea' id='block_1_2' title="bbox 122 383 731 4297">
    <p class='ocr_par' dir='ltr' id='par_1_2' title="bbox 122 383 730 1167">
     <span class='ocr_line' id='line_1_2' title="bbox 122 383 729 460; baseline -0.008 -14"><span class='ocrx_word' id='word_1_6' title='bbox 122 414 125 418; x_wconf 94' lang='lat'>·</span> <span class='ocrx_word' id='word_1_7' title='bbox 148 389 183 446; x_wconf 92' lang='lat' dir='ltr'>de</span> <span class='ocrx_word' id='word_1_8' title='bbox 196 386 288 460; x_wconf 81' lang='lat' dir='ltr'>gratia</span> <span class='ocrx_word' id='word_1_9' title='bbox 304 384 353 443; x_wconf 88' lang='lat' dir='ltr'>Dei</span> <span class='ocrx_word' id='word_1_10' title='bbox 368 384 464 441; x_wconf 88' lang='lat' dir='ltr'>nullus</span> <span class='ocrx_word' id='word_1_11' title='bbox 482 383 622 455; x_wconf 83' lang='lat' dir='ltr'><strong>desperet,</strong></span> <span class='ocrx_word' id='word_1_12' title='bbox 643 401 729 456; x_wconf 85' lang='lat' dir='ltr'>quan·</span> 
     </span>
     <span class='ocr_line' id='line_1_3' title="bbox 147 457 727 529; baseline -0.009 -12"><span class='ocrx_word' id='word_1_13' title='bbox 147 465 330 529; x_wconf 86' lang='lat' dir='ltr'>tnmcnmque</span> <span class='ocrx_word' id='word_1_14' title='bbox 346 457 448 512; x_wconf 84' lang='lat' dir='ltr'>vilibus</span> <span class='ocrx_word' id='word_1_15' title='bbox 468 461 619 527; x_wconf 89' lang='lat' dir='ltr'>occupatus</span> <span class='ocrx_word' id='word_1_16' title='bbox 634 457 727 513; x_wconf 89' lang='lat' dir='ltr'>luerit.</span> 
     </span>
     <span class='ocr_line' id='line_1_4' title="bbox 149 526 728 600; baseline -0.005 -13"><span class='ocrx_word' id='word_1_17' title='bbox 149 532 201 600; x_wconf 83' lang='lat' dir='ltr'>Qui</span> <span class='ocrx_word' id='word_1_18' title='bbox 219 531 312 586; x_wconf 91' lang='lat' dir='ltr'>statim</span> <span class='ocrx_word' id='word_1_19' title='bbox 327 543 450 597; x_wconf 78' lang='lat' dir='ltr'>sicr-pens,</span> <span class='ocrx_word' id='word_1_20' title='bbox 467 526 603 582; x_wconf 87' lang='lat' dir='ltr'>atelonio</span> <span class='ocrx_word' id='word_1_21' title='bbox 623 526 653 582; x_wconf 90' lang='lat' dir='ltr'>in</span> <span class='ocrx_word' id='word_1_22' title='bbox 673 544 728 600; x_wconf 90' lang='lat' dir='ltr'>quo</span> 
     </span>
     <span class='ocr_line' id='line_1_5' title="bbox 149 600 728 670; baseline -0.009 -11"><span class='ocrx_word' id='word_1_23' title='bbox 149 603 277 670; x_wconf 87' lang='lat' dir='ltr'>sedebat,</span> <span class='ocrx_word' id='word_1_24' title='bbox 298 600 372 655; x_wconf 90' lang='lat' dir='ltr'>etde</span> <span class='ocrx_word' id='word_1_25' title='bbox 388 614 484 655; x_wconf 83' lang='lat' dir='ltr'>errrore</span> <span class='ocrx_word' id='word_1_26' title='bbox 499 602 675 655; x_wconf 90' lang='lat' dir='ltr'>terrenorum</span> <span class='ocrx_word' id='word_1_27' title='bbox 693 601 728 655; x_wconf 77' lang='lat' dir='ltr'>acl</span> 
     </span>
     <span class='ocr_line' id='line_1_6' title="bbox 148 670 729 742; baseline -0.005 -13"><span class='ocrx_word' id='word_1_28' title='bbox 148 670 320 731; x_wconf 87' lang='lat' dir='ltr'>desiderium</span> <span class='ocrx_word' id='word_1_29' title='bbox 347 685 544 742; x_wconf 89' lang='lat' dir='ltr'>supernorum,</span> <span class='ocrx_word' id='word_1_30' title='bbox 574 676 600 725; x_wconf 88' lang='lat' dir='ltr'>et</span> <span class='ocrx_word' id='word_1_31' title='bbox 625 672 729 726; x_wconf 82' lang='lat' dir='ltr'>relictis</span> 
     </span>
     <span class='ocr_line' id='line_1_7' title="bbox 145 739 728 808; baseline -0.005 -8"><span class='ocrx_word' id='word_1_32' title='bbox 145 745 280 804; x_wconf 81' lang='lat' dir='ltr'>omuibus,</span> <span class='ocrx_word' id='word_1_33' title='bbox 293 740 400 797; x_wconf 89' lang='lat' dir='ltr'>scilicet</span> <span class='ocrx_word' id='word_1_34' title='bbox 413 742 507 796; x_wconf 90' lang='lat' dir='ltr'>suiset</span> <span class='ocrx_word' id='word_1_35' title='bbox 519 739 603 796; x_wconf 87' lang='lat' dir='ltr'>etiarn</span> <span class='ocrx_word' id='word_1_36' title='bbox 616 740 728 808; x_wconf 90' lang='lat' dir='ltr'>alienis,</span> 
     </span>
     <span class='ocr_line' id='line_1_8' title="bbox 146 811 729 884; baseline -0.007 -13"><span class='ocrx_word' id='word_1_37' title='bbox 146 831 178 871; x_wconf 77' lang='lat' dir='ltr'>es</span> <span class='ocrx_word' id='word_1_38' title='bbox 201 814 300 884; x_wconf 80' lang='lat' dir='ltr'>rapina</span> <span class='ocrx_word' id='word_1_39' title='bbox 321 811 446 867; x_wconf 74' lang='lat' dir='ltr'>collectis</span> <span class='ocrx_word' id='word_1_40' title='bbox 474 829 481 867; x_wconf 75' lang='grc' dir='ltr'>ε</span> <span class='ocrx_word' id='word_1_41' title='bbox 516 812 729 884; x_wconf 89' lang='lat' dir='ltr'>reliquit-enim</span> 
     </span>
     <span class='ocr_line' id='line_1_9' title="bbox 147 882 730 956; baseline -0.003 -14"><span class='ocrx_word' id='word_1_42' title='bbox 147 885 230 942; x_wconf 87' lang='lat' dir='ltr'>etiarn</span> <span class='ocrx_word' id='word_1_43' title='bbox 259 899 384 956; x_wconf 83' lang='lat' dir='ltr'>propria,</span> <span class='ocrx_word' id='word_1_44' title='bbox 413 882 461 953; x_wconf 89' lang='lat' dir='ltr'>qni</span> <span class='ocrx_word' id='word_1_45' title='bbox 491 899 592 954; x_wconf 86' lang='lat' dir='ltr'>rapere</span> <span class='ocrx_word' id='word_1_46' title='bbox 622 884 730 940; x_wconf 82' lang='lat' dir='ltr'><strong>solebat</strong></span> 
     </span>
     <span class='ocr_line' id='line_1_10' title="bbox 147 955 728 1026; baseline -0.007 -13"><span class='ocrx_word' id='word_1_47' title='bbox 147 955 728 1026; x_wconf 74' lang='lat' dir='ltr'>aliena,qnia,secnndumchrysostomum,</span> 
     </span>
     <span class='ocr_line' id='line_1_11' title="bbox 147 1025 730 1097; baseline -0.003 -14"><span class='ocrx_word' id='word_1_48' title='bbox 147 1027 282 1083; x_wconf 90' lang='lat' dir='ltr'>telonium</span> <span class='ocrx_word' id='word_1_49' title='bbox 304 1032 346 1082; x_wconf 92' lang='lat' dir='ltr'>cst</span> <span class='ocrx_word' id='word_1_50' title='bbox 366 1025 465 1097; x_wconf 83' lang='lat' dir='ltr'>rapina</span> <span class='ocrx_word' id='word_1_51' title='bbox 485 1026 639 1095; x_wconf 86' lang='lat' dir='ltr'>permissa;</span> <span class='ocrx_word' id='word_1_52' title='bbox 658 1042 730 1081; x_wconf 85' lang='lat' dir='ltr'>secu-</span> 
     </span>
     <span class='ocr_line' id='line_1_12' title="bbox 148 1096 729 1167; baseline 0 -13"><span class='ocrx_word' id='word_1_53' title='bbox 148 1106 193 1155; x_wconf 90' lang='lat' dir='ltr'>tus</span> <span class='ocrx_word' id='word_1_54' title='bbox 207 1106 246 1153; x_wconf 80' lang='lat' dir='ltr'>est</span> <span class='ocrx_word' id='word_1_55' title='bbox 258 1116 328 1157; x_wconf 86' lang='lat' dir='ltr'>eum.</span> <span class='ocrx_word' id='word_1_56' title='bbox 340 1096 400 1152; x_wconf 91' lang='lat' dir='ltr'>sine</span> <span class='ocrx_word' id='word_1_57' title='bbox 412 1096 506 1167; x_wconf 89' lang='lat' dir='ltr'>aliqua</span> <span class='ocrx_word' id='word_1_58' title='bbox 514 1097 659 1165; x_wconf 90' lang='lat' dir='ltr'>dilatione,</span> <span class='ocrx_word' id='word_1_59' title='bbox 673 1102 729 1154; x_wconf 88' lang='lat' dir='ltr'>tam</span> 
     </span>
    </p>

    <p class='ocr_par' dir='ltr' id='par_1_3' title="bbox 136 1167 731 4297">
     <span class='ocr_line' id='line_1_13' title="bbox 183 1167 730 1240; baseline -0.004 -14"><span class='ocrx_word' id='word_1_60' title='bbox 183 1187 258 1236; x_wconf 90' lang='lat' dir='ltr'>essu,</span> <span class='ocrx_word' id='word_1_61' title='bbox 269 1184 353 1240; x_wconf 90' lang='lat' dir='ltr'>qnam</span> <span class='ocrx_word' id='word_1_62' title='bbox 368 1169 482 1231; x_wconf 84' lang='lat' dir='ltr'>ellectu,</span> <span class='ocrx_word' id='word_1_63' title='bbox 494 1167 564 1224; x_wconf 90' lang='lat' dir='ltr'>sicut</span> <span class='ocrx_word' id='word_1_64' title='bbox 577 1168 730 1240; x_wconf 90' lang='lat' dir='ltr'>discipulus</span> 
     </span>
     <span class='ocr_line' id='line_1_14' title="bbox 177 1239 729 1312; baseline -0.002 -16"><span class='ocrx_word' id='word_1_65' title='bbox 177 1241 324 1312; x_wconf 81' lang='lat' dir='ltr'>agistrum,</span> <span class='ocrx_word' id='word_1_66' title='bbox 339 1239 410 1294; x_wconf 83' lang='lat' dir='ltr'>sient</span> <span class='ocrx_word' id='word_1_67' title='bbox 424 1239 514 1294; x_wconf 87' lang='lat' dir='ltr'>riator</span> <span class='ocrx_word' id='word_1_68' title='bbox 526 1240 625 1296; x_wconf 85' lang='lat' dir='ltr'>ducem</span> <span class='ocrx_word' id='word_1_69' title='bbox 636 1256 729 1308; x_wconf 85' lang='lat' dir='ltr'>snum,</span> 
     </span>
     <span class='ocr_line' id='line_1_15' title="bbox 147 1310 731 1382; baseline -0.002 -14"><span class='ocrx_word' id='word_1_70' title='bbox 147 1312 217 1369; x_wconf 91' lang='lat' dir='ltr'>sicut</span> <span class='ocrx_word' id='word_1_71' title='bbox 234 1328 331 1367; x_wconf 81' lang='lat' dir='ltr'>serens</span> <span class='ocrx_word' id='word_1_72' title='bbox 346 1310 507 1379; x_wconf 78' lang='lat' dir='ltr'>bantinum,</span> <span class='ocrx_word' id='word_1_73' title='bbox 524 1311 595 1367; x_wconf 89' lang='lat' dir='ltr'>sieut</span> <span class='ocrx_word' id='word_1_74' title='bbox 612 1311 672 1367; x_wconf 86' lang='lat' dir='ltr'>oris</span> <span class='ocrx_word' id='word_1_75' title='bbox 684 1328 731 1382; x_wconf 92' lang='lat' dir='ltr'>pa-</span> 
     </span>
     <span class='ocr_line' id='line_1_16' title="bbox 147 1382 730 1453; baseline -0.007 -12"><span class='ocrx_word' id='word_1_76' title='bbox 147 1389 252 1441; x_wconf 87' lang='lat' dir='ltr'>storem</span> <span class='ocrx_word' id='word_1_77' title='bbox 268 1399 350 1438; x_wconf 90' lang='lat' dir='ltr'>suum</span> <span class='ocrx_word' id='word_1_78' title='bbox 360 1399 367 1450; x_wconf 88' lang='lat'>;</span> <span class='ocrx_word' id='word_1_79' title='bbox 378 1383 472 1438; x_wconf 82' lang='lat' dir='ltr'>sunem</span> <span class='ocrx_word' id='word_1_80' title='bbox 487 1382 655 1453; x_wconf 73' lang='lat' dir='ltr'>precidere,</span> <span class='ocrx_word' id='word_1_81' title='bbox 673 1399 730 1437; x_wconf 90' lang='lat' dir='ltr'>non</span> 
     </span>
     <span class='ocr_line' id='line_1_17' title="bbox 148 1453 729 1524; baseline -0.005 -13"><span class='ocrx_word' id='word_1_82' title='bbox 148 1457 272 1521; x_wconf 86' lang='lat' dir='ltr'>solrens,</span> <span class='ocrx_word' id='word_1_83' title='bbox 289 1454 443 1509; x_wconf 90' lang='lat' dir='ltr'>secundum</span> <span class='ocrx_word' id='word_1_84' title='bbox 461 1456 621 1524; x_wconf 75' lang='lat' dir='ltr'><strong><em>Hieronymi</em></strong></span> <span class='ocrx_word' id='word_1_85' title='bbox 637 1453 729 1509; x_wconf 90' lang='lat' dir='ltr'>consi-</span> 
     </span>
     <span class='ocr_line' id='line_1_18' title="bbox 150 1524 730 1595; baseline -0.003 -13"><span class='ocrx_word' id='word_1_86' title='bbox 150 1526 230 1582; x_wconf 93' lang='lat' dir='ltr'>lium.</span> <span class='ocrx_word' id='word_1_87' title='bbox 250 1530 366 1581; x_wconf 73' lang='lat' dir='ltr'>Sortitus</span> <span class='ocrx_word' id='word_1_88' title='bbox 386 1532 428 1579; x_wconf 88' lang='lat' dir='ltr'>est</span> <span class='ocrx_word' id='word_1_89' title='bbox 450 1524 562 1595; x_wconf 88' lang='lat' dir='ltr'>quidem</span> <span class='ocrx_word' id='word_1_90' title='bbox 588 1526 647 1580; x_wconf 89' lang='lat' dir='ltr'>sine</span> <span class='ocrx_word' id='word_1_91' title='bbox 662 1524 730 1580; x_wconf 85' lang='lat' dir='ltr'>dita-</span> 
     </span>
     <span class='ocr_line' id='line_1_19' title="bbox 149 1595 729 1667; baseline -0.003 -14"><span class='ocrx_word' id='word_1_92' title='bbox 149 1597 236 1663; x_wconf 89' lang='lat' dir='ltr'>tione,</span> <span class='ocrx_word' id='word_1_93' title='bbox 253 1596 346 1651; x_wconf 80' lang='lat' dir='ltr'>dirina</span> <span class='ocrx_word' id='word_1_94' title='bbox 356 1596 482 1666; x_wconf 90' lang='lat' dir='ltr'>potentia</span> <span class='ocrx_word' id='word_1_95' title='bbox 496 1595 573 1651; x_wconf 88' lang='lat' dir='ltr'>intus</span> <span class='ocrx_word' id='word_1_96' title='bbox 582 1602 729 1667; x_wconf 89' lang='lat' dir='ltr'>operante,</span> 
     </span>
     <span class='ocr_line' id='line_1_20' title="bbox 149 1667 728 1733; baseline -0.003 -9"><span class='ocrx_word' id='word_1_97' title='bbox 149 1668 320 1724; x_wconf 74' lang='lat' dir='ltr'>accendente</span> <span class='ocrx_word' id='word_1_98' title='bbox 333 1674 360 1722; x_wconf 92' lang='lat' dir='ltr'>et</span> <span class='ocrx_word' id='word_1_99' title='bbox 378 1668 504 1722; x_wconf 88' lang='lat' dir='ltr'>docente.</span> <span class='ocrx_word' id='word_1_100' title='bbox 522 1667 573 1733; x_wconf 88' lang='lat' dir='ltr'>Oui</span> <span class='ocrx_word' id='word_1_101' title='bbox 593 1667 669 1723; x_wconf 87' lang='lat' dir='ltr'>enirn</span> <span class='ocrx_word' id='word_1_102' title='bbox 682 1684 728 1722; x_wconf 84' lang='lat' dir='ltr'>ex-</span> 
     </span>
     <span class='ocr_line' id='line_1_21' title="bbox 149 1739 728 1809; baseline 0 -15"><span class='ocrx_word' id='word_1_103' title='bbox 149 1739 236 1795; x_wconf 90' lang='lat' dir='ltr'>terius</span> <span class='ocrx_word' id='word_1_104' title='bbox 252 1739 370 1804; x_wconf 74' lang='lat' dir='ltr'>vocarit,</span> <span class='ocrx_word' id='word_1_105' title='bbox 388 1747 418 1792; x_wconf 92' lang='lat' dir='ltr'>ut</span> <span class='ocrx_word' id='word_1_106' title='bbox 433 1755 496 1793; x_wconf 84' lang='lat' dir='ltr'>mox</span> <span class='ocrx_word' id='word_1_107' title='bbox 509 1744 674 1809; x_wconf 87' lang='lat' dir='ltr'>sequeretur</span> <span class='ocrx_word' id='word_1_108' title='bbox 686 1739 728 1794; x_wconf 92' lang='lat' dir='ltr'>in-</span> 
     </span>
     <span class='ocr_line' id='line_1_22' title="bbox 150 1809 726 1877; baseline -0.002 -12"><span class='ocrx_word' id='word_1_109' title='bbox 150 1810 343 1877; x_wconf 88' lang='lat' dir='ltr'>tusaecendit,</span> <span class='ocrx_word' id='word_1_110' title='bbox 356 1809 449 1877; x_wconf 79' lang='lat' dir='ltr'>traxit,</span> <span class='ocrx_word' id='word_1_111' title='bbox 459 1814 485 1865; x_wconf 92' lang='lat' dir='ltr'>et</span> <span class='ocrx_word' id='word_1_112' title='bbox 497 1811 611 1866; x_wconf 83' lang='lat' dir='ltr'>niodum</span> <span class='ocrx_word' id='word_1_113' title='bbox 622 1810 726 1866; x_wconf 91' lang='lat' dir='ltr'>docuit.</span> 
     </span>
     <span class='ocr_line' id='line_1_23' title="bbox 150 1880 729 1952; baseline 0 -16"><span class='ocrx_word' id='word_1_114' title='bbox 150 1882 228 1937; x_wconf 84' lang='lat' dir='ltr'>Unde</span> <span class='ocrx_word' id='word_1_115' title='bbox 239 1880 313 1935; x_wconf 89' lang='lat' dir='ltr'>idem</span> <span class='ocrx_word' id='word_1_116' title='bbox 323 1881 362 1935; x_wconf 92' lang='lat' dir='ltr'>ait</span> <span class='ocrx_word' id='word_1_117' title='bbox 377 1884 557 1947; x_wconf 74' lang='lat' dir='ltr'>Hieronymus</span> <span class='ocrx_word' id='word_1_118' title='bbox 573 1901 581 1936; x_wconf 76' lang='lat' dir='ltr'><em>z</em></span> <span class='ocrx_word' id='word_1_119' title='bbox 597 1904 610 1931; x_wconf 72' lang='grc' dir='ltr'>ι(</span> <span class='ocrx_word' id='word_1_120' title='bbox 627 1882 729 1952; x_wconf 76' lang='lat' dir='ltr'>l&#39;ulgor</span> 
     </span>
     <span class='ocr_line' id='line_1_24' title="bbox 146 1950 728 2022; baseline 0.002 -16"><span class='ocrx_word' id='word_1_121' title='bbox 146 1951 206 2021; x_wconf 86' lang='lat' dir='ltr'>ipsc</span> <span class='ocrx_word' id='word_1_122' title='bbox 218 1957 245 2005; x_wconf 90' lang='lat' dir='ltr'>et</span> <span class='ocrx_word' id='word_1_123' title='bbox 258 1953 391 2021; x_wconf 72' lang='lat' dir='ltr'>majestas</span> <span class='ocrx_word' id='word_1_124' title='bbox 405 1950 517 2005; x_wconf 89' lang='lat' dir='ltr'>deitatis</span> <span class='ocrx_word' id='word_1_125' title='bbox 532 1952 659 2019; x_wconf 81' lang='lat' dir='ltr'>occulta,</span> <span class='ocrx_word' id='word_1_126' title='bbox 673 1968 728 2022; x_wconf 88' lang='lat' dir='ltr'>qua</span> 
     </span>
     <span class='ocr_line' id='line_1_25' title="bbox 145 2020 727 2089; baseline -0.002 -13"><span class='ocrx_word' id='word_1_127' title='bbox 145 2020 231 2076; x_wconf 89' lang='lat' dir='ltr'>etiam</span> <span class='ocrx_word' id='word_1_128' title='bbox 248 2020 276 2074; x_wconf 90' lang='lat' dir='ltr'>in</span> <span class='ocrx_word' id='word_1_129' title='bbox 297 2021 367 2075; x_wconf 85' lang='lat' dir='ltr'>t&#39;acie</span> <span class='ocrx_word' id='word_1_130' title='bbox 380 2020 521 2076; x_wconf 93' lang='lat' dir='ltr'>relucebat</span> <span class='ocrx_word' id='word_1_131' title='bbox 537 2022 670 2089; x_wconf 87' lang='lat' dir='ltr'>humana,</span> <span class='ocrx_word' id='word_1_132' title='bbox 687 2022 727 2076; x_wconf 84' lang='lat' dir='ltr'>ri-</span> 
     </span>
     <span class='ocr_line' id='line_1_26' title="bbox 146 2090 728 2171; baseline 0.003 -26"><span class='ocrx_word' id='word_1_133' title='bbox 146 2091 245 2146; x_wconf 89' lang='lat' dir='ltr'>dentes</span> <span class='ocrx_word' id='word_1_134' title='bbox 260 2090 295 2145; x_wconf 91' lang='lat' dir='ltr'>ad</span> <span class='ocrx_word' id='word_1_135' title='bbox 309 2107 339 2145; x_wconf 90' lang='lat' dir='ltr'>se</span> <span class='ocrx_word' id='word_1_136' title='bbox 354 2091 466 2145; x_wconf 86' lang='lat' dir='ltr'>trahere</span> <span class='ocrx_word' id='word_1_137' title='bbox 491 2097 604 2171; x_wconf 90' lang='lat' dir='ltr'>poterat</span> <span class='ocrx_word' id='word_1_138' title='bbox 625 2092 653 2146; x_wconf 90' lang='grc' dir='ltr'>ιιι</span> <span class='ocrx_word' id='word_1_139' title='bbox 673 2092 728 2162; x_wconf 92' lang='lat' dir='ltr'>pei-</span> 
     </span>
     <span class='ocr_line' id='line_1_27' title="bbox 146 2160 728 2233; baseline 0.002 -15"><span class='ocrx_word' id='word_1_140' title='bbox 146 2177 193 2218; x_wconf 87' lang='grc' dir='ltr'><strong>ιιιο</strong></span> <span class='ocrx_word' id='word_1_141' title='bbox 211 2166 335 2232; x_wconf 87' lang='lat' dir='ltr'>aspectu</span> <span class='ocrx_word' id='word_1_142' title='bbox 353 2160 381 2216; x_wconf 86' lang='lat' dir='ltr'>Si</span> <span class='ocrx_word' id='word_1_143' title='bbox 399 2161 517 2216; x_wconf 85' lang='lat' dir='ltr'>enimin</span> <span class='ocrx_word' id='word_1_144' title='bbox 543 2169 674 2233; x_wconf 77' lang='lat' dir='ltr'>magnete</span> <span class='ocrx_word' id='word_1_145' title='bbox 691 2164 728 2219; x_wconf 89' lang='lat' dir='ltr'>la-</span> 
     </span>
     <span class='ocr_line' id='line_1_28' title="bbox 147 2231 726 2304; baseline 0.003 -16"><span class='ocrx_word' id='word_1_146' title='bbox 147 2233 211 2304; x_wconf 89' lang='lat' dir='ltr'>pide</span> <span class='ocrx_word' id='word_1_147' title='bbox 236 2234 295 2287; x_wconf 83' lang='lat' dir='ltr'>luec</span> <span class='ocrx_word' id='word_1_148' title='bbox 311 2248 374 2288; x_wconf 87' lang='lat' dir='ltr'>esse</span> <span class='ocrx_word' id='word_1_149' title='bbox 389 2231 431 2287; x_wconf 84' lang='lat' dir='ltr'>ris</span> <span class='ocrx_word' id='word_1_150' title='bbox 447 2231 558 2302; x_wconf 91' lang='lat' dir='ltr'>dieitur,</span> <span class='ocrx_word' id='word_1_151' title='bbox 575 2239 603 2288; x_wconf 91' lang='lat' dir='ltr'>nt</span> <span class='ocrx_word' id='word_1_152' title='bbox 622 2235 726 2290; x_wconf 86' lang='lat' dir='ltr'>serrum</span> 
     </span>
     <span class='ocr_line' id='line_1_29' title="bbox 146 2303 728 2375; baseline 0.003 -16"><span class='ocrx_word' id='word_1_153' title='bbox 146 2304 253 2373; x_wconf 90' lang='lat' dir='ltr'>trahat,</span> <span class='ocrx_word' id='word_1_154' title='bbox 274 2309 378 2375; x_wconf 85' lang='lat' dir='ltr'>querito</span> <span class='ocrx_word' id='word_1_155' title='bbox 404 2303 496 2374; x_wconf 80' lang='lat' dir='ltr'>magis</span> <span class='ocrx_word' id='word_1_156' title='bbox 519 2304 655 2361; x_wconf 81' lang='lat' dir='ltr'>Dominus</span> <span class='ocrx_word' id='word_1_157' title='bbox 669 2322 728 2361; x_wconf 89' lang='lat' dir='ltr'>orn-</span> 
     </span>
     <span class='ocr_line' id='line_1_30' title="bbox 145 2375 726 2448; baseline 0.002 -16"><span class='ocrx_word' id='word_1_158' title='bbox 145 2375 224 2432; x_wconf 91' lang='lat' dir='ltr'>nium</span> <span class='ocrx_word' id='word_1_159' title='bbox 241 2383 431 2432; x_wconf 78' lang='lat' dir='ltr'>creaturarum</span> <span class='ocrx_word' id='word_1_160' title='bbox 445 2376 481 2431; x_wconf 91' lang='lat' dir='ltr'>ad</span> <span class='ocrx_word' id='word_1_161' title='bbox 493 2392 523 2431; x_wconf 91' lang='lat' dir='ltr'>se</span> <span class='ocrx_word' id='word_1_162' title='bbox 538 2378 650 2433; x_wconf 87' lang='lat' dir='ltr'>trahere</span> <span class='ocrx_word' id='word_1_163' title='bbox 664 2384 726 2448; x_wconf 91' lang='lat' dir='ltr'>pot-</span> 
     </span>
     <span class='ocr_line' id='line_1_31' title="bbox 146 2447 729 2517; baseline -0.002 -13"><span class='ocrx_word' id='word_1_164' title='bbox 146 2456 207 2504; x_wconf 92' lang='lat' dir='ltr'>erat</span> <span class='ocrx_word' id='word_1_165' title='bbox 221 2464 291 2517; x_wconf 88' lang='lat' dir='ltr'>quos</span> <span class='ocrx_word' id='word_1_166' title='bbox 310 2448 445 2504; x_wconf 77' lang='lat' dir='ltr'>colebat?</span> <span class='ocrx_word' id='word_1_167' title='bbox 461 2468 474 2499; x_wconf 84' lang='lat' dir='ltr'>n</span> <span class='ocrx_word' id='word_1_168' title='bbox 497 2447 547 2504; x_wconf 84' lang='lat' dir='ltr'>Ubi</span> <span class='ocrx_word' id='word_1_169' title='bbox 567 2456 593 2504; x_wconf 89' lang='lat' dir='ltr'>et</span> <span class='ocrx_word' id='word_1_170' title='bbox 614 2452 729 2517; x_wconf 78' lang='lat' dir='ltr'>Cbrpso-</span> 
     </span>
     <span class='ocr_line' id='line_1_32' title="bbox 144 2518 725 2575; baseline 0.002 -1"><span class='ocrx_word' id='word_1_171' title='bbox 144 2526 246 2575; x_wconf 87' lang='lat' dir='ltr'>stomus</span> <span class='ocrx_word' id='word_1_172' title='bbox 265 2537 271 2575; x_wconf 72' lang='grc' dir='ltr'>ε</span> <span class='ocrx_word' id='word_1_173' title='bbox 295 2542 309 2571; x_wconf 82' lang='lat' dir='ltr'>u</span> <span class='ocrx_word' id='word_1_174' title='bbox 326 2519 402 2575; x_wconf 85' lang='lat' dir='ltr'>Sient</span> <span class='ocrx_word' id='word_1_175' title='bbox 419 2518 509 2573; x_wconf 74' lang='lat' dir='ltr'>vidisti</span> <span class='ocrx_word' id='word_1_176' title='bbox 529 2520 656 2575; x_wconf 84' lang='lat' dir='ltr'>rorantis</span> <span class='ocrx_word' id='word_1_177' title='bbox 671 2520 725 2575; x_wconf 87' lang='lat' dir='ltr'>rir-</span> 
     </span>
     <span class='ocr_line' id='line_1_33' title="bbox 144 2590 724 2657; baseline 0.002 -11"><span class='ocrx_word' id='word_1_178' title='bbox 144 2590 724 2657; x_wconf 85' lang='lat' dir='ltr'>tutem‚itaaddisceroeatiobedientiam.</span> 
     </span>
     <span class='ocr_line' id='line_1_34' title="bbox 144 2662 724 2733; baseline 0 -16"><span class='ocrx_word' id='word_1_179' title='bbox 144 2663 240 2731; x_wconf 82' lang='lat' dir='ltr'>Neque</span> <span class='ocrx_word' id='word_1_180' title='bbox 256 2662 332 2716; x_wconf 91' lang='lat' dir='ltr'>onim</span> <span class='ocrx_word' id='word_1_181' title='bbox 348 2662 461 2731; x_wconf 87' lang='lat' dir='ltr'>restitit,</span> <span class='ocrx_word' id='word_1_182' title='bbox 476 2663 724 2733; x_wconf 79' lang='lat' dir='ltr'>nequeraeillarit,</span> 
     </span>
     <span class='ocr_line' id='line_1_35' title="bbox 142 2733 724 2805; baseline 0.007 -19"><span class='ocrx_word' id='word_1_183' title='bbox 142 2733 191 2786; x_wconf 91' lang='lat' dir='ltr'>sed</span> <span class='ocrx_word' id='word_1_184' title='bbox 207 2733 336 2802; x_wconf 87' lang='lat' dir='ltr'>protinus</span> <span class='ocrx_word' id='word_1_185' title='bbox 356 2733 467 2804; x_wconf 93' lang='lat' dir='ltr'>paruit;</span> <span class='ocrx_word' id='word_1_186' title='bbox 489 2739 517 2789; x_wconf 92' lang='lat' dir='ltr'>et</span> <span class='ocrx_word' id='word_1_187' title='bbox 542 2751 594 2789; x_wconf 91' lang='lat' dir='ltr'>nee</span> <span class='ocrx_word' id='word_1_188' title='bbox 611 2734 638 2789; x_wconf 95' lang='lat' dir='ltr'>in</span> <span class='ocrx_word' id='word_1_189' title='bbox 659 2751 724 2805; x_wconf 90' lang='lat' dir='ltr'>pro-</span> 
     </span>
     <span class='ocr_line' id='line_1_36' title="bbox 141 2801 726 2925; baseline 0.01 -71"><span class='ocrx_word' id='word_1_190' title='bbox 141 2801 232 2925; x_wconf 61' lang='lat' dir='ltr'>priam</span> <span class='ocrx_word' id='word_1_191' title='bbox 251 2803 365 2857; x_wconf 82' lang='lat' dir='ltr'>clunium</span> <span class='ocrx_word' id='word_1_192' title='bbox 385 2804 463 2859; x_wconf 92' lang='lat' dir='ltr'>abire</span> <span class='ocrx_word' id='word_1_193' title='bbox 482 2805 602 2875; x_wconf 80' lang='lat' dir='ltr'>rogarit,</span> <span class='ocrx_word' id='word_1_194' title='bbox 621 2812 652 2860; x_wconf 88' lang='grc' dir='ltr'>ιιι</span> <span class='ocrx_word' id='word_1_195' title='bbox 668 2806 726 2861; x_wconf 88' lang='lat' dir='ltr'>suis</span> 
     </span>
     <span class='ocr_line' id='line_1_37' title="bbox 162 2872 723 2943; baseline 0.012 -18"><span class='ocrx_word' id='word_1_196' title='bbox 162 2886 202 2925; x_wconf 81' lang='lat' dir='ltr'>aec</span> <span class='ocrx_word' id='word_1_197' title='bbox 219 2872 361 2928; x_wconf 88' lang='lat' dir='ltr'>intimaret</span> <span class='ocrx_word' id='word_1_198' title='bbox 378 2897 384 2928; x_wconf 93' lang='lat'>:</span> <span class='ocrx_word' id='word_1_199' title='bbox 402 2896 416 2922; x_wconf 78' lang='grc' dir='ltr'>ι)</span> <span class='ocrx_word' id='word_1_200' title='bbox 434 2875 493 2930; x_wconf 81' lang='lat' dir='ltr'>hmo</span> <span class='ocrx_word' id='word_1_201' title='bbox 509 2879 723 2943; x_wconf 79' lang='lat' dir='ltr'>t&#39;brpsostmnus.</span> 
     </span>
     <span class='ocr_line' id='line_1_38' title="bbox 178 2943 725 3007; baseline 0.013 -12"><span class='ocrx_word' id='word_1_202' title='bbox 178 2962 191 2995; x_wconf 75' lang='grc' dir='ltr'>ι</span> <span class='ocrx_word' id='word_1_203' title='bbox 208 2943 358 2997; x_wconf 75' lang='lat' dir='ltr'>Cosmrrcn</span> <span class='ocrx_word' id='word_1_204' title='bbox 372 2945 498 2999; x_wconf 78' lang='lat' dir='ltr'>ltnrrnm</span> <span class='ocrx_word' id='word_1_205' title='bbox 526 2963 661 3007; x_wconf 78' lang='lat' dir='ltr'>nesrsonr</span> <span class='ocrx_word' id='word_1_206' title='bbox 678 2966 725 3002; x_wconf 76' lang='lat' dir='ltr'>no</span> 
     </span>
     <span class='ocr_line' id='line_1_39' title="bbox 141 3017 725 3090; baseline 0.012 -25"><span class='ocrx_word' id='word_1_207' title='bbox 141 3026 221 3090; x_wconf 72' lang='lat' dir='ltr'>nanis</span> <span class='ocrx_word' id='word_1_208' title='bbox 247 3028 432 3067; x_wconf 81' lang='lat' dir='ltr'>srumrrcarro.</span> <span class='ocrx_word' id='word_1_209' title='bbox 461 3046 496 3056; x_wconf 93' lang='lat'>-</span> <span class='ocrx_word' id='word_1_210' title='bbox 524 3017 615 3071; x_wconf 74' lang='lat' dir='ltr'>Laetus</span> <span class='ocrx_word' id='word_1_211' title='bbox 639 3017 725 3086; x_wconf 74' lang='lat' dir='ltr'>igitur</span> 
     </span>
     <span class='ocr_line' id='line_1_40' title="bbox 140 3082 722 3156; baseline 0.01 -19"><span class='ocrx_word' id='word_1_212' title='bbox 140 3082 722 3156; x_wconf 74' lang='lat' dir='ltr'>DonnnumsequenS,etgratusenistens,</span> 
     </span>
     <span class='ocr_line' id='line_1_41' title="bbox 140 3152 723 3227; baseline 0.01 -18"><span class='ocrx_word' id='word_1_213' title='bbox 140 3167 204 3209; x_wconf 88' lang='lat' dir='ltr'>eum</span> <span class='ocrx_word' id='word_1_214' title='bbox 219 3159 247 3208; x_wconf 88' lang='lat' dir='ltr'>ct</span> <span class='ocrx_word' id='word_1_215' title='bbox 262 3152 413 3224; x_wconf 87' lang='lat' dir='ltr'>discipulos</span> <span class='ocrx_word' id='word_1_216' title='bbox 430 3154 518 3227; x_wconf 88' lang='lat' dir='ltr'>ipsius</span> <span class='ocrx_word' id='word_1_217' title='bbox 532 3157 561 3211; x_wconf 93' lang='lat' dir='ltr'>in</span> <span class='ocrx_word' id='word_1_218' title='bbox 572 3157 657 3213; x_wconf 86' lang='lat' dir='ltr'>donto</span> <span class='ocrx_word' id='word_1_219' title='bbox 673 3176 723 3215; x_wconf 85' lang='lat' dir='ltr'>sua</span> 
     </span>
     <span class='ocr_line' id='line_1_42' title="bbox 138 3224 722 3300; baseline 0.009 -19"><span class='ocrx_word' id='word_1_220' title='bbox 138 3224 255 3297; x_wconf 87' lang='lat' dir='ltr'>recepit,</span> <span class='ocrx_word' id='word_1_221' title='bbox 270 3230 298 3280; x_wconf 91' lang='lat' dir='ltr'>et</span> <span class='ocrx_word' id='word_1_222' title='bbox 312 3224 430 3281; x_wconf 79' lang='lat' dir='ltr'>convicii</span> <span class='ocrx_word' id='word_1_223' title='bbox 447 3227 540 3299; x_wconf 88' lang='lat' dir='ltr'>magni</span> <span class='ocrx_word' id='word_1_224' title='bbox 556 3236 722 3300; x_wconf 89' lang='lat' dir='ltr'>apparatum</span> 
     </span>
     <span class='ocr_line' id='line_1_43' title="bbox 136 3296 722 3368; baseline 0.007 -15"><span class='ocrx_word' id='word_1_225' title='bbox 136 3296 179 3354; x_wconf 90' lang='lat' dir='ltr'>eis</span> <span class='ocrx_word' id='word_1_226' title='bbox 193 3297 305 3354; x_wconf 81' lang='lat' dir='ltr'>exhibet</span> <span class='ocrx_word' id='word_1_227' title='bbox 320 3314 474 3368; x_wconf 85' lang='lat' dir='ltr'>congruam</span> <span class='ocrx_word' id='word_1_228' title='bbox 496 3300 617 3356; x_wconf 69' lang='lat' dir='ltr'>caelestis</span> <span class='ocrx_word' id='word_1_229' title='bbox 637 3303 722 3357; x_wconf 92' lang='lat' dir='ltr'>bene-</span> 
     </span>
     <span class='ocr_line' id='line_1_44' title="bbox 140 3368 723 3443; baseline 0.003 -18"><span class='ocrx_word' id='word_1_230' title='bbox 140 3368 197 3425; x_wconf 85' lang='lat' dir='ltr'>ficii</span> <span class='ocrx_word' id='word_1_231' title='bbox 213 3369 302 3425; x_wconf 83' lang='lat' dir='ltr'>ricem</span> <span class='ocrx_word' id='word_1_232' title='bbox 316 3369 427 3426; x_wconf 88' lang='lat' dir='ltr'>Christo</span> <span class='ocrx_word' id='word_1_233' title='bbox 449 3372 619 3443; x_wconf 87' lang='lat' dir='ltr'>rependens,</span> <span class='ocrx_word' id='word_1_234' title='bbox 634 3379 664 3428; x_wconf 90' lang='lat' dir='ltr'>nt</span> <span class='ocrx_word' id='word_1_235' title='bbox 682 3374 723 3429; x_wconf 92' lang='lat' dir='ltr'>illi</span> 
     </span>
     <span class='ocr_line' id='line_1_45' title="bbox 141 3441 724 3520; baseline 0.009 -25"><span class='ocrx_word' id='word_1_236' title='bbox 141 3441 273 3520; x_wconf 85' lang='lat' dir='ltr'>redderet</span> <span class='ocrx_word' id='word_1_237' title='bbox 289 3448 411 3510; x_wconf 89' lang='lat' dir='ltr'>terrena,</span> <span class='ocrx_word' id='word_1_238' title='bbox 426 3442 472 3513; x_wconf 89' lang='lat' dir='ltr'>qni</span> <span class='ocrx_word' id='word_1_239' title='bbox 491 3443 516 3498; x_wconf 90' lang='lat' dir='ltr'>ci</span> <span class='ocrx_word' id='word_1_240' title='bbox 531 3444 724 3500; x_wconf 70' lang='lat' dir='ltr'>seminaverat</span> 
     </span>
     <span class='ocr_line' id='line_1_46' title="bbox 141 3511 724 3589; baseline 0.01 -23"><span class='ocrx_word' id='word_1_241' title='bbox 141 3511 300 3581; x_wconf 79' lang='lat' dir='ltr'>spiritualia</span> <span class='ocrx_word' id='word_1_242' title='bbox 312 3530 318 3580; x_wconf 93' lang='lat'>;</span> <span class='ocrx_word' id='word_1_243' title='bbox 335 3519 364 3568; x_wconf 91' lang='lat' dir='ltr'>et</span> <span class='ocrx_word' id='word_1_244' title='bbox 376 3515 602 3570; x_wconf 78' lang='lat' dir='ltr'>accommodaret</span> <span class='ocrx_word' id='word_1_245' title='bbox 617 3522 724 3589; x_wconf 86' lang='lat' dir='ltr'>tompo-</span> 
     </span>
     <span class='ocr_line' id='line_1_47' title="bbox 141 3581 722 3660; baseline 0.015 -26"><span class='ocrx_word' id='word_1_246' title='bbox 141 3581 224 3647; x_wconf 85' lang='lat' dir='ltr'>ralra,</span> <span class='ocrx_word' id='word_1_247' title='bbox 237 3598 254 3636; x_wconf 89' lang='lat' dir='ltr'>a</span> <span class='ocrx_word' id='word_1_248' title='bbox 267 3598 322 3651; x_wconf 85' lang='lat' dir='ltr'>quo</span> <span class='ocrx_word' id='word_1_249' title='bbox 339 3587 518 3656; x_wconf 81' lang='lat' dir='ltr'>exspectabat</span> <span class='ocrx_word' id='word_1_250' title='bbox 532 3588 607 3642; x_wconf 92' lang='lat' dir='ltr'>bona</span> <span class='ocrx_word' id='word_1_251' title='bbox 621 3604 722 3660; x_wconf 90' lang='lat' dir='ltr'>perpe·</span> 
     </span>
     <span class='ocr_line' id='line_1_48' title="bbox 142 3654 722 3727; baseline 0.017 -23"><span class='ocrx_word' id='word_1_252' title='bbox 142 3654 202 3705; x_wconf 85' lang='lat' dir='ltr'>tua.</span> <span class='ocrx_word' id='word_1_253' title='bbox 217 3654 252 3705; x_wconf 72' lang='lat' dir='ltr'>Et</span> <span class='ocrx_word' id='word_1_254' title='bbox 269 3657 336 3718; x_wconf 75' lang='lat' dir='ltr'>[ecit</span> <span class='ocrx_word' id='word_1_255' title='bbox 362 3659 387 3709; x_wconf 83' lang='lat' dir='ltr'>ei</span> <span class='ocrx_word' id='word_1_256' title='bbox 410 3659 485 3724; x_wconf 83' lang='lat' dir='ltr'>Levi,</span> <span class='ocrx_word' id='word_1_257' title='bbox 501 3661 531 3711; x_wconf 86' lang='lat' dir='ltr'>iu</span> <span class='ocrx_word' id='word_1_258' title='bbox 557 3659 635 3713; x_wconf 83' lang='lat' dir='ltr'>doum</span> <span class='ocrx_word' id='word_1_259' title='bbox 661 3676 722 3727; x_wconf 83' lang='lat' dir='ltr'>suu,</span> 
     </span>
     <span class='ocr_line' id='line_1_49' title="bbox 143 3724 723 3804; baseline 0.012 -26"><span class='ocrx_word' id='word_1_260' title='bbox 143 3724 301 3804; x_wconf 75' lang='lat' dir='ltr'>coartatum</span> <span class='ocrx_word' id='word_1_261' title='bbox 325 3742 464 3797; x_wconf 71' lang='lat' dir='ltr'>maenum,</span> <span class='ocrx_word' id='word_1_262' title='bbox 480 3728 507 3783; x_wconf 93' lang='lat' dir='ltr'>id</span> <span class='ocrx_word' id='word_1_263' title='bbox 534 3734 586 3797; x_wconf 88' lang='lat' dir='ltr'>est,</span> <span class='ocrx_word' id='word_1_264' title='bbox 607 3746 639 3784; x_wconf 87' lang='lat' dir='ltr'>ex</span> <span class='ocrx_word' id='word_1_265' title='bbox 663 3746 723 3785; x_wconf 92' lang='lat' dir='ltr'>ma-</span> 
     </span>
     <span class='ocr_line' id='line_1_50' title="bbox 142 3792 722 3870; baseline 0.016 -23"><span class='ocrx_word' id='word_1_266' title='bbox 142 3807 199 3863; x_wconf 79' lang='lat' dir='ltr'>gna</span> <span class='ocrx_word' id='word_1_267' title='bbox 210 3792 359 3852; x_wconf 84' lang='lat' dir='ltr'>devotione</span> <span class='ocrx_word' id='word_1_268' title='bbox 370 3805 396 3852; x_wconf 93' lang='lat' dir='ltr'>ct</span> <span class='ocrx_word' id='word_1_269' title='bbox 407 3798 594 3855; x_wconf 87' lang='lat' dir='ltr'>delectatione</span> <span class='ocrx_word' id='word_1_270' title='bbox 608 3801 722 3870; x_wconf 77' lang='lat' dir='ltr'>neentis,</span> 
     </span>
     <span class='ocr_line' id='line_1_51' title="bbox 140 3866 723 3944; baseline 0.017 -26"><span class='ocrx_word' id='word_1_271' title='bbox 140 3866 330 3944; x_wconf 80' lang='lat' dir='ltr'>proadrentu</span> <span class='ocrx_word' id='word_1_272' title='bbox 356 3875 384 3922; x_wconf 91' lang='lat' dir='ltr'>et</span> <span class='ocrx_word' id='word_1_273' title='bbox 409 3870 560 3939; x_wconf 70' lang='lat' dir='ltr'>prementia</span> <span class='ocrx_word' id='word_1_274' title='bbox 585 3872 657 3927; x_wconf 91' lang='lat' dir='ltr'>tanti</span> <span class='ocrx_word' id='word_1_275' title='bbox 672 3874 723 3928; x_wconf 82' lang='lat' dir='ltr'>lio-</span> 
     </span>
     <span class='ocr_line' id='line_1_52' title="bbox 143 3940 724 4015; baseline 0.015 -26"><span class='ocrx_word' id='word_1_276' title='bbox 143 3940 235 4015; x_wconf 72' lang='lat' dir='ltr'>spitrs,</span> <span class='ocrx_word' id='word_1_277' title='bbox 251 3942 279 3990; x_wconf 90' lang='lat' dir='ltr'>et</span> <span class='ocrx_word' id='word_1_278' title='bbox 303 3942 360 3992; x_wconf 90' lang='lat' dir='ltr'>tam</span> <span class='ocrx_word' id='word_1_279' title='bbox 387 3955 520 3997; x_wconf 92' lang='lat' dir='ltr'>manum</span> <span class='ocrx_word' id='word_1_280' title='bbox 548 3948 577 3998; x_wconf 91' lang='lat' dir='ltr'>ut</span> <span class='ocrx_word' id='word_1_281' title='bbox 603 3944 639 3998; x_wconf 92' lang='lat' dir='ltr'>de</span> <span class='ocrx_word' id='word_1_282' title='bbox 662 3943 724 3999; x_wconf 90' lang='lat' dir='ltr'>reli·</span> 
     </span>
     <span class='ocr_line' id='line_1_53' title="bbox 143 3957 722 4087; baseline 0.014 -26"><span class='ocrx_word' id='word_1_283' title='bbox 143 4020 218 4087; x_wconf 76' lang='lat' dir='ltr'>qurrs</span> <span class='ocrx_word' id='word_1_284' title='bbox 241 4006 407 4065; x_wconf 87' lang='lat' dir='ltr'>reficiantur</span> <span class='ocrx_word' id='word_1_285' title='bbox 433 3957 532 4082; x_wconf 57' lang='lat' dir='ltr'>ingeli</span> <span class='ocrx_word' id='word_1_286' title='bbox 566 4014 595 4069; x_wconf 94' lang='lat' dir='ltr'>in</span> <span class='ocrx_word' id='word_1_287' title='bbox 622 4014 722 4083; x_wconf 82' lang='lat' dir='ltr'>coelis3</span> 
     </span>
     <span class='ocr_line' id='line_1_54' title="bbox 143 4078 725 4158; baseline 0.019 -27"><span class='ocrx_word' id='word_1_288' title='bbox 143 4092 208 4148; x_wconf 86' lang='lat' dir='ltr'>quia</span> <span class='ocrx_word' id='word_1_289' title='bbox 226 4078 361 4148; x_wconf 85' lang='lat' dir='ltr'>gaudium</span> <span class='ocrx_word' id='word_1_290' title='bbox 379 4085 421 4135; x_wconf 89' lang='lat' dir='ltr'>est</span> <span class='ocrx_word' id='word_1_291' title='bbox 434 4084 549 4154; x_wconf 78' lang='lat' dir='ltr'>Angelis</span> <span class='ocrx_word' id='word_1_292' title='bbox 569 4087 617 4140; x_wconf 86' lang='lat' dir='ltr'>Uei</span> <span class='ocrx_word' id='word_1_293' title='bbox 638 4102 725 4158; x_wconf 92' lang='lat' dir='ltr'>snper</span> 
     </span>
     <span class='ocr_line' id='line_1_55' title="bbox 142 4152 721 4232; baseline 0.017 -29"><span class='ocrx_word' id='word_1_294' title='bbox 142 4163 200 4203; x_wconf 92' lang='lat' dir='ltr'>uno</span> <span class='ocrx_word' id='word_1_295' title='bbox 224 4156 370 4221; x_wconf 86' lang='lat' dir='ltr'>peccatore</span> <span class='ocrx_word' id='word_1_296' title='bbox 394 4152 590 4232; x_wconf 85' lang='lat' dir='ltr'>poenitentiam</span> <span class='ocrx_word' id='word_1_297' title='bbox 611 4166 721 4227; x_wconf 87' lang='lat' dir='ltr'>agente.</span> 
     </span>
     <span class='ocr_line' id='line_1_56' title="bbox 142 4218 723 4297; baseline 0.019 -24"><span class='ocrx_word' id='word_1_298' title='bbox 142 4218 263 4278; x_wconf 78' lang='lat' dir='ltr'>athene</span> <span class='ocrx_word' id='word_1_299' title='bbox 284 4228 415 4293; x_wconf 77' lang='lat' dir='ltr'>congruit</span> <span class='ocrx_word' id='word_1_300' title='bbox 433 4225 510 4294; x_wconf 89' lang='lat' dir='ltr'>quod</span> <span class='ocrx_word' id='word_1_301' title='bbox 530 4241 664 4297; x_wconf 83' lang='lat' dir='ltr'>magnum</span> <span class='ocrx_word' id='word_1_302' title='bbox 680 4244 723 4284; x_wconf 88' lang='lat' dir='ltr'>es·</span> 
     </span>
    </p>
   </div>
   <div class='ocr_carea' id='block_1_3' title="bbox 80 4518 172 4576">
    <p class='ocr_par' dir='ltr' id='par_1_4' title="bbox 80 4518 172 4576">
     <span class='ocr_line' id='line_1_57' title="bbox 80 4518 172 4576; baseline 0 0"><span class='ocrx_word' id='word_1_303' title='bbox 80 4518 172 4576; x_wconf 50' lang='grc' dir='ltr'><strong>Κ</strong></span> 
     </span>
    </p>
   </div>
   <div class='ocr_carea' id='block_1_4' title="bbox 776 374 1385 4297">
    <p class='ocr_par' dir='ltr' id='par_1_5' title="bbox 781 374 1385 1960">
     <span class='ocr_line' id='line_1_58' title="bbox 781 374 1356 458; baseline -0.016 -18"><span class='ocrx_word' id='word_1_304' title='bbox 781 388 833 441; x_wconf 86' lang='lat' dir='ltr'>set.</span> <span class='ocrx_word' id='word_1_305' title='bbox 850 381 902 451; x_wconf 86' lang='lat' dir='ltr'>Qui</span> <span class='ocrx_word' id='word_1_306' title='bbox 918 382 1005 450; x_wconf 91' lang='lat' dir='ltr'>enim,</span> <span class='ocrx_word' id='word_1_307' title='bbox 1020 384 1053 437; x_wconf 88' lang='lat' dir='ltr'>ut</span> <span class='ocrx_word' id='word_1_308' title='bbox 1063 379 1105 436; x_wconf 87' lang='lat' dir='ltr'>ait</span> <span class='ocrx_word' id='word_1_309' title='bbox 1118 377 1296 458; x_wconf 73' lang='lat' dir='ltr'>Ambrosius,</span> <span class='ocrx_word' id='word_1_310' title='bbox 1313 374 1356 431; x_wconf 87' lang='lat' dir='ltr'>do·</span> 
     </span>
     <span class='ocr_line' id='line_1_59' title="bbox 782 449 1354 521; baseline -0.017 -10"><span class='ocrx_word' id='word_1_311' title='bbox 782 455 886 511; x_wconf 90' lang='lat' dir='ltr'>micilio</span> <span class='ocrx_word' id='word_1_312' title='bbox 911 453 1053 511; x_wconf 85' lang='lat' dir='ltr'>Christum</span> <span class='ocrx_word' id='word_1_313' title='bbox 1093 449 1198 521; x_wconf 81' lang='lat' dir='ltr'>recipit</span> <span class='ocrx_word' id='word_1_314' title='bbox 1229 452 1354 517; x_wconf 83' lang='lat' dir='ltr'>interno,</span> 
     </span>
     <span class='ocr_line' id='line_1_60' title="bbox 782 519 1375 583; baseline -0.013 -1"><span class='ocrx_word' id='word_1_315' title='bbox 782 525 910 583; x_wconf 79' lang='lat' dir='ltr'>maximis</span> <span class='ocrx_word' id='word_1_316' title='bbox 939 520 1177 581; x_wconf 85' lang='lat' dir='ltr'>delectationibus</span> <span class='ocrx_word' id='word_1_317' title='bbox 1213 519 1375 583; x_wconf 64' lang='lat' dir='ltr'>cremerae,</span> 
     </span>
     <span class='ocr_line' id='line_1_61' title="bbox 782 591 1351 671; baseline -0.016 -18"><span class='ocrx_word' id='word_1_318' title='bbox 782 599 851 654; x_wconf 91' lang='lat' dir='ltr'>tium</span> <span class='ocrx_word' id='word_1_319' title='bbox 866 596 992 669; x_wconf 89' lang='lat' dir='ltr'>pascitur</span> <span class='ocrx_word' id='word_1_320' title='bbox 1001 595 1188 666; x_wconf 88' lang='lat' dir='ltr'>voluptatum.</span> <span class='ocrx_word' id='word_1_321' title='bbox 1204 593 1298 670; x_wconf 81' lang='lat' dir='ltr'>ltaque</span> <span class='ocrx_word' id='word_1_322' title='bbox 1309 591 1351 671; x_wconf 80' lang='lat' dir='ltr'>be</span> 
     </span>
     <span class='ocr_line' id='line_1_62' title="bbox 782 664 1385 736; baseline -0.01 -12"><span class='ocrx_word' id='word_1_323' title='bbox 782 669 876 724; x_wconf 89' lang='lat' dir='ltr'>minus</span> <span class='ocrx_word' id='word_1_324' title='bbox 891 669 1013 724; x_wconf 90' lang='lat' dir='ltr'>libenter</span> <span class='ocrx_word' id='word_1_325' title='bbox 1026 664 1196 736; x_wconf 78' lang='lat' dir='ltr'>ingreditur,</span> <span class='ocrx_word' id='word_1_326' title='bbox 1214 667 1242 717; x_wconf 90' lang='lat' dir='ltr'>et</span> <span class='ocrx_word' id='word_1_327' title='bbox 1261 678 1287 716; x_wconf 95' lang='grc' dir='ltr'>ιιι</span> <span class='ocrx_word' id='word_1_328' title='bbox 1300 676 1349 733; x_wconf 75' lang='lat' dir='ltr'>epa</span> <span class='ocrx_word' id='word_1_329' title='bbox 1373 670 1385 729; x_wconf 62' lang='grc' dir='ltr'>ἕ,</span> 
     </span>
     <span class='ocr_line' id='line_1_63' title="bbox 781 736 1385 817; baseline -0.015 -20"><span class='ocrx_word' id='word_1_330' title='bbox 781 740 922 797; x_wconf 85' lang='lat' dir='ltr'>recumbit</span> <span class='ocrx_word' id='word_1_331' title='bbox 936 740 1049 796; x_wconf 86' lang='lat' dir='ltr'>allectu.</span> <span class='ocrx_word' id='word_1_332' title='bbox 1069 736 1121 793; x_wconf 88' lang='lat' dir='ltr'>Ubi</span> <span class='ocrx_word' id='word_1_333' title='bbox 1136 736 1346 817; x_wconf 68' lang='lat' dir='ltr'>dirysostomus:</span> <span class='ocrx_word' id='word_1_334' title='bbox 1379 750 1385 809; x_wconf 59' lang='grc' dir='ltr'>ι</span> 
     </span>
     <span class='ocr_line' id='line_1_64' title="bbox 783 806 1385 873; baseline -0.01 -4"><span class='ocrx_word' id='word_1_335' title='bbox 783 836 797 861; x_wconf 90' lang='lat'>«</span> <span class='ocrx_word' id='word_1_336' title='bbox 813 812 913 868; x_wconf 87' lang='lat' dir='ltr'>Statim</span> <span class='ocrx_word' id='word_1_337' title='bbox 923 817 953 866; x_wconf 91' lang='lat' dir='ltr'>ut</span> <span class='ocrx_word' id='word_1_338' title='bbox 967 810 1073 866; x_wconf 86' lang='lat' dir='ltr'>dictum</span> <span class='ocrx_word' id='word_1_339' title='bbox 1086 813 1130 864; x_wconf 89' lang='lat' dir='ltr'>est</span> <span class='ocrx_word' id='word_1_340' title='bbox 1144 806 1184 861; x_wconf 85' lang='lat' dir='ltr'>rllr</span> <span class='ocrx_word' id='word_1_341' title='bbox 1200 821 1219 861; x_wconf 89' lang='lat' dir='ltr'>a</span> <span class='ocrx_word' id='word_1_342' title='bbox 1235 807 1344 873; x_wconf 82' lang='lat' dir='ltr'>Domino,</span> <span class='ocrx_word' id='word_1_343' title='bbox 1379 812 1385 863; x_wconf 75' lang='grc' dir='ltr'>ι</span> 
     </span>
     <span class='ocr_line' id='line_1_65' title="bbox 782 882 1344 954; baseline -0.018 -15"><span class='ocrx_word' id='word_1_344' title='bbox 782 899 899 954; x_wconf 84' lang='lat' dir='ltr'>sequere</span> <span class='ocrx_word' id='word_1_345' title='bbox 919 898 975 950; x_wconf 91' lang='lat' dir='ltr'>me,</span> <span class='ocrx_word' id='word_1_346' title='bbox 999 897 1056 937; x_wconf 91' lang='grc' dir='ltr'><strong>ιιοιι</strong></span> <span class='ocrx_word' id='word_1_347' title='bbox 1078 884 1216 944; x_wconf 87' lang='lat' dir='ltr'>moratur,</span> <span class='ocrx_word' id='word_1_348' title='bbox 1236 892 1288 931; x_wconf 93' lang='lat' dir='ltr'>non</span> <span class='ocrx_word' id='word_1_349' title='bbox 1302 882 1344 931; x_wconf 85' lang='lat' dir='ltr'>tar·</span> 
     </span>
     <span class='ocr_line' id='line_1_66' title="bbox 782 950 1342 1023; baseline -0.014 -12"><span class='ocrx_word' id='word_1_350' title='bbox 782 955 840 1023; x_wconf 88' lang='lat' dir='ltr'>dat,</span> <span class='ocrx_word' id='word_1_351' title='bbox 866 955 915 1010; x_wconf 90' lang='lat' dir='ltr'>sed</span> <span class='ocrx_word' id='word_1_352' title='bbox 938 969 1002 1009; x_wconf 82' lang='lat' dir='ltr'>mox</span> <span class='ocrx_word' id='word_1_353' title='bbox 1025 966 1153 1021; x_wconf 80' lang='lat' dir='ltr'>surgens,</span> <span class='ocrx_word' id='word_1_354' title='bbox 1182 956 1288 1005; x_wconf 86' lang='lat' dir='ltr'>secutus</span> <span class='ocrx_word' id='word_1_355' title='bbox 1308 950 1342 1003; x_wconf 82' lang='lat' dir='ltr'>ert</span> 
     </span>
     <span class='ocr_line' id='line_1_67' title="bbox 782 1019 1339 1096; baseline -0.011 -15"><span class='ocrx_word' id='word_1_356' title='bbox 782 1041 856 1081; x_wconf 80' lang='lat' dir='ltr'>cerm.</span> <span class='ocrx_word' id='word_1_357' title='bbox 874 1029 904 1081; x_wconf 93' lang='lat' dir='ltr'>tn</span> <span class='ocrx_word' id='word_1_358' title='bbox 919 1041 974 1096; x_wconf 83' lang='lat' dir='ltr'>qno</span> <span class='ocrx_word' id='word_1_359' title='bbox 987 1040 1018 1080; x_wconf 89' lang='lat' dir='ltr'>se</span> <span class='ocrx_word' id='word_1_360' title='bbox 1032 1023 1147 1078; x_wconf 84' lang='lat' dir='ltr'>fidelem</span> <span class='ocrx_word' id='word_1_361' title='bbox 1162 1022 1219 1076; x_wconf 89' lang='lat' dir='ltr'>Deo</span> <span class='ocrx_word' id='word_1_362' title='bbox 1234 1025 1259 1075; x_wconf 91' lang='lat' dir='ltr'>et</span> <span class='ocrx_word' id='word_1_363' title='bbox 1270 1019 1339 1075; x_wconf 76' lang='lat' dir='ltr'>Abra·</span> 
     </span>
     <span class='ocr_line' id='line_1_68' title="bbox 783 1091 1337 1172; baseline -0.013 -19"><span class='ocrx_word' id='word_1_364' title='bbox 783 1099 826 1153; x_wconf 84' lang='lat' dir='ltr'>lue</span> <span class='ocrx_word' id='word_1_365' title='bbox 841 1097 930 1153; x_wconf 85' lang='lat' dir='ltr'>filium</span> <span class='ocrx_word' id='word_1_366' title='bbox 947 1111 1010 1152; x_wconf 88' lang='lat' dir='ltr'>esse</span> <span class='ocrx_word' id='word_1_367' title='bbox 1022 1093 1108 1150; x_wconf 92' lang='lat' dir='ltr'>simili</span> <span class='ocrx_word' id='word_1_368' title='bbox 1125 1091 1251 1172; x_wconf 82' lang='lat' dir='ltr'>exemplo</span> <span class='ocrx_word' id='word_1_369' title='bbox 1263 1104 1337 1146; x_wconf 78' lang='lat' dir='ltr'>romu</span> 
     </span>
     <span class='ocr_line' id='line_1_69' title="bbox 783 1162 1336 1241; baseline -0.014 -17"><span class='ocrx_word' id='word_1_370' title='bbox 783 1169 895 1224; x_wconf 82' lang='lat' dir='ltr'>llomini</span> <span class='ocrx_word' id='word_1_371' title='bbox 926 1170 1069 1238; x_wconf 89' lang='lat' dir='ltr'>sequendo</span> <span class='ocrx_word' id='word_1_372' title='bbox 1099 1164 1256 1234; x_wconf 83' lang='lat' dir='ltr'>probarit:</span> <span class='ocrx_word' id='word_1_373' title='bbox 1280 1162 1336 1241; x_wconf 79' lang='lat' dir='ltr'>unde</span> 
     </span>
     <span class='ocr_line' id='line_1_70' title="bbox 783 1234 1334 1315; baseline -0.007 -22"><span class='ocrx_word' id='word_1_374' title='bbox 783 1239 889 1307; x_wconf 89' lang='lat' dir='ltr'>statim,</span> <span class='ocrx_word' id='word_1_375' title='bbox 907 1238 1035 1310; x_wconf 78' lang='lat' dir='ltr'>exemplo</span> <span class='ocrx_word' id='word_1_376' title='bbox 1047 1236 1182 1302; x_wconf 74' lang='lat' dir='ltr'>abrahe,</span> <span class='ocrx_word' id='word_1_377' title='bbox 1199 1240 1226 1315; x_wconf 79' lang='lat' dir='ltr'>et</span> <span class='ocrx_word' id='word_1_378' title='bbox 1240 1234 1334 1314; x_wconf 77' lang='lat' dir='ltr'>bospitio</span> 
     </span>
     <span class='ocr_line' id='line_1_71' title="bbox 784 1308 1334 1384; baseline -0.011 -19"><span class='ocrx_word' id='word_1_379' title='bbox 784 1311 933 1366; x_wconf 81' lang='lat' dir='ltr'>Dominum</span> <span class='ocrx_word' id='word_1_380' title='bbox 958 1308 1069 1380; x_wconf 84' lang='lat' dir='ltr'>recipit,</span> <span class='ocrx_word' id='word_1_381' title='bbox 1092 1312 1121 1363; x_wconf 90' lang='lat' dir='ltr'>et</span> <span class='ocrx_word' id='word_1_382' title='bbox 1145 1320 1290 1384; x_wconf 79' lang='lat' dir='ltr'>convicium</span> <span class='ocrx_word' id='word_1_383' title='bbox 1303 1318 1334 1359; x_wconf 84' lang='lat' dir='ltr'>ex·</span> 
     </span>
     <span class='ocr_line' id='line_1_72' title="bbox 783 1376 1332 1450; baseline -0.016 -13"><span class='ocrx_word' id='word_1_384' title='bbox 783 1383 871 1449; x_wconf 87' lang='lat' dir='ltr'>hibet,</span> <span class='ocrx_word' id='word_1_385' title='bbox 904 1387 935 1438; x_wconf 92' lang='lat' dir='ltr'>nt</span> <span class='ocrx_word' id='word_1_386' title='bbox 962 1396 1028 1436; x_wconf 85' lang='lat' dir='ltr'>rere</span> <span class='ocrx_word' id='word_1_387' title='bbox 1054 1394 1105 1450; x_wconf 93' lang='lat' dir='ltr'>per</span> <span class='ocrx_word' id='word_1_388' title='bbox 1135 1378 1231 1433; x_wconf 91' lang='lat' dir='ltr'>omnia</span> <span class='ocrx_word' id='word_1_389' title='bbox 1256 1376 1332 1445; x_wconf 79' lang='lat' dir='ltr'>digere</span> 
     </span>
     <span class='ocr_line' id='line_1_73' title="bbox 782 1447 1332 1508; baseline -0.015 0"><span class='ocrx_word' id='word_1_390' title='bbox 782 1454 903 1508; x_wconf 82' lang='lat' dir='ltr'>ntnana</span> <span class='ocrx_word' id='word_1_391' title='bbox 928 1452 1003 1507; x_wconf 86' lang='lat' dir='ltr'>tilius</span> <span class='ocrx_word' id='word_1_392' title='bbox 1029 1455 1196 1507; x_wconf 89' lang='lat' dir='ltr'>nosceretur</span> <span class='ocrx_word' id='word_1_393' title='bbox 1222 1464 1230 1502; x_wconf 89' lang='lat'>:</span> <span class='ocrx_word' id='word_1_394' title='bbox 1255 1468 1267 1495; x_wconf 80' lang='lat' dir='ltr'>n</span> <span class='ocrx_word' id='word_1_395' title='bbox 1290 1447 1332 1501; x_wconf 81' lang='lat' dir='ltr'>bat</span> 
     </span>
     <span class='ocr_line' id='line_1_74' title="bbox 783 1516 1331 1596; baseline -0.018 -15"><span class='ocrx_word' id='word_1_396' title='bbox 783 1528 999 1594; x_wconf 75' lang='lat' dir='ltr'>Clirysostomus</span> <span class='ocrx_word' id='word_1_397' title='bbox 1013 1552 1047 1563; x_wconf 94' lang='lat'>-</span> <span class='ocrx_word' id='word_1_398' title='bbox 1063 1520 1191 1593; x_wconf 74' lang='lat' dir='ltr'>llystice,</span> <span class='ocrx_word' id='word_1_399' title='bbox 1205 1516 1270 1573; x_wconf 88' lang='lat' dir='ltr'>sicut</span> <span class='ocrx_word' id='word_1_400' title='bbox 1281 1518 1331 1596; x_wconf 74' lang='lat' dir='ltr'>llat-</span> 
     </span>
     <span class='ocr_line' id='line_1_75' title="bbox 782 1586 1331 1667; baseline -0.016 -17"><span class='ocrx_word' id='word_1_401' title='bbox 782 1597 874 1651; x_wconf 60' lang='lat' dir='ltr'>thaeus</span> <span class='ocrx_word' id='word_1_402' title='bbox 890 1601 954 1667; x_wconf 93' lang='lat' dir='ltr'>post</span> <span class='ocrx_word' id='word_1_403' title='bbox 975 1609 1054 1649; x_wconf 89' lang='lat' dir='ltr'>suam</span> <span class='ocrx_word' id='word_1_404' title='bbox 1071 1586 1331 1667; x_wconf 71' lang='lat' dir='ltr'>couversionemleut</span> 
     </span>
     <span class='ocr_line' id='line_1_76' title="bbox 782 1663 1331 1724; baseline -0.02 0"><span class='ocrx_word' id='word_1_405' title='bbox 782 1668 893 1724; x_wconf 84' lang='lat' dir='ltr'>Christo</span> <span class='ocrx_word' id='word_1_406' title='bbox 908 1664 1066 1722; x_wconf 79' lang='lat' dir='ltr'>convivium</span> <span class='ocrx_word' id='word_1_407' title='bbox 1082 1663 1112 1718; x_wconf 92' lang='lat' dir='ltr'>in</span> <span class='ocrx_word' id='word_1_408' title='bbox 1129 1663 1213 1718; x_wconf 83' lang='lat' dir='ltr'>clomo</span> <span class='ocrx_word' id='word_1_409' title='bbox 1231 1672 1331 1715; x_wconf 76' lang='lat' dir='ltr'>suatur</span> 
     </span>
     <span class='ocr_line' id='line_1_77' title="bbox 782 1729 1331 1813; baseline -0.013 -22"><span class='ocrx_word' id='word_1_410' title='bbox 782 1738 899 1809; x_wconf 81' lang='lat' dir='ltr'>quilibet</span> <span class='ocrx_word' id='word_1_411' title='bbox 913 1752 1065 1792; x_wconf 77' lang='lat' dir='ltr'>conversus</span> <span class='ocrx_word' id='word_1_412' title='bbox 1079 1735 1117 1791; x_wconf 89' lang='lat' dir='ltr'>ad</span> <span class='ocrx_word' id='word_1_413' title='bbox 1127 1733 1261 1813; x_wconf 77' lang='lat' dir='ltr'>Christum</span> <span class='ocrx_word' id='word_1_414' title='bbox 1272 1729 1331 1809; x_wconf 76' lang='lat' dir='ltr'>debet</span> 
     </span>
     <span class='ocr_line' id='line_1_78' title="bbox 782 1801 1331 1875; baseline -0.016 -11"><span class='ocrx_word' id='word_1_415' title='bbox 782 1810 834 1865; x_wconf 88' lang='lat' dir='ltr'>sibi</span> <span class='ocrx_word' id='word_1_416' title='bbox 862 1810 955 1864; x_wconf 88' lang='lat' dir='ltr'>lacere</span> <span class='ocrx_word' id='word_1_417' title='bbox 975 1806 1133 1863; x_wconf 83' lang='lat' dir='ltr'>corrrivinnt</span> <span class='ocrx_word' id='word_1_418' title='bbox 1162 1801 1331 1875; x_wconf 70' lang='lat' dir='ltr'>spiritualem</span> 
     </span>
     <span class='ocr_line' id='line_1_79' title="bbox 781 1869 1331 1960; baseline -0.022 -23"><span class='ocrx_word' id='word_1_419' title='bbox 781 1881 865 1936; x_wconf 93' lang='lat' dir='ltr'>domo</span> <span class='ocrx_word' id='word_1_420' title='bbox 881 1896 932 1935; x_wconf 88' lang='lat' dir='ltr'>sna</span> <span class='ocrx_word' id='word_1_421' title='bbox 951 1878 1101 1960; x_wconf 85' lang='lat' dir='ltr'>spirituali,</span> <span class='ocrx_word' id='word_1_422' title='bbox 1117 1876 1222 1931; x_wconf 90' lang='lat' dir='ltr'>scilicet</span> <span class='ocrx_word' id='word_1_423' title='bbox 1233 1874 1260 1928; x_wconf 92' lang='grc' dir='ltr'>ιιι</span> <span class='ocrx_word' id='word_1_424' title='bbox 1272 1869 1331 1927; x_wconf 79' lang='lat' dir='ltr'>corde</span> 
     </span>
    </p>

    <p class='ocr_par' dir='ltr' id='par_1_6' title="bbox 780 1940 1332 2306">
     <span class='ocr_line' id='line_1_80' title="bbox 780 1940 1331 2025; baseline -0.02 -18"><span class='ocrx_word' id='word_1_425' title='bbox 780 1958 808 2007; x_wconf 88' lang='lat' dir='ltr'>et</span> <span class='ocrx_word' id='word_1_426' title='bbox 822 1951 1002 2018; x_wconf 80' lang='lat' dir='ltr'>coriscientra,</span> <span class='ocrx_word' id='word_1_427' title='bbox 1013 1949 1058 2005; x_wconf 93' lang='lat' dir='ltr'>ubi</span> <span class='ocrx_word' id='word_1_428' title='bbox 1075 1946 1181 2004; x_wconf 79' lang='lat' dir='ltr'>servire</span> <span class='ocrx_word' id='word_1_429' title='bbox 1195 1946 1219 2002; x_wconf 91' lang='lat' dir='ltr'>oi</span> <span class='ocrx_word' id='word_1_430' title='bbox 1234 1940 1331 2025; x_wconf 79' lang='lat' dir='ltr'>debetdr</span> 
     </span>
     <span class='ocr_line' id='line_1_81' title="bbox 781 2016 1331 2098; baseline -0.022 -20"><span class='ocrx_word' id='word_1_431' title='bbox 781 2023 886 2079; x_wconf 83' lang='lat' dir='ltr'>sanctis</span> <span class='ocrx_word' id='word_1_432' title='bbox 915 2019 1151 2093; x_wconf 84' lang='lat' dir='ltr'>cogitationibus,</span> <span class='ocrx_word' id='word_1_433' title='bbox 1178 2016 1331 2098; x_wconf 77' lang='lat' dir='ltr'>meditationi</span> 
     </span>
     <span class='ocr_line' id='line_1_82' title="bbox 781 2089 1332 2166; baseline -0.022 -16"><span class='ocrx_word' id='word_1_434' title='bbox 781 2096 833 2150; x_wconf 91' lang='lat' dir='ltr'>bus</span> <span class='ocrx_word' id='word_1_435' title='bbox 848 2101 875 2149; x_wconf 93' lang='lat' dir='ltr'>ct</span> <span class='ocrx_word' id='word_1_436' title='bbox 895 2091 1099 2150; x_wconf 80' lang='lat' dir='ltr'>allectionibus.</span> <span class='ocrx_word' id='word_1_437' title='bbox 1116 2089 1195 2145; x_wconf 88' lang='lat' dir='ltr'>Unde</span> <span class='ocrx_word' id='word_1_438' title='bbox 1210 2105 1238 2143; x_wconf 93' lang='lat' dir='ltr'>m</span> <span class='ocrx_word' id='word_1_439' title='bbox 1253 2091 1332 2166; x_wconf 64' lang='lat' dir='ltr'>Apate</span> 
     </span>
     <span class='ocr_line' id='line_1_83' title="bbox 781 2160 1332 2237; baseline -0.022 -17"><span class='ocrx_word' id='word_1_440' title='bbox 781 2165 851 2237; x_wconf 74' lang='lat' dir='ltr'>lypsi</span> <span class='ocrx_word' id='word_1_441' title='bbox 869 2182 875 2220; x_wconf 92' lang='lat'>:</span> <span class='ocrx_word' id='word_1_442' title='bbox 892 2170 949 2234; x_wconf 76' lang='lat' dir='ltr'>Epo</span> <span class='ocrx_word' id='word_1_443' title='bbox 965 2169 1006 2218; x_wconf 89' lang='lat' dir='ltr'>sto</span> <span class='ocrx_word' id='word_1_444' title='bbox 1023 2163 1060 2217; x_wconf 86' lang='lat' dir='ltr'>ud</span> <span class='ocrx_word' id='word_1_445' title='bbox 1073 2164 1174 2217; x_wconf 81' lang='lat' dir='ltr'>ostirun</span> <span class='ocrx_word' id='word_1_446' title='bbox 1184 2165 1209 2213; x_wconf 82' lang='lat' dir='ltr'>et</span> <span class='ocrx_word' id='word_1_447' title='bbox 1221 2160 1289 2230; x_wconf 82' lang='lat' dir='ltr'>pulso</span> <span class='ocrx_word' id='word_1_448' title='bbox 1300 2168 1332 2209; x_wconf 83' lang='lat' dir='ltr'>:a</span> 
     </span>
     <span class='ocr_line' id='line_1_84' title="bbox 781 2229 1332 2306; baseline -0.015 -17"><span class='ocrx_word' id='word_1_449' title='bbox 781 2241 843 2306; x_wconf 84' lang='lat' dir='ltr'>quis</span> <span class='ocrx_word' id='word_1_450' title='bbox 856 2241 994 2306; x_wconf 77' lang='lat' dir='ltr'>aperuerit</span> <span class='ocrx_word' id='word_1_451' title='bbox 1010 2236 1089 2295; x_wconf 82' lang='lat' dir='ltr'>miti,</span> <span class='ocrx_word' id='word_1_452' title='bbox 1104 2232 1222 2287; x_wconf 82' lang='lat' dir='ltr'>introibo</span> <span class='ocrx_word' id='word_1_453' title='bbox 1239 2229 1272 2283; x_wconf 86' lang='lat' dir='ltr'>ud</span> <span class='ocrx_word' id='word_1_454' title='bbox 1283 2240 1332 2288; x_wconf 80' lang='lat' dir='ltr'>cett,</span> 
     </span>
    </p>

    <p class='ocr_par' dir='ltr' id='par_1_7' title="bbox 780 2307 1283 2374">
     <span class='ocr_line' id='line_1_85' title="bbox 780 2307 1283 2374; baseline -0.014 -11"><span class='ocrx_word' id='word_1_455' title='bbox 780 2314 806 2363; x_wconf 85' lang='lat' dir='ltr'>et</span> <span class='ocrx_word' id='word_1_456' title='bbox 819 2310 926 2362; x_wconf 74' lang='lat' dir='ltr'>carzeto</span> <span class='ocrx_word' id='word_1_457' title='bbox 942 2323 1001 2362; x_wconf 81' lang='lat' dir='ltr'>carm</span> <span class='ocrx_word' id='word_1_458' title='bbox 1015 2323 1054 2368; x_wconf 88' lang='lat' dir='ltr'>co,</span> <span class='ocrx_word' id='word_1_459' title='bbox 1067 2311 1093 2360; x_wconf 91' lang='lat' dir='ltr'>et</span> <span class='ocrx_word' id='word_1_460' title='bbox 1106 2307 1165 2374; x_wconf 83' lang='lat' dir='ltr'>ipsc</span> <span class='ocrx_word' id='word_1_461' title='bbox 1181 2317 1283 2356; x_wconf 77' lang='lat' dir='ltr'>raecum.</span> 
     </span>
    </p>

    <p class='ocr_par' dir='ltr' id='par_1_8' title="bbox 776 2376 1364 4297">
     <span class='ocr_line' id='line_1_86' title="bbox 816 2376 1334 2434; baseline -0.023 0"><span class='ocrx_word' id='word_1_462' title='bbox 816 2383 832 2433; x_wconf 82' lang='lat'>5</span> <span class='ocrx_word' id='word_1_463' title='bbox 847 2381 870 2433; x_wconf 87' lang='lat' dir='ltr'>bl</span> <span class='ocrx_word' id='word_1_464' title='bbox 876 2396 935 2434; x_wconf 80' lang='lat' dir='ltr'>rnrr</span> <span class='ocrx_word' id='word_1_465' title='bbox 951 2394 1091 2433; x_wconf 76' lang='lat' dir='ltr'>renuetur</span> <span class='ocrx_word' id='word_1_466' title='bbox 1109 2393 1162 2431; x_wconf 81' lang='lat' dir='ltr'>cun</span> <span class='ocrx_word' id='word_1_467' title='bbox 1172 2376 1282 2430; x_wconf 81' lang='lat' dir='ltr'>Cunrsro</span> <span class='ocrx_word' id='word_1_468' title='bbox 1296 2383 1334 2423; x_wconf 88' lang='lat' dir='ltr'>ns·</span> 
     </span>
     <span class='ocr_line' id='line_1_87' title="bbox 781 2445 1337 2520; baseline -0.013 -17"><span class='ocrx_word' id='word_1_469' title='bbox 781 2467 913 2506; x_wconf 76' lang='lat' dir='ltr'>eennesr.</span> <span class='ocrx_word' id='word_1_470' title='bbox 932 2453 1018 2505; x_wconf 84' lang='lat' dir='ltr'>—Et</span> <span class='ocrx_word' id='word_1_471' title='bbox 1046 2451 1152 2516; x_wconf 73' lang='lat' dir='ltr'>lercium</span> <span class='ocrx_word' id='word_1_472' title='bbox 1177 2452 1226 2509; x_wconf 83' lang='lat' dir='ltr'>est,</span> <span class='ocrx_word' id='word_1_473' title='bbox 1245 2445 1337 2520; x_wconf 57' lang='lat' dir='ltr'>discum</span> 
     </span>
     <span class='ocr_line' id='line_1_88' title="bbox 782 2516 1337 2587; baseline -0.014 -13"><span class='ocrx_word' id='word_1_474' title='bbox 782 2522 858 2576; x_wconf 82' lang='lat' dir='ltr'>brute</span> <span class='ocrx_word' id='word_1_475' title='bbox 870 2538 899 2577; x_wconf 87' lang='lat' dir='ltr'>eo</span> <span class='ocrx_word' id='word_1_476' title='bbox 913 2524 941 2576; x_wconf 85' lang='lat' dir='ltr'>in</span> <span class='ocrx_word' id='word_1_477' title='bbox 956 2522 1044 2584; x_wconf 85' lang='lat' dir='ltr'>durno,</span> <span class='ocrx_word' id='word_1_478' title='bbox 1059 2535 1118 2574; x_wconf 89' lang='lat' dir='ltr'>ecce</span> <span class='ocrx_word' id='word_1_479' title='bbox 1128 2520 1211 2573; x_wconf 80' lang='grc' dir='ltr'><strong>ιιιιιιιι</strong></span> <span class='ocrx_word' id='word_1_480' title='bbox 1222 2516 1337 2587; x_wconf 67' lang='lat' dir='ltr'>puerilitate</span> 
     </span>
     <span class='ocr_line' id='line_1_89' title="bbox 780 2580 1339 2668; baseline -0.016 -21"><span class='ocrx_word' id='word_1_481' title='bbox 780 2600 805 2646; x_wconf 89' lang='lat' dir='ltr'>et</span> <span class='ocrx_word' id='word_1_482' title='bbox 817 2599 981 2663; x_wconf 86' lang='lat' dir='ltr'>peccatores,</span> <span class='ocrx_word' id='word_1_483' title='bbox 997 2608 1030 2647; x_wconf 89' lang='lat' dir='ltr'>ac</span> <span class='ocrx_word' id='word_1_484' title='bbox 1050 2589 1136 2646; x_wconf 89' lang='lat' dir='ltr'>ceteri</span> <span class='ocrx_word' id='word_1_485' title='bbox 1152 2590 1274 2668; x_wconf 81' lang='lat' dir='ltr'>ejusdem</span> <span class='ocrx_word' id='word_1_486' title='bbox 1286 2580 1339 2640; x_wconf 74' lang='lat' dir='ltr'>orde</span> 
     </span>
     <span class='ocr_line' id='line_1_90' title="bbox 781 2662 1339 2731; baseline -0.014 -13"><span class='ocrx_word' id='word_1_487' title='bbox 781 2663 824 2718; x_wconf 88' lang='lat' dir='ltr'>nis</span> <span class='ocrx_word' id='word_1_488' title='bbox 837 2664 978 2731; x_wconf 84' lang='lat' dir='ltr'>homines,</span> <span class='ocrx_word' id='word_1_489' title='bbox 991 2662 1057 2718; x_wconf 90' lang='lat' dir='ltr'>illuc</span> <span class='ocrx_word' id='word_1_490' title='bbox 1078 2662 1114 2717; x_wconf 91' lang='lat' dir='ltr'>ad</span> <span class='ocrx_word' id='word_1_491' title='bbox 1142 2667 1339 2715; x_wconf 65' lang='lat' dir='ltr'>consummer</span> 
     </span>
     <span class='ocr_line' id='line_1_91' title="bbox 779 2726 1341 2802; baseline -0.014 -13"><span class='ocrx_word' id='word_1_492' title='bbox 779 2742 901 2797; x_wconf 86' lang='lat' dir='ltr'>mentes,</span> <span class='ocrx_word' id='word_1_493' title='bbox 929 2734 1134 2789; x_wconf 85' lang='lat' dir='ltr'>discumbebant</span> <span class='ocrx_word' id='word_1_494' title='bbox 1167 2748 1227 2787; x_wconf 82' lang='lat' dir='ltr'>crim</span> <span class='ocrx_word' id='word_1_495' title='bbox 1252 2726 1341 2802; x_wconf 62' lang='lat' dir='ltr'>Jecur}</span> 
     </span>
     <span class='ocr_line' id='line_1_92' title="bbox 779 2801 1342 2876; baseline -0.009 -17"><span class='ocrx_word' id='word_1_496' title='bbox 779 2808 860 2861; x_wconf 72' lang='lat' dir='ltr'>discit</span> <span class='ocrx_word' id='word_1_497' title='bbox 871 2809 926 2861; x_wconf 83' lang='lat' dir='ltr'>ulis</span> <span class='ocrx_word' id='word_1_498' title='bbox 954 2806 1023 2874; x_wconf 77' lang='lat' dir='ltr'>ejus.</span> <span class='ocrx_word' id='word_1_499' title='bbox 1055 2806 1179 2860; x_wconf 81' lang='lat' dir='ltr'>Fuerant</span> <span class='ocrx_word' id='word_1_500' title='bbox 1199 2801 1273 2857; x_wconf 86' lang='lat' dir='ltr'>enim</span> <span class='ocrx_word' id='word_1_501' title='bbox 1293 2808 1342 2876; x_wconf 63' lang='lat' dir='ltr'>sore</span> 
     </span>
     <span class='ocr_line' id='line_1_93' title="bbox 779 2870 1342 2947; baseline -0.016 -16"><span class='ocrx_word' id='word_1_502' title='bbox 779 2877 915 2945; x_wconf 86' lang='lat' dir='ltr'>ltattluei,</span> <span class='ocrx_word' id='word_1_503' title='bbox 931 2883 959 2933; x_wconf 90' lang='lat' dir='ltr'>et</span> <span class='ocrx_word' id='word_1_504' title='bbox 974 2877 1102 2947; x_wconf 84' lang='lat' dir='ltr'>ejusdcm</span> <span class='ocrx_word' id='word_1_505' title='bbox 1115 2874 1188 2931; x_wconf 88' lang='lat' dir='ltr'>artis</span> <span class='ocrx_word' id='word_1_506' title='bbox 1200 2890 1249 2927; x_wconf 86' lang='lat' dir='ltr'>seu</span> <span class='ocrx_word' id='word_1_507' title='bbox 1263 2870 1342 2930; x_wconf 74' lang='lat' dir='ltr'>edictu</span> 
     </span>
     <span class='ocr_line' id='line_1_94' title="bbox 778 2943 1345 3022; baseline -0.018 -19"><span class='ocrx_word' id='word_1_508' title='bbox 778 2954 809 3004; x_wconf 92' lang='lat' dir='ltr'>et</span> <span class='ocrx_word' id='word_1_509' title='bbox 827 2948 890 3003; x_wconf 92' lang='lat' dir='ltr'>ideo</span> <span class='ocrx_word' id='word_1_510' title='bbox 906 2949 1042 3003; x_wconf 85' lang='lat' dir='ltr'>recedens</span> <span class='ocrx_word' id='word_1_511' title='bbox 1056 2948 1092 3003; x_wconf 92' lang='lat' dir='ltr'>ab</span> <span class='ocrx_word' id='word_1_512' title='bbox 1108 2947 1150 3002; x_wconf 89' lang='lat' dir='ltr'>eis</span> <span class='ocrx_word' id='word_1_513' title='bbox 1170 2952 1200 3000; x_wconf 90' lang='lat' dir='ltr'>et</span> <span class='ocrx_word' id='word_1_514' title='bbox 1215 2943 1345 3022; x_wconf 34' lang='lat' dir='ltr'>veleri-sse·</span> 
     </span>
     <span class='ocr_line' id='line_1_95' title="bbox 778 3015 1345 3094; baseline -0.014 -17"><span class='ocrx_word' id='word_1_515' title='bbox 778 3019 825 3089; x_wconf 88' lang='lat' dir='ltr'>qni</span> <span class='ocrx_word' id='word_1_516' title='bbox 854 3019 1013 3085; x_wconf 81' lang='lat' dir='ltr'>Christum,</span> <span class='ocrx_word' id='word_1_517' title='bbox 1040 3017 1106 3074; x_wconf 87' lang='lat' dir='ltr'>lecit</span> <span class='ocrx_word' id='word_1_518' title='bbox 1132 3015 1176 3072; x_wconf 89' lang='lat' dir='ltr'>eis</span> <span class='ocrx_word' id='word_1_519' title='bbox 1195 3023 1345 3094; x_wconf 72' lang='lat' dir='ltr'>conensem,</span> 
     </span>
     <span class='ocr_line' id='line_1_96' title="bbox 778 3086 1348 3151; baseline -0.019 -6"><span class='ocrx_word' id='word_1_520' title='bbox 778 3091 850 3146; x_wconf 86' lang='lat' dir='ltr'>sient</span> <span class='ocrx_word' id='word_1_521' title='bbox 878 3091 943 3146; x_wconf 88' lang='lat' dir='ltr'>tecit</span> <span class='ocrx_word' id='word_1_522' title='bbox 974 3089 1089 3145; x_wconf 82' lang='lat' dir='ltr'>Ulisaeus</span> <span class='ocrx_word' id='word_1_523' title='bbox 1115 3086 1201 3143; x_wconf 87' lang='lat' dir='ltr'>sociis</span> <span class='ocrx_word' id='word_1_524' title='bbox 1228 3101 1299 3151; x_wconf 85' lang='lat' dir='ltr'>suis,</span> <span class='ocrx_word' id='word_1_525' title='bbox 1316 3094 1348 3134; x_wconf 84' lang='lat' dir='ltr'>re</span> 
     </span>
     <span class='ocr_line' id='line_1_97' title="bbox 778 3159 1348 3233; baseline -0.012 -17"><span class='ocrx_word' id='word_1_526' title='bbox 778 3162 838 3217; x_wconf 90' lang='lat' dir='ltr'>lens</span> <span class='ocrx_word' id='word_1_527' title='bbox 861 3161 940 3232; x_wconf 83' lang='lat' dir='ltr'>sequi</span> <span class='ocrx_word' id='word_1_528' title='bbox 963 3161 1051 3216; x_wconf 86' lang='lat' dir='ltr'>Etiam</span> <span class='ocrx_word' id='word_1_529' title='bbox 1071 3159 1241 3229; x_wconf 84' lang='lat' dir='ltr'>magistrum</span> <span class='ocrx_word' id='word_1_530' title='bbox 1273 3166 1348 3233; x_wconf 73' lang='lat' dir='ltr'>sueq-</span> 
     </span>
     <span class='ocr_line' id='line_1_98' title="bbox 778 3222 1350 3301; baseline -0.016 -13"><span class='ocrx_word' id='word_1_531' title='bbox 778 3236 864 3288; x_wconf 87' lang='lat' dir='ltr'>Erant</span> <span class='ocrx_word' id='word_1_532' title='bbox 887 3244 972 3288; x_wconf 85' lang='lat' dir='ltr'>etiam</span> <span class='ocrx_word' id='word_1_533' title='bbox 1002 3230 1082 3287; x_wconf 90' lang='lat' dir='ltr'>multi</span> <span class='ocrx_word' id='word_1_534' title='bbox 1116 3237 1280 3301; x_wconf 87' lang='lat' dir='ltr'>peccatores</span> <span class='ocrx_word' id='word_1_535' title='bbox 1305 3222 1350 3287; x_wconf 83' lang='lat' dir='ltr'>ald,</span> 
     </span>
     <span class='ocr_line' id='line_1_99' title="bbox 777 3301 1350 3375; baseline -0.016 -16"><span class='ocrx_word' id='word_1_536' title='bbox 777 3304 826 3373; x_wconf 90' lang='lat' dir='ltr'>qni</span> <span class='ocrx_word' id='word_1_537' title='bbox 862 3305 921 3375; x_wconf 78' lang='lat' dir='ltr'>J&#39;am</span> <span class='ocrx_word' id='word_1_538' title='bbox 959 3302 1132 3375; x_wconf 87' lang='lat' dir='ltr'>poenitentes</span> <span class='ocrx_word' id='word_1_539' title='bbox 1172 3301 1350 3371; x_wconf 83' lang='lat' dir='ltr'>sequebantur</span> 
     </span>
     <span class='ocr_line' id='line_1_100' title="bbox 777 3372 1353 3445; baseline -0.014 -15"><span class='ocrx_word' id='word_1_540' title='bbox 777 3374 945 3442; x_wconf 85' lang='lat' dir='ltr'>Dominum,</span> <span class='ocrx_word' id='word_1_541' title='bbox 968 3380 1116 3445; x_wconf 88' lang='lat' dir='ltr'>sperantes</span> <span class='ocrx_word' id='word_1_542' title='bbox 1141 3372 1256 3428; x_wconf 80' lang='lat' dir='ltr'>reniam</span> <span class='ocrx_word' id='word_1_543' title='bbox 1274 3379 1353 3424; x_wconf 79' lang='lat' dir='ltr'>conse</span> 
     </span>
     <span class='ocr_line' id='line_1_101' title="bbox 778 3444 1353 3526; baseline -0.019 -25"><span class='ocrx_word' id='word_1_544' title='bbox 778 3445 825 3516; x_wconf 91' lang='lat' dir='ltr'>qni</span> <span class='ocrx_word' id='word_1_545' title='bbox 854 3451 1044 3526; x_wconf 85' lang='lat' dir='ltr'>peccatorum.</span> <span class='ocrx_word' id='word_1_546' title='bbox 1067 3444 1147 3500; x_wconf 88' lang='lat' dir='ltr'>Unde</span> <span class='ocrx_word' id='word_1_547' title='bbox 1161 3446 1353 3510; x_wconf 77' lang='lat' dir='ltr'>ltieronpmus:</span> 
     </span>
     <span class='ocr_line' id='line_1_102' title="bbox 779 3514 1355 3595; baseline -0.009 -22"><span class='ocrx_word' id='word_1_548' title='bbox 779 3538 793 3567; x_wconf 75' lang='grc' dir='ltr'>ι(</span> <span class='ocrx_word' id='word_1_549' title='bbox 811 3518 881 3584; x_wconf 85' lang='lat' dir='ltr'>Quia</span> <span class='ocrx_word' id='word_1_550' title='bbox 900 3517 1032 3572; x_wconf 78' lang='lat' dir='ltr'>ciderunt</span> <span class='ocrx_word' id='word_1_551' title='bbox 1057 3514 1242 3587; x_wconf 90' lang='lat' dir='ltr'>publicanum</span> <span class='ocrx_word' id='word_1_552' title='bbox 1261 3530 1279 3595; x_wconf 78' lang='lat' dir='ltr'>a</span> <span class='ocrx_word' id='word_1_553' title='bbox 1303 3522 1355 3593; x_wconf 75' lang='lat' dir='ltr'>pet·</span> 
     </span>
     <span class='ocr_line' id='line_1_103' title="bbox 778 3585 1356 3657; baseline -0.009 -15"><span class='ocrx_word' id='word_1_554' title='bbox 778 3588 848 3643; x_wconf 89' lang='lat' dir='ltr'>catis</span> <span class='ocrx_word' id='word_1_555' title='bbox 874 3604 1050 3656; x_wconf 82' lang='lat' dir='ltr'>conversum,</span> <span class='ocrx_word' id='word_1_556' title='bbox 1072 3593 1100 3643; x_wconf 90' lang='lat' dir='ltr'>et</span> <span class='ocrx_word' id='word_1_557' title='bbox 1126 3585 1304 3657; x_wconf 76' lang='lat' dir='ltr'>peanitentiae</span> <span class='ocrx_word' id='word_1_558' title='bbox 1321 3596 1356 3637; x_wconf 84' lang='lat' dir='ltr'>nt·</span> 
     </span>
     <span class='ocr_line' id='line_1_104' title="bbox 779 3654 1358 3730; baseline -0.005 -18"><span class='ocrx_word' id='word_1_559' title='bbox 779 3659 889 3715; x_wconf 77' lang='lat' dir='ltr'>venisse</span> <span class='ocrx_word' id='word_1_560' title='bbox 905 3660 1009 3730; x_wconf 84' lang='lat' dir='ltr'>locuni,</span> <span class='ocrx_word' id='word_1_561' title='bbox 1025 3661 1061 3714; x_wconf 92' lang='lat' dir='ltr'>ob</span> <span class='ocrx_word' id='word_1_562' title='bbox 1085 3657 1113 3712; x_wconf 95' lang='lat' dir='ltr'>id</span> <span class='ocrx_word' id='word_1_563' title='bbox 1133 3657 1221 3713; x_wconf 83' lang='lat' dir='ltr'>etiarn</span> <span class='ocrx_word' id='word_1_564' title='bbox 1237 3654 1291 3727; x_wconf 89' lang='lat' dir='ltr'>ipsi</span> <span class='ocrx_word' id='word_1_565' title='bbox 1311 3666 1358 3709; x_wconf 85' lang='lat' dir='ltr'>noe</span> 
     </span>
     <span class='ocr_line' id='line_1_105' title="bbox 778 3727 1359 3802; baseline -0.007 -17"><span class='ocrx_word' id='word_1_566' title='bbox 778 3731 986 3802; x_wconf 77' lang='lat' dir='ltr'>desperabant3</span> <span class='ocrx_word' id='word_1_567' title='bbox 1012 3730 1062 3786; x_wconf 90' lang='lat' dir='ltr'>sod</span> <span class='ocrx_word' id='word_1_568' title='bbox 1082 3728 1168 3784; x_wconf 79' lang='lat' dir='ltr'>veluti</span> <span class='ocrx_word' id='word_1_569' title='bbox 1197 3727 1359 3800; x_wconf 75' lang='lat' dir='ltr'>poenitentet</span> 
     </span>
     <span class='ocr_line' id='line_1_106' title="bbox 778 3800 1359 3871; baseline -0.003 -16"><span class='ocrx_word' id='word_1_570' title='bbox 778 3803 941 3871; x_wconf 75' lang='lat' dir='ltr'>veniebant,</span> <span class='ocrx_word' id='word_1_571' title='bbox 957 3807 985 3857; x_wconf 93' lang='lat' dir='ltr'>et</span> <span class='ocrx_word' id='word_1_572' title='bbox 998 3802 1215 3857; x_wconf 87' lang='lat' dir='ltr'>discumbebant</span> <span class='ocrx_word' id='word_1_573' title='bbox 1227 3800 1359 3855; x_wconf 84' lang='lat' dir='ltr'>eurntesu</span> 
     </span>
     <span class='ocr_line' id='line_1_107' title="bbox 778 3868 1361 4000; baseline -0.005 -72"><span class='ocrx_word' id='word_1_574' title='bbox 778 3881 807 3928; x_wconf 92' lang='lat' dir='ltr'>et</span> <span class='ocrx_word' id='word_1_575' title='bbox 837 3873 983 3944; x_wconf 89' lang='lat' dir='ltr'>discipulis</span> <span class='ocrx_word' id='word_1_576' title='bbox 1011 3874 1080 4000; x_wconf 43' lang='lat' dir='ltr'>epus,</span> <span class='ocrx_word' id='word_1_577' title='bbox 1107 3873 1181 3927; x_wconf 90' lang='lat' dir='ltr'>torte</span> <span class='ocrx_word' id='word_1_578' title='bbox 1211 3868 1361 3947; x_wconf 59' lang='lat' dir='ltr'>inritatis</span> 
     </span>
     <span class='ocr_line' id='line_1_108' title="bbox 778 3942 1362 4013; baseline -0.005 -15"><span class='ocrx_word' id='word_1_579' title='bbox 778 3946 921 4013; x_wconf 84' lang='lat' dir='ltr'>ltattlueo,</span> <span class='ocrx_word' id='word_1_580' title='bbox 938 3951 969 4000; x_wconf 89' lang='lat' dir='ltr'>nt</span> <span class='ocrx_word' id='word_1_581' title='bbox 988 3945 1023 4000; x_wconf 83' lang='lat' dir='ltr'>lia</span> <span class='ocrx_word' id='word_1_582' title='bbox 1045 3948 1105 3999; x_wconf 89' lang='lat' dir='ltr'>eret</span> <span class='ocrx_word' id='word_1_583' title='bbox 1119 3942 1214 3998; x_wconf 89' lang='lat' dir='ltr'>socios</span> <span class='ocrx_word' id='word_1_584' title='bbox 1237 3942 1267 3999; x_wconf 93' lang='grc' dir='ltr'>ιιι</span> <span class='ocrx_word' id='word_1_585' title='bbox 1328 3954 1362 3995; x_wconf 89' lang='grc' dir='ltr'><strong>ιιι·</strong></span> 
     </span>
     <span class='ocr_line' id='line_1_109' title="bbox 779 4014 1361 4086; baseline -0.003 -16"><span class='ocrx_word' id='word_1_586' title='bbox 779 4016 876 4085; x_wconf 90' lang='lat' dir='ltr'>tentia,</span> <span class='ocrx_word' id='word_1_587' title='bbox 895 4032 965 4086; x_wconf 88' lang='lat' dir='ltr'>quos</span> <span class='ocrx_word' id='word_1_588' title='bbox 981 4014 1079 4072; x_wconf 87' lang='lat' dir='ltr'>habuit</span> <span class='ocrx_word' id='word_1_589' title='bbox 1092 4014 1186 4070; x_wconf 88' lang='lat' dir='ltr'>socios</span> <span class='ocrx_word' id='word_1_590' title='bbox 1198 4016 1227 4069; x_wconf 90' lang='lat' dir='ltr'>in</span> <span class='ocrx_word' id='word_1_591' title='bbox 1243 4030 1278 4069; x_wconf 89' lang='lat' dir='ltr'>cu</span> <span class='ocrx_word' id='word_1_592' title='bbox 1289 4028 1333 4083; x_wconf 89' lang='lat' dir='ltr'>pa.</span> <span class='ocrx_word' id='word_1_593' title='bbox 1347 4028 1361 4059; x_wconf 76' lang='grc' dir='ltr'>ι</span> 
     </span>
     <span class='ocr_line' id='line_1_110' title="bbox 777 4085 1363 4156; baseline -0.007 -14"><span class='ocrx_word' id='word_1_594' title='bbox 777 4089 820 4155; x_wconf 85' lang='lat' dir='ltr'>Ut,</span> <span class='ocrx_word' id='word_1_595' title='bbox 855 4087 1008 4143; x_wconf 89' lang='lat' dir='ltr'>secundum</span> <span class='ocrx_word' id='word_1_596' title='bbox 1042 4087 1184 4153; x_wconf 74' lang='lat' dir='ltr'>illusseris,</span> <span class='ocrx_word' id='word_1_597' title='bbox 1216 4085 1363 4156; x_wconf 84' lang='lat' dir='ltr'>pulchrum</span> 
     </span>
     <span class='ocr_line' id='line_1_111' title="bbox 777 4155 1364 4240; baseline -0.003 -28"><span class='ocrx_word' id='word_1_598' title='bbox 777 4159 830 4213; x_wconf 88' lang='lat' dir='ltr'>luit</span> <span class='ocrx_word' id='word_1_599' title='bbox 852 4157 1033 4240; x_wconf 68' lang='lat' dir='ltr'>praesagium,</span> <span class='ocrx_word' id='word_1_600' title='bbox 1049 4158 1128 4228; x_wconf 90' lang='lat' dir='ltr'>quia,</span> <span class='ocrx_word' id='word_1_601' title='bbox 1145 4156 1194 4228; x_wconf 86' lang='lat' dir='ltr'>qui</span> <span class='ocrx_word' id='word_1_602' title='bbox 1216 4155 1364 4236; x_wconf 78' lang='lat' dir='ltr'>Apostolus</span> 
     </span>
     <span class='ocr_line' id='line_1_112' title="bbox 776 4228 1363 4297; baseline -0.007 -13"><span class='ocrx_word' id='word_1_603' title='bbox 776 4234 804 4285; x_wconf 91' lang='lat' dir='ltr'>et</span> <span class='ocrx_word' id='word_1_604' title='bbox 830 4230 929 4286; x_wconf 89' lang='lat' dir='ltr'>doctor</span> <span class='ocrx_word' id='word_1_605' title='bbox 953 4232 1085 4286; x_wconf 78' lang='lat' dir='ltr'>dentium</span> <span class='ocrx_word' id='word_1_606' title='bbox 1110 4236 1172 4286; x_wconf 91' lang='lat' dir='ltr'>erat</span> <span class='ocrx_word' id='word_1_607' title='bbox 1198 4228 1323 4297; x_wconf 87' lang='lat' dir='ltr'>iuturus,</span> <span class='ocrx_word' id='word_1_608' title='bbox 1336 4240 1363 4281; x_wconf 90' lang='lat' dir='ltr'>m</span> 
     </span>
    </p>
   </div>
   <div class='ocr_carea' id='block_1_5' title="bbox 0 0 1400 4912">
    <p class='ocr_par' dir='ltr' id='par_1_9' title="bbox 0 0 1400 4912">
     <span class='ocr_line' id='line_1_113' title="bbox 0 0 1400 4912; baseline 0 0"><span class='ocrx_word' id='word_1_609' title='bbox 0 0 1400 4912; x_wconf 95' lang='lat' dir='ltr'> </span> 
     </span>
    </p>
   </div>
  </div>
 </body>
</html>
