2790 4912
334 328 374 382 lili
400 330 600 387 rlrlvlrlrr
627 334 837 388 stlvlronrs
864 334 1001 390 NOSTRI.
1256 340 1288 392 79

44 442 86 500 ibi
103 439 285 497 connubium
299 438 374 495 Ruth
389 443 418 495 et
433 440 507 496 Booz
523 441 647 498 celebra·
699 441 806 500 ibidem
843 441 964 499 Bomino
1004 443 1170 500 deserviret.
1199 448 1286 504 Beata

45 519 122 580 tum,
138 511 170 567 in
186 526 245 593 quo
259 509 500 592 praefigurabatur
517 512 647 569 humani·
700 513 786 571 eliam
805 513 893 569 Paula
911 520 940 570 et
955 516 1107 570 Eustocliia
1126 516 1186 574 lilia
1213 519 1288 590 eJus,

47 587 118 642 tatis
132 581 337 664 etdirimtatis
349 581 535 663 connuhium,
547 600 646 640 rerum
700 601 764 641 curn
779 584 875 641 multis
893 584 957 641 aliis
973 585 1129 657 virginibus
1144 587 1172 643 in
1189 604 1289 646 mona-

49 655 227 714 sacrificium
256 657 285 709 et
312 654 489 710 immutabile
513 671 544 710 re
566 671 645 711 num.
702 655 788 712 sterio
803 655 1062 712 sanctimonialium
1086 658 1136 714 Bei
1160 659 1287 729 servitio,

51 731 123 809 ltem
143 723 260 807 conscia
281 723 454 806 'gaudiorum
471 723 500 781 in
522 670 647 782 ativentu
702 732 732 784 et
745 725 848 782 divinae
858 728 1089 800 contemplationi
1106 728 1289 788 devotissime

50 800 170 858 Christi.
190 797 214 854 O
239 811 305 867 quis
331 796 418 865 digne
445 803 548 866 penset
576 813 647 868 gau·
704 803 849 866 vacantes,
866 813 984 868 regnum
1008 799 1106 855 muudi
1125 807 1153 857 et
1172 817 1288 859 omnem

51 870 131 927 tlinm
150 866 328 948 Angelorum
343 866 533 936 laudantium,
549 873 647 940 pasto·
705 870 767 941 ejus
788 875 919 926 ornatum
945 877 1062 941 propter
1081 887 1208 928 amorem
1232 875 1288 930 Oo-

51 956 114 998 rum
140 939 312 1006 videntium,
332 953 431 1008 regum
455 939 648 1006 adorantium,
705 939 775 996 mini
790 940 878 997 nostri
899 943 967 998 lesu
987 942 1102 1009 Christi,
1123 949 1151 999 et
1165 943 1219 1000 loci
1239 944 1288 1002 de·

56 1010 230 1085 populorum
241 1009 419 1065 credentium
432 1009 438 1065 l
452 1012 523 1067 ltem
534 1010 648 1068 conscia
702 1012 847 1068 notionem
864 1019 1105 1084 contempserunt.

55 1080 261 1154 martyriorum
278 1085 343 1152 post
358 1081 511 1138 adventum
531 1081 647 1149 Christi,
740 1088 772 1138 αὖ
797 1083 940 1139 Civiriras
958 1085 1104 1140 reinero
1120 1103 1289 1141 sraciiurren

56 1152 171 1227 maudo
184 1151 391 1208 llerodestecit
404 1151 526 1208 infantes
539 1152 647 1221 occidi3
704 1171 818 1210 aurern.
838 1184 872 1195 —
889 1154 966 1210 llulti
986 1170 1100 1226 quoque
1121 1172 1153 1211 eri
1175 1157 1220 1212 his
1241 1157 1289 1228 qui

57 1225 107 1282 sed
121 1222 249 1280 maxime
263 1223 348 1280 beata
371 1222 400 1278 in
421 1224 563 1293 germine,
581 1223 649 1295 quia
702 1225 844 1281 desiderio
866 1226 1086 1283 Terrae-Sanctae
1105 1226 1140 1282 de
1162 1232 1239 1283 terra
1261 1235 1290 1284 et

57 1296 123 1353 inde
148 1293 220 1352 exiit
245 1308 365 1364 germen
394 1294 511 1364 nobile,
541 1295 648 1352 scilicet
703 1297 738 1352 de
771 1297 941 1366 cognatione
967 1312 1028 1363 sua,
1047 1305 1073 1352 ct
1103 1297 1138 1353 de
1158 1297 1289 1356 domibus

57 1368 111 1425 dux
123 1370 154 1423 et
173 1364 350 1432 dominator,
369 1380 487 1434 germen
506 1367 576 1423 utile
603 1381 649 1422 re·
704 1371 816 1438 patrum
835 1382 952 1421 suorum
970 1367 1108 1435 exierunt,
1125 1368 1190 1424 licet
1207 1370 1290 1426 turba

57 1453 127 1512 gens
149 1436 287 1510 populum
309 1436 408 1492 lsrael.
424 1437 464 1493 De
484 1438 565 1509 cujus
584 1436 650 1494 civi
705 1442 734 1493 et
748 1438 886 1493 turnultus
900 1436 1047 1492 hominum
1062 1440 1229 1509 plerumque
1244 1456 1288 1496 re

57 1509 125 1566 tatis
142 1507 244 1576 laude,
258 1507 300 1563 sic
319 1506 389 1564 dicit
406 1509 583 1565 Bernartius:
601 1508 650 1565 «0
706 1507 1290 1579 ligionisintimpedimentum,maluerunt

57 1580 229 1638 Bethlehem
246 1594 351 1650 parva,
375 1580 426 1635 sed
444 1581 617 1651 magniicata
634 1595 652 1636 a
706 1579 886 1635 tameninter
898 1580 997 1635 turbas
1009 1579 1175 1650 populorum
1189 1596 1289 1652 corpo-

58 1651 203 1710 Oominot
226 1649 416 1722 llagnilicavit
440 1654 469 1707 te
489 1651 536 1722 qui
560 1652 652 1708 lactus
707 1650 805 1707 naliter
819 1651 958 1719 habitare,
976 1665 1059 1720 quain
1075 1656 1237 1707 sanctarum
1253 1651 1290 1708 ci-

55 1729 109 1781 est
130 1723 514 1793 intaparrusexmagno.
530 1723 598 1790 Quae
618 1721 655 1778 ci·
706 1722 835 1790 vitatum,
867 1737 939 1792 quas
970 1721 1097 1778 Christus
1131 1721 1292 1793 specialiter

54 1791 133 1851 ritas
156 1793 181 1849 si
202 1791 312 1861 audiat,
334 1808 392 1848 non
406 1793 534 1849 invideat
547 1793 652 1865 pretio·
707 1793 802 1862 elegit,
819 1792 925 1849 sedicet
939 1793 1107 1860 Jerusalem,
1125 1794 1289 1850 Bethlehem

55 1882 120 1924 eum
143 1864 289 1922 stabulum
314 1863 401 1933 illud,
428 1869 457 1920 et
477 1864 554 1920 illius
577 1881 651 1937 prae-
707 1870 735 1919 et
746 1865 970 1934 Nazarenquae
983 1870 1127 1935 tamquam
1138 1865 1217 1921 cellae
1228 1881 1291 1922 aro-

54 1936 130 2009 sepii
154 1934 286 2007 gloriam.
308 1934 417 2005 Ubique
431 1937 555 2004 gloriosa
575 1937 652 1991 dicte
706 1936 816 1991 maticae
836 1934 991 1992 salvatoris
1009 1935 1225 1993 conversatione
1244 1953 1289 1994 re·

56 2008 218 2074 simtdete,
229 2009 330 2062 ciuitas
339 2009 399 2071 Dei,
409 2006 513 2078 ubique
525 2006 650 2063 canitur:
706 2006 814 2073 dolent,
837 2006 1013 2062 habitatione
1037 2008 1154 2088 privari.
1177 2010 1208 2064 ln
1233 2010 1288 2064 Na-

101 2079 130 2136 'a
157 2079 236 2134 borco
260 2082 401 2133 natusest
428 2081 458 2133 tn
486 2094 529 2142 ea,
550 2084 575 2133 et
593 2081 654 2149 ipse
706 2078 804 2133 zareth
831 2079 907 2133 enim
932 2077 967 2133 de
997 2078 1102 2149 Spiritu
1129 2079 1288 2149 Sancto,in

153 2152 196 2205 ott
209 2165 268 2204 eom
280 2150 462 2205 ditissimus!
476 2169 491 2200 r
511 2150 573 2205 liaec
586 2152 653 2206 Ber·
706 2149 795 2205 ltlaria
810 2148 924 2219 Virgine
952 2148 1005 2204 luit
1033 2151 1170 2206 Dominus
1189 2165 1287 2206 conce·

57 2223 181 2279 riardus.
196 2220 364 2276 Bethlehem
379 2219 434 2276 sita
447 2226 490 2277 est
507 2219 538 2277 in
555 2225 652 2277 monte
707 2224 785 2290 ptus;
803 2220 832 2274 in
853 2220 1017 2276 Bethlehem
1040 2228 1142 2289 natue,
1158 2221 1187 2276 in
1205 2224 1288 2278 leru-

60 2295 163 2364 longo‚
178 2292 229 2348 sed
249 2297 339 2359 arcto,
358 2291 395 2347 ab
413 2291 530 2348 Oriente
552 2307 651 2348 seer·
706 2291 795 2347 salom
821 2305 872 2362 pro
897 2291 987 2347 salute
1008 2298 1107 2347 nostra
1130 2291 1289 2361 crucifixus,

62 2365 187 2422 tendens
201 2363 232 2418 in
245 2362 437 2430 Occidentem,
451 2363 482 2418 in
499 2363 581 2434 cujus
594 2363 654 2419 siue
707 2367 844 2430 mortuus,
863 2367 892 2417 et
915 2363 1050 2432 sepultus.
1068 2364 1097 2417 ln
1125 2363 1289 2418 Bethlehem

61 2433 199 2493 orientali
216 2434 269 2491 sub
281 2449 352 2505 rupe
366 2433 500 2504 quadam,
513 2449 576 2515 quae
591 2438 653 2490 erat
706 2449 774 2505 ergo
804 2432 944 2488 socundus
958 2432 1046 2487 Adam
1069 2438 1111 2487 ost
1131 2438 1233 2500 notus3
1254 2433 1289 2488 de

63 2508 92 2564 in
112 2505 239 2578 quodam
260 2503 430 2572 diversorio,
456 2505 548 2562 illuxit
569 2504 654 2562 nobis
706 2520 774 2575 qua,
794 2503 830 2558 ad
856 2509 964 2573 septem
992 2502 1123 2558 milliaria
1149 2502 1191 2558 vel
1216 2503 1290 2559 circa

61 2579 112 2638 sot
122 2578 257 2648 justitiae,
275 2577 401 2634 christus
414 2579 486 2632 Deus
498 2581 610 2644 nostem
625 2581 654 2632 et
706 2580 807 2631 contra
823 2575 967 2640 Austrum,
982 2576 1027 2628 est
1049 2574 1161 2628 llebron
1181 2572 1289 2646 civitas,

65 2654 168 2706 contra
187 2647 381 2715 Occidentem,
401 2648 437 2704 ad
461 2652 584 2718 quatuor
610 2648 654 2703 iel
708 2646 755 2702 ubi
777 2644 808 2699 in
830 2658 899 2714 agro
919 2645 1093 2698 Damascene
1113 2642 1166 2697 luit
1182 2643 1291 2713 primus

64 2719 195 2792 quinque
213 2717 301 2791 pedes
316 2723 378 2775 erat
396 2734 523 2790 praesepe
545 2719 654 2774 'umen-
708 2717 798 2772 lldam
826 2715 862 2770 de
887 2715 974 2770 rubra
988 2719 1065 2770 terra
1085 2715 1241 2790 formatus3
1255 2714 1291 2770 de

63 2799 174 2858 torum,
189 2789 220 2846 in
243 2805 300 2861 quo
314 2789 406 2846 dulcis
426 2791 501 2846 Puer
524 2789 572 2845 ile
597 2790 657 2846 lue·
710 2803 766 2858 quo
787 2802 866 2858 agro,
882 2785 1038 2857 adjacium
1057 2801 1149 2852 arcus,
1168 2790 1212 2842 est
1231 2802 1293 2858 spe·

66 2868 112 2921 rat
141 2860 306 2918 reclinatus.
329 2863 360 2917 ln
399 2862 452 2917 hac
475 2859 589 2917 civitate
614 2866 658 2917 est
710 2859 795 2914 lunca
817 2857 930 2929 duplex,
958 2858 1006 2914 ubi
1031 2856 1091 2929 ipse
1110 2857 1199 2914 Adam
1228 2873 1292 2914 cum

66 2938 169 2991 sancta
190 2937 220 2988 et
237 2930 408 2990 venerabilis
431 2948 465 2989 ac
488 2931 568 2988 mirae
615 2932 657 2988 ul·
711 2930 830 3000 conjuge
841 2943 892 2984 sua
906 2934 949 2985 est
963 2929 1093 2985 conditus
1107 2935 1135 2985 et
1149 2929 1291 3001 sepultus;

66 3001 239 3062 claritudinis
251 3010 339 3076 atque
352 3003 510 3060 devotionis
535 2947 661 3060 Bccicisia
711 3007 825 3071 tresque
860 3000 956 3071 magni
978 2999 1166 3070 Patriarcliae,
1187 3001 1295 3058 scilicet

68 3074 244 3132 cathedralis
271 3079 438 3132 consecrata
462 3073 490 3130 in
518 3075 659 3130 honorem
711 3073 865 3139 Abraham,
882 3073 970 3144 isaac,
986 3079 1014 3129 et
1033 3074 1132 3140 Jacob,
1147 3089 1212 3129 cum
1226 3088 1292 3130 con-

70 3149 167 3205 neate
187 3145 312 3212 Virginis
338 3145 443 3214 llariae,
459 3161 545 3216 quam
567 3145 658 3201 aediti-
709 3143 826 3215 jugibus
841 3144 911 3199 suis.

71 3216 132 3275 cari
146 3215 214 3273 lecit
226 3219 316 3274 Beata
341 3216 459 3284 llelena,
475 3220 568 3273 mater
588 3216 660 3273 Con·
749 3220 781 3282 el
801 3216 909 3270 Brauon
935 3231 1102 3269 niriririris
1125 3214 1244 3269 Crinisri.
1260 3244 1294 3253 —

69 3286 191 3346 stantini
219 3288 422 3371 imperatoris,
454 3287 484 3344 in
520 3303 578 3358 qua
617 3292 661 3344 est
713 3285 840 3343 Christus
864 3285 960 3355 itaque
983 3289 1065 3339 natus
1091 3290 1144 3350 est,
1161 3287 1191 3338 ut
1210 3282 1296 3354 capti·

69 3359 194 3431 scripta3
210 3365 238 3415 et
256 3375 286 3414 in
304 3357 354 3416 illa
370 3357 595 3441 pulcherrimum
619 3357 660 3414 al·
713 3372 778 3413 vum
794 3354 1096 3435 hominemflliberaret.
1113 3356 1146 3408 Et
1161 3353 1214 3408 hoc
1225 3368 1296 3432 prae

71 3437 136 3488 tare
150 3445 356 3499 marmoreum,
369 3446 399 3486 in
418 3431 480 3486 loco
503 3429 553 3486 ubi
572 3428 660 3500 Virgo
713 3429 867 3499 figuratum
879 3426 930 3481 luit
942 3439 1117 3494 inpincerna
1129 3424 1295 3492 Pharaoms,

71 3500 164 3559 llaria
181 3501 302 3573 peperit,
318 3506 346 3557 et
361 3502 489 3558 Christus
508 3499 587 3557 nasci
611 3516 659 3556 vo·
713 3498 757 3555 cui
783 3497 813 3552 in
836 3511 950 3552 carcere
975 3494 1134 3562 videbatur,
1150 3493 1227 3565 quod
1248 3509 1295 3550 co·

70 3573 136 3631 luit.
157 3574 206 3629 Est
227 3575 314 3629 etiam
335 3571 366 3628 in
387 3571 450 3644 ipsa
467 3573 592 3628 Ecclesia
614 3587 661 3628 ca·
714 3584 775 3625 rain
791 3583 822 3623 se
837 3566 901 3622 vitis
920 3566 955 3622 de
981 3570 1059 3621 terra
1079 3567 1234 3634 crescebat,
1245 3565 1295 3622 ha·

71 3644 149 3717 pella
162 3643 360 3726 pulcherrima
376 3648 405 3699 et
425 3643 538 3710 devota,
555 3642 586 3698 in
605 3657 662 3715 qua
715 3642 787 3697 bens
803 3644 862 3694 tres
875 3635 1047 3709 propagines
1057 3653 1107 3693 seu
1121 3653 1296 3708 ramosque

71 3721 138 3772 erat
160 3715 232 3772 illud
254 3713 425 3787 praesepium
450 3713 615 3771 venerabile
634 3718 663 3770 et
715 3709 1297 3791 coepittllorereeturasproducere,quas

72 3785 214 3843 divinum.
239 3788 271 3842 lu
293 3786 394 3843 eadem
412 3785 538 3842 Ecclesia
557 3789 603 3841 est
621 3800 664 3840 se·
715 3782 745 3838 in
758 3782 875 3838 calicem
891 3782 1047 3836 Pharaonis
1059 3796 1230 3851 exprimens,
1245 3796 1297 3852 po·

72 3857 205 3929 pulcrum
230 3859 383 3914 Beatorum
406 3858 616 3923 Innocentium,
636 3860 664 3911 et
715 3859 776 3910 tum
791 3851 1182 3933 Pharaoniuollerebataqui,
1199 3867 1298 3908 secu-n·

73 3928 238 4000 sepulcrum
251 3926 565 4000 Beatillieronymi3ibi
577 3929 665 3983 Beata
716 3925 785 3981 dum
813 3923 915 3980 somnii
939 3927 1217 3994 interpretationem,
1234 3929 1299 3995 post

74 3999 165 4057 Paula
184 4005 213 4056 et
231 3998 384 4057 Eustochia
401 3999 594 4071 requiescunt.
613 3997 664 4054 lbi·
716 4002 775 4051 tres
788 3994 850 4050 dies
862 3994 998 4051 liberatus
1011 3999 1063 4050 est.
1077 3996 1196 4051 Siccam
1208 4010 1299 4065 genus

72 4086 131 4143 que
150 4076 195 4128 est
208 4069 344 4139 cisterna,
361 4070 391 4127 in
410 4087 495 4142 quam
511 4071 594 4126 stella
610 4069 664 4126 duri
716 4068 874 4123 humanum
887 4065 1077 4122 miserabilem
1091 4066 1243 4122 sustineret
1251 4081 1300 4122 ca-

72 4143 222 4213 llagorum
262 4141 367 4199 dicitur
407 4141 553 4199 cecidisse.
588 4143 666 4196 llanc
717 4136 885 4210 ptiiitatem,
905 4135 980 4204 vitis,
998 4135 1026 4192 id
1044 4143 1086 4193 esl
1107 4137 1246 4204 Christus,
1264 4136 1300 4192 de

72 4219 204 4270 sanctam
224 4217 254 4270 et
277 4214 336 4270 Deo
361 4212 494 4270 dilectam
511 4212 665 4280 civitatem,
718 4215 795 4265 terra
808 4208 879 4277 sola,
889 4207 996 4264 scilicet
1004 4208 1092 4265 llaria
1108 4207 1299 4275 excrescebat,

72 4286 179 4343 Beatus
216 4284 407 4357 Hieronymus
443 4283 603 4359 preelegit,
634 4287 666 4341 ut
718 4279 768 4355 qui
782 4285 839 4338 tres
853 4278 1034 4352 propagines,
1052 4277 1300 4346 scilicetcarnem,
