2790 4912
412 113 580 170 ssltllollls
607 111 642 167 lll
657 77 779 172 *lours
806 115 1006 171 conclusio.
1280 120 1327 176 339

99 234 184 284 ouem
203 223 285 296 Legis
309 223 495 293 Evangelrce.
520 224 582 279 Nou
605 223 683 281 euim

98 297 214 369 qusque
228 296 325 352 firmat
348 311 412 365 qum
427 294 516 362 audit,
536 294 580 350 vel
594 295 683 367 perci·

97 366 214 496 Etmsi
230 367 359 424 faciendo
374 375 402 423 et
421 381 507 437 opere
526 364 681 437 implendo.

143 439 206 512 quia
254 444 346 495 truest
357 439 492 502 cbristus,
503 436 551 492 ille
560 436 588 493 in
601 437 681 493 Chri·

96 513 144 568 sto
157 510 209 569 aedl
233 513 289 578 cat,
305 509 363 580 qui,
382 508 458 580 quod
482 509 518 566 ab
531 508 579 564 illo
592 509 680 579 audit,

93 576 171 639 facit
186 585 223 639 Et
239 581 381 637 deseendit
393 582 501 651 pluvio,
519 579 547 635 id
564 586 608 636 cst
622 585 681 637 teu·

94 651 164 710 tado
191 651 316 709 earnalis
343 651 466 708 lasciviae
492 655 520 707 el
548 651 681 724 concupi-

34 730 38 735 '
90 724 225 792 soeutim3
248 729 274 779 et
300 727 432 779 veneunt
459 725 583 793 (lumina,
602 740 680 780 inuu-

89 790 175 853 (ianae
187 794 350 867 cupiditatis
365 800 393 850 et
406 794 543 862 avaritiae,
558 800 584 850 et
599 797 678 863 [love-

87 871 158 925 nuc
169 870 258 932 ocuti,
276 866 425 922 diabolica
443 865 577 922 vanitatis
593 873 679 937 atque

85 938 243 1011 superbiae,
259 943 285 994 et
304 941 455 1007 emenus,
471 953 522 1009 per
538 937 677 1008 impetuo-

10 1066 13 1081 ,
84 1009 205 1067 situum
228 1015 257 1066 el
283 1008 526 1081 importunitatem
544 1008 677 1066 tentatio·

10 1102 12 1113 ·
83 1090 172 1150 num,
186 1083 217 1136 in
239 1081 349 1136 minum
369 1083 457 1147 illum,
474 1080 502 1135 id
527 1084 570 1136 est
589 1080 677 1136 aedilr-

83 1151 167 1209 tium
195 1150 332 1208 virtutum
358 1151 387 1206 in
413 1150 525 1208 Christo
547 1157 676 1209 constru-

80 1227 184 1290 caum,-
199 1222 250 1280 sed
263 1239 320 1279 uon
333 1223 483 1279 diruerunt
496 1238 571 1290 eam,
584 1229 609 1278 et
623 1240 677 1279 uon

78 1295 197 1359 cecidit,
212 1293 395 1351 estabilitate
411 1293 523 1350 virtutis
548 1310 676 1350 succum·

74 1358 182 1423 heudo
210 1364 415 1422 tentationibus
438 1365 528 1421 istis:
556 1366 677 1434 fundato

74 1441 160 1494 mim
180 1442 251 1507 aet,
278 1437 415 1503 finaliter,
446 1435 619 1504 radicaliter,
645 1445 674 1493 et

72 1514 304 1579 perseveranter
313 1525 364 1579 per
374 1508 471 1576 lidem,
483 1524 574 1580 spem,
589 1513 618 1564 et
629 1524 674 1564 ea-

72 1580 210 1647 ritatem,
228 1596 312 1651 super
332 1585 440 1650 petrum
456 1580 569 1635 llrmam
589 1587 617 1635 et
630 1596 675 1635 so-

73 1643 185 1721 lidam,
200 1650 308 1707 scilicet
322 1652 477 1720 Ubi-istum,
501 1668 557 1706 nou
570 1650 600 1706 iu
614 1657 672 1706 ter-

72 1723 174 1782 renis.
189 1725 247 1779 Tan
269 1722 327 1777 itur
339 1738 408 1792 ergo
423 1723 468 1778 bic
491 1722 591 1794 triplex
608 1729 673 1778 ten·

75 1792 225 1850 taliorium
247 1738 420 1874 differentia,
438 1793 468 1849 in
494 1809 550 1875 qua
567 1792 674 1874 signill-

76 1868 187 1922 teutur
199 1871 227 1920 et
247 1870 406 1920 consistunt
430 1881 527 1920 omnia
542 1869 673 1920 tentatio·

75 1947 153 1993 num
167 1951 284 2007 genera.
302 1937 398 1991 Potest
413 1936 498 1993 etiam
514 1936 580 2004 diei,
596 1936 671 2007 quod

77 2007 215 2080 quadam
236 2013 303 2064 sunt
322 2007 494 2064 tentationes
519 2007 671 2078 voluptatis

77 2084 110 2135 et
132 2078 370 2151 concupiscentias
390 2078 523 2148 earnalis,
540 2095 603 2150 quac
620 2079 670 2134 de-

78 2151 233 2231 signantur
259 2152 287 2205 in
314 2150 420 2222 pluria,
446 2168 509 2222 qum
534 2152 670 2277 guttatim

79 2220 158 2277 cadit
170 2227 198 2278 el
213 2221 336 2290 emollil;
351 2222 414 2277 alim
430 2227 494 2278 suut
516 2239 531 2276 a
555 2221 671 2277 versita-

78 2291 118 2349 tis
132 2298 160 2350 et
173 2292 375 2361 tribulationis,
392 2310 455 2365 quae
471 2292 670 2364 significantur

77 2378 133 2437 per
162 2364 292 2434 flumina,
316 2381 380 2436 qiiae
400 2382 464 2421 cum
487 2365 595 2436 impetu
620 2380 668 2420 ve·

76 2435 182 2505 niunt;
199 2435 264 2492 aliae
289 2443 357 2492 sunt
381 2435 586 2507 persuasionis,
609 2436 668 2492 sive

76 2522 131 2580 per
143 2510 247 2570 minas,
262 2506 321 2563 sire
336 2524 386 2579 per
402 2508 554 2564 blanditias
569 2509 668 2563 huma-

75 2578 211 2648 naasive
222 2595 273 2650 per
286 2578 483 2650 suggestiones
498 2577 665 2643 iliiibolicas,

75 2663 143 2721 qum
155 2649 341 2722 designantur
360 2666 411 2722 per
425 2657 542 2717 ventos3
563 2651 667 2706 horum

75 2726 175 2778 eutem
199 2721 339 2788 omniurn,
362 2721 410 2792 qui
431 2720 666 2793 prosperitatibus

73 2789 234 2861 inducitur,
261 2793 480 2850 adversitatibus
515 2794 664 2857 lraugilur.

75 2863 204 2931 Quorum
224 2863 293 2920 nihil
314 2864 424 2932 metuit,
446 2863 494 2936 qui
519 2864 666 2920 lundalam

73 2933 165 2992 habet
180 2935 297 2992 domum
318 2952 405 3007 supra
423 2943 543 3008 petram,
560 2934 666 2991 scilicet

74 3005 231 3075 Christum,
252 3007 296 3064 cui
319 3007 451 3063 inuititur
474 3007 504 3062 in
532 3008 664 3062 observa-

72 3075 154 3134 tione
167 3085 385 3149 praeceplorum,
396 3078 423 3134 id
434 3084 477 3135 est
492 3078 539 3149 qui
553 3094 610 3133 uon
621 3094 665 3134 so-

72 3145 133 3204 lum
145 3148 227 3207 audit
259 3149 664 3222 rmceplallomini,sedetiam

72 3217 152 3301 iacit.
166 3221 221 3302 Sed
237 3165 281 3278 gis
291 3221 665 3301 onruibuspericulosesub-

70 3295 160 3362 pacet,
168 3307 216 3364 qm
229 3293 308 3349 audit
320 3299 416 3349 elnon
429 3293 511 3349 lacit:
521 3309 578 3347 non
588 3307 664 3347 emm

72 3361 120 3433 qui
161 3378 196 3420 ue
212 3364 313 3420 stabile
333 3364 549 3421 fundamentum
566 3365 662 3431 babet,

72 3447 128 3489 nec
165 3441 239 3491 rmat
263 3435 293 3491 iu
311 3453 341 3492 se
357 3451 419 3507 qum
438 3435 574 3492 Dominus
594 3450 664 3506 prae·

72 3502 153 3584 cipit,
164 3507 208 3562 vel
217 3522 282 3578 quae
296 3507 358 3579 ipse
366 3507 455 3577 audit,
467 3507 522 3564 uisi
534 3522 568 3564 ea
577 3521 663 3578 opere

70 3577 219 3649 implendo
243 3578 353 3635 lecerit.

115 3669 148 3704 ro
160 3650 282 3706 nubieus
296 3667 402 3707 rnuruu
422 3668 485 3706 vnio
501 3666 601 3707 srucro
616 3666 664 3705 as·

72 3736 225 3778 smmsruu.
240 3753 276 3762 -
299 3723 377 3778 Unde
391 3728 597 3792 cousequenter
613 3721 662 3791 ait,

71 3797 100 3847 el
118 3807 171 3862 per
189 3793 351 3864 oppositum
368 3811 375 3849 z
391 3798 426 3850 El
446 3797 534 3849 omnis
548 3796 597 3863 qui
612 3809 662 3847 uu-

71 3862 115 3918 dit
126 3863 211 3918 umbo
223 3881 283 3920 meo
300 3867 364 3925 bae.
382 3865 556 3936 supradicta,
568 3870 594 3919 et
608 3881 662 3920 uon

69 3935 143 4000 tecit
159 3950 201 4004 ea,
219 3937 270 3993 sed
293 3937 459 4001 contemnit,
478 3939 579 3991 sterilis
597 3939 661 3999 erit,

69 4003 100 4061 in
125 4005 219 4078 culpa,
239 4011 299 4063 viro
328 4011 422 4071 stulto,
447 4013 475 4064 et
503 4007 588 4074 rnalo,
612 4009 663 4077 qui

70 4077 221 4147 aedificavit
242 4080 353 4136 domum
373 4097 462 4145 suurn,
481 4079 509 4136 id
530 4085 573 4135 est
594 4078 662 4135 aedi-

739 223 834 306 licium
844 238 962 296 operum
973 239 1100 295 suorum,
1112 241 1326 301 supercreatum,
1360 270 1365 279 -

737 296 828 352 idest
855 311 982 352 amorem
1001 299 1190 367 terrenorum,
1220 300 1325 359 mobile

737 371 766 423 et
784 365 916 422 instabile
937 367 1171 437 fundamentum,
1207 371 1262 427 uod
1280 372 1322 429 la-

737 437 776 494 cit
789 438 882 494 omnis
891 437 951 509 qui,
961 441 1135 512 contemptis
1147 385 1321 526 coe‘iestibus,

736 525 793 565 nou
815 515 905 565 cessat
936 509 1047 567 inhiare
1075 513 1204 582 terrenis,
1231 518 1322 586 etqui

737 580 925 661 intentionem
938 598 1031 651 suam,
1041 598 1126 655 super
1140 584 1227 654 aliud,
1236 601 1323 657 quam

736 667 821 732 super
844 668 938 723 ipsum
953 655 1041 710 Deum
1065 654 1160 726 pouit;
1178 655 1246 727 quia
1259 672 1321 714 om·

735 739 780 777 urs
807 728 937 780 creatura
967 727 1113 783 mutabilis
1145 735 1198 784 est.
1228 732 1322 787 Arena

735 793 881 875 cupiditati
910 801 1088 854 terrenorum
1115 805 1321 872 comparatur,

735 880 802 935 quia
820 865 934 922 sterilis.
957 866 1001 922 Sic
1028 870 1075 939 qui
1101 876 1179 926 amat
1197 871 1321 942 divitias,

733 936 787 991 lrui
805 941 976 1008 nonpotcst3
986 938 1052 1009 quia
1063 939 1159 1007 liuida,
1172 941 1211 998 sic
1226 948 1321 1001 traus-

734 1011 804 1062 eunt
827 1008 924 1065 omnia
942 1010 1020 1065 velut
1039 1012 1155 1079 umbra;
1170 1013 1248 1083 quia,
1264 1016 1322 1072 llu-

734 1079 826 1134 etibus
848 1095 994 1148 concussa,
1019 1081 1059 1137 sic
1086 1081 1115 1137 in
1143 1085 1249 1140 mundo
1277 1088 1321 1142 est

733 1166 876 1221 pressura.
894 1153 974 1216 ltem,
997 1167 1048 1221 per
1057 1169 1184 1222 arenam,
1200 1156 1321 1227 congress

732 1221 877 1302 gallonem
901 1223 1040 1279 malorum
1066 1224 1217 1294 siguificat,
1251 1226 1319 1298 quia

731 1293 958 1362 rutrumerabills,
984 1311 1034 1366 per
1058 1294 1316 1367 multiplicitatem

732 1364 799 1435 quia
814 1364 1017 1434 discobaerens,
1031 1368 1318 1440 perdisseusionem3

732 1435 799 1516 quia
812 1436 926 1506 sterilis,
939 1439 974 1492 ad
990 1439 1129 1494 bonorum
1149 1439 1319 1511 multiplica·

731 1510 849 1563 trouem.
874 1510 907 1563 Et
939 1508 1003 1564 ideo
1030 1509 1158 1582 sequitur
1183 1527 1265 1567 casus
1288 1511 1319 1568 in

730 1583 877 1649 peccalum
894 1596 901 1634 :
918 1581 1061 1636 Descendit
1079 1581 1153 1637 enirn
1168 1584 1275 1653 pluvio,
1293 1588 1319 1639 et

729 1656 860 1729 uenerunt
885 1653 1001 1720 flumina
1025 1657 1050 1707 et
1078 1656 1213 1722 floreant
1231 1657 1316 1719 venti,

729 1721 757 1776 1d
770 1726 823 1788 est,
844 1723 1005 1792 supradicta
1025 1723 1100 1779 mala
1115 1724 1316 1795 tentationum,

728 1797 754 1847 ct
772 1795 922 1856 irruerunt,
938 1794 1031 1850 subito
1047 1795 1154 1867 impetu
1169 1801 1197 1852 et
1219 1795 1314 1866 simul,

727 1866 757 1918 in
778 1865 888 1920 domum
905 1867 995 1928 illem,
1011 1866 1085 1922 male
1107 1868 1272 1937 lundatam;
1289 1873 1316 1925 et

727 1937 836 2004 cecidit,
852 1952 903 2009 per
923 1939 1045 2020 culpam,
1066 1945 1092 1995 et
1106 1942 1164 2006 suit
1178 1943 1261 1996 ruine
1276 1941 1314 1996 il·

727 2007 781 2062 lius
804 2025 916 2075 nopae,
934 2026 1000 2080 quin
1023 2010 1078 2067 ruit
1099 2028 1190 2082 usque
1212 2011 1243 2067 in
1268 2027 1316 2084 ge-

726 2078 861 2135 bennam.
875 2080 969 2137 Primo
982 2081 1037 2137 ruit
1048 2081 1077 2136 in
1092 2081 1201 2138 foveam
1212 2083 1312 2154 culpae,

726 2154 754 2204 ct
782 2156 878 2221 postea
897 2150 927 2205 in
950 2152 1059 2207 lorcam
1083 2153 1315 2224 generumque

725 2227 769 2275 est
784 2221 868 2277 ruiua
892 2238 1005 2291 magna,
1026 2221 1092 2292 quia
1110 2222 1226 2278 omuino
1241 2222 1313 2281 irre·

724 2291 869 2361 parabilis.
883 2291 1173 2361 Uinnisconscientia,
1185 2308 1249 2363 quae
1262 2310 1312 2366 spe

725 2363 780 2418 lixa
796 2363 824 2417 in
850 2364 907 2417 Deo
923 2379 980 2417 non
1001 2370 1159 2433 permanet,
1175 2363 1205 2419 iu
1222 2370 1312 2422 teuta-

725 2433 849 2490 tionibus
876 2433 1031 2489 subsistere
1072 2451 1131 2490 nou
1160 2435 1252 2504 ralet;
1282 2441 1313 2493 et

724 2510 802 2561 tanto
822 2504 943 2575 amplius
967 2504 1099 2574 agitatur,
1121 2506 1311 2587 quantoplus

723 2575 753 2632 iu
772 2576 816 2632 bis
832 2592 895 2647 qum
911 2576 1008 2632 mundi
1033 2583 1109 2644 sunt,
1125 2593 1142 2633 a
1157 2577 1311 2649 superiori·

723 2649 776 2704 bus
800 2646 979 2719 disjungitur.
998 2649 1049 2704 Ubi
1071 2650 1143 2704 Beda
1161 2666 1167 2704 :
1186 2672 1200 2700 «
1218 2648 1310 2705 ilani·

723 2720 825 2775 lestunr
850 2725 903 2788 est,
920 2719 996 2791 quia,
1020 2719 1169 2791 ingruente
1184 2720 1311 2792 qualibet

722 2790 889 2861 tentatione,
905 2807 969 2847 mox
988 2796 1016 2847 et
1033 2808 1099 2848 vere
1121 2792 1186 2848 urali
1207 2798 1236 2849 et
1250 2793 1310 2849 licti

721 2862 789 2918 boni
806 2863 918 2935 pejores
941 2864 1022 2933 liunt,
1045 2865 1137 2921 donec
1161 2865 1197 2920 ad
1219 2871 1309 2923 extre-

722 2937 1307 3008 munperpetuanlabaulurinpenam.»

721 3007 774 3063 Ubi
790 3013 818 3062 ct
834 3009 1037 3076 Ultrpsostumus
1055 3025 1061 3062 :
1080 3030 1094 3058 n
1114 3011 1146 3062 Et
1162 3010 1235 3064 lacta
1255 3013 1309 3078 est,

720 3077 822 3148 inquit,
834 3076 918 3132 ruina
928 3079 988 3148 eJ'us
998 3093 1109 3149 inagna·
1121 3079 1215 3148 Neque
1233 3079 1309 3135 euim

720 3149 885 3217 exiguarum
901 3148 1060 3217 leviumque
1080 3164 1174 3202 rerum
1195 3149 1308 3218 pericu·

719 3219 778 3275 luni
805 3222 857 3286 est,
874 3218 922 3273 sed
946 3218 981 3273 dc
1005 3218 1107 3273 animas
1130 3217 1305 3288 discrimine,

720 3291 755 3346 de
781 3288 988 3345 immortalibus
1016 3288 1184 3360 suppliciis,
1214 3289 1306 3360 deque

719 3360 844 3417 eoeleslis
856 3361 934 3431 regui
947 3359 1102 3416 amissione
1117 3376 1163 3416 res
1177 3359 1271 3431 agitur
1280 3377 1306 3416 :u

719 3434 780 3489 haec
800 3434 1015 3501 Glirpsostomua.
1040 3434 1097 3487 Nec
1116 3437 1211 3488 tamen
1231 3447 1306 3489 sem·

718 3521 770 3577 per
784 3505 904 3561 audiens
931 3508 1048 3559 verbum
1068 3502 1117 3558 Dei
1136 3511 1164 3559 et
1185 3520 1245 3560 non
1264 3504 1306 3562 la-

719 3577 807 3645 ciens,
824 3575 899 3631 cadit
912 3575 941 3630 iu
957 3574 1034 3630 illam
1049 3574 1237 3656 periculosam
1248 3575 1307 3633 rui·

720 3664 796 3716 nam,
823 3648 872 3704 sed
897 3646 1002 3718 duplici
1027 3646 1210 3704 distinctione
1234 3664 1305 3720 opus

719 3725 772 3776 est.
789 3721 860 3785 Una,
877 3722 1005 3789 exparte
1023 3718 1164 3775 audientis
1182 3719 1269 3792 :quia
1281 3719 1306 3777 is

719 3792 767 3861 qui
796 3791 874 3847 audit
900 3791 1017 3845 verbum
1039 3790 1099 3859 Dei,
1127 3796 1176 3846 aut
1202 3791 1307 3847 omittit

719 3864 812 3918 lacere
836 3878 869 3917 en
885 3868 1058 3933 contemptu,
1085 3868 1112 3918 ot
1132 3867 1199 3918 lunc
1214 3862 1307 3919 locum

719 3935 805 3990 habet
827 3932 981 3989 similitudo
1008 3933 1175 4006 proposila;
1199 3938 1246 3988 aut
1274 3948 1308 3988 ex

718 4004 882 4076 fragilitate,
905 4009 933 4060 et
951 4011 1017 4061 lunc
1036 4023 1101 4061 riou.
1132 4004 1194 4059 Alia
1209 4009 1252 4059 est
1272 4019 1306 4059 cx

720 4083 800 4150 parte
815 4075 895 4134 verbi
910 4075 960 4134 Uei
976 4095 982 4133 :
1004 4076 1070 4148 quia
1082 4092 1116 4132 ea
1141 4076 1228 4131 rerba
1243 4089 1306 4145 quse
