2790 4912
371 229 414 284 rs
437 228 596 288 seurota
620 206 743 290 nourr
767 234 803 289 nr
827 234 950 291 nourr.

509 580 648 656 CAPUT
673 583 815 656 xxxin

99 791 142 837 bk
177 791 313 839 SERRONE
335 791 441 839 Domi
460 793 493 839 nt
511 794 615 841 idom
638 797 645 839 ἰ
669 795 769 855 ratim,
792 798 831 842 ull
852 797 928 844 00‘1'0
948 799 1212 846 eeartrunntlnus

530 958 655 1016 tlattbaei
673 975 735 1032 cap.
753 960 786 1017 V.

100 1155 332 1212 iscauollounu
355 1173 383 1213 ui
405 1172 505 1212 roure.
522 1157 643 1214 -Post
696 1159 812 1215 meriti:
832 1163 910 1230 puta,
934 1162 1023 1242 Beati,
1047 1166 1114 1229 ete,
1136 1167 1166 1218 ct
1185 1162 1284 1235 alique

67 1225 119 1284 bec
144 1226 279 1283 Dominus
294 1229 376 1285 lesus
394 1227 461 1284 lecit
479 1242 640 1285 sermonem

76 1297 282 1371 pulcherrimum
306 1305 334 1356 et
362 1299 519 1371 copiosum,
544 1315 639 1372 quern,

74 1375 99 1426 ut
113 1369 174 1426 dicit
194 1373 379 1440 Aoposttmo,
395 1370 418 1427 si
440 1372 504 1443 quis
524 1369 571 1442 pie
594 1387 639 1427 so-

75 1438 173 1513 ln'eque
201 1441 440 1513 consideraverit„
460 1441 586 1498 inveniet
610 1442 639 1498 in

74 1526 106 1594 tt,
118 1518 251 1584 quantum
271 1514 307 1569 ad
322 1529 415 1569 mores
432 1513 555 1596 optimos
574 1529 638 1585 per-

74 1587 136 1652 buet,
151 1587 309 1656 perlectum
322 1585 386 1640 vite
397 1585 564 1642 Christianae
575 1600 636 1641 mo·

69 1651 636 1729 duru3etislnmsermonemomnibusprm·

70 1725 490 1799 teptis‚quibustristianavita
503 1727 637 1785 informa·

68 1798 110 1869 tur,
122 1814 183 1856 esse
197 1800 363 1871 perlectum.
377 1803 458 1856 llunc
473 1816 635 1857 sermonem

66 1866 234 1949 lethaeusel
244 1873 334 1927 Lucas
345 1873 422 1928 varie
430 1873 635 1941 narrant,etob

63 1940 321 2014 rd,quidamdicunl
332 1942 637 2015 Dominumpriusscr-

63 2025 163 2071 monem
184 2015 286 2072 iecisse
307 2013 452 2087 discipulis
479 2021 589 2071 tantum
606 2015 635 2070 ln

63 2085 203 2159 supercilio
223 2085 330 2143 montis
351 2086 488 2155 sedendo,
505 2103 556 2158 per
578 2103 636 2142 mo

63 2155 117 2215 lum
139 2158 278 2227 doctoris,
294 2162 323 2214 et
348 2158 425 2215 hunc
447 2167 545 2215 narrat
568 2160 636 2215 llat-

63 2227 160 2299 baeus3
179 2237 207 2286 et
221 2235 286 2302 post
298 2229 328 2285 in
338 2230 427 2287 latere
437 2231 543 2287 montis
557 2246 635 2286 com-

63 2300 176 2358 nuniter
202 2301 294 2358 turbis
321 2307 350 2357 et
378 2299 448 2358 disci
472 2301 524 2358 ulis
548 2301 635 2358 alium

63 2371 174 2429 imilcm
197 2373 312 2441 stando,
326 2388 379 2444 per
397 2317 512 2430 modum
532 2372 634 2445 pradi-

63 2445 165 2512 atoris,
186 2449 215 2502 cl
241 2445 316 2500 hunc
337 2449 436 2501 narrat
459 2447 558 2502 Lucas.
581 2443 635 2500 alii

63 2531 115 2573 'ero
134 2516 234 2573 dicunt
252 2516 404 2574 [lominum
420 2515 512 2588 primo
528 2516 636 2572 sedisse

63 2603 112 2646 mn
130 2588 279 2660 discipulis
304 2588 331 2644 in
349 2587 499 2659 supercilio
519 2589 634 2652 montis,

63 2659 197 2717 delectis
222 2658 382 2727 duodecim,
403 2659 584 2716 descendisse
600 2658 636 2714 ad

63 2729 175 2804 liquam
198 2731 344 2803 planitiem
368 2731 398 2786 in
424 2731 513 2787 latere
532 2729 637 2787 montis

63 2802 197 2876 jusdem3
215 2809 242 2859 et
261 2802 297 2858 ibi
314 2818 402 2858 unum
421 2818 583 2859 sermonem
599 2801 636 2858 si-

63 2874 184 2932 nulcum
199 2873 287 2930 turbis
298 2883 326 2930 et
339 2873 484 2957 discipulis
492 2873 636 2943 babuisse,

63 2962 136 3018 prem
152 2952 270 3017 uterque
285 2945 464 3017 Evangelrsta
482 2950 581 3002 narrat
594 2945 637 3001 di-

63 3017 219 3086 ’ersimode
235 3017 335 3074 cadem
347 3023 442 3073 tamen
457 3017 637 3073 reiverltate.

62 3088 106 3146 led
130 3088 254 3161 primum
283 3089 499 3145 convenientius
527 3093 639 3144 tenetur

63 3165 81 3216 rt
94 3159 209 3217 ceritati
231 3159 321 3231 magis
339 3159 502 3217 consentire
518 3159 636 3216 videtur.

63 3233 88 3289 it
102 3248 136 3288 ex
153 3233 207 3287 boc
224 3231 337 3289 inolevit
357 3231 532 3288 consuetudo
547 3231 576 3287 in
591 3233 639 3286 Ec·

63 3303 154 3373 desis,
169 3303 245 3430 <paud
258 3303 372 3375 quando
391 3304 424 3360 fit
438 3319 532 3385 serino
550 3301 639 3358 turbis

63 3380 86 3432 st
112 3391 179 3432 secu
192 3376 298 3443 ambus,
327 3378 384 3430 stat
410 3375 590 3448 predicator,
609 3378 641 3428 ut

62 3447 175 3503 evitans
188 3446 225 3502 ad
239 3462 364 3519 pugnarn
383 3452 412 3504 et
426 3445 638 3527 operationum

63 3519 170 3600 [nando
182 3523 279 3575 autem
298 3518 331 3574 tlt
347 3517 459 3576 clericis
478 3522 506 3574 et
525 3517 639 3587 religio-

63 3605 105 3659 ·os,
127 3589 218 3656 sedet,
239 3596 270 3647 nt
284 3589 408 3648 inritans
427 3589 464 3648 ad
479 3589 603 3661 quietem
613 3591 641 3644 et

63 3660 326 3733 cntemplationem.

86 3735 328 3790 aBearrruuruss
371 3751 437 3790 ocro
482 3747 640 3794 reaumaus

63 3819 123 3860 usis
134 3823 255 3862 ausen.
276 3836 309 3847 -
325 3803 463 3877 Proponit
479 3809 572 3861 autem
588 3805 641 3860 Do

63 3873 155 3932 minus
165 3877 284 3933 lesnsin
295 3876 433 3949 principio
447 3877 490 3933 sui
502 3873 641 3932 sermonis

63 3950 122 4004 octo
150 3948 341 4005 beatitudines
368 3965 420 4005 seu
448 3947 585 4016 virtutes,
612 3950 642 4002 et

63 4018 200 4077 subnectit
214 4019 334 4092 praemia
348 4018 467 4094 singulis
485 4017 639 4077 beatitudi-

63 4088 142 4149 nibus
153 4107 203 4148 seu
216 4091 367 4150 virtutibus
378 4090 639 4163 correspondentia.

63 4160 134 4222 lnde
148 4163 266 4236 ponitur
283 4162 325 4223 ibi
342 4162 451 4238 aliquid
461 4178 514 4238 per
525 4162 641 4221 modum

695 1245 748 1301 per
761 1229 876 1286 modum
894 1232 1002 1303 praemri
1020 1249 1027 1287 ε
1044 1237 1121 1304 puta,
1136 1237 1281 1305 quoniam,

696 1307 749 1357 etc.
765 1300 889 1357 Primum
905 1301 982 1358 eninr
997 1302 1119 1374 pertinet
1136 1305 1173 1360 ab
1189 1303 1281 1360 beati-

695 1372 822 1428 tudinem
846 1372 958 1441 meriti;
983 1375 1137 1430 secundum
1157 1390 1224 1431 vero
1244 1374 1282 1432 ad

695 1442 899 1501 beatitudinem
913 1444 1034 1516 praemii.
1054 1445 1119 1511 Sed,
1138 1445 1187 1517 qui
1206 1444 1279 1502 desi·

694 1514 775 1571 derat
804 1518 937 1587 consequi
971 1515 1142 1589 praemium,
1168 1516 1281 1575 studeat

693 1586 785 1658 primo
805 1587 912 1644 babere
930 1587 1072 1644 meritum.
1090 1588 1168 1645 Unde
1184 1590 1279 1659 dapu-

691 1662 782 1714 atinus
798 1679 806 1714 ε
823 1680 837 1711 ii
854 1662 941 1716 Nemo
956 1659 1059 1732 quippe
1074 1658 1195 1716 inveniri
1215 1664 1278 1732 pot·

693 1734 746 1800 est,
768 1732 927 1801 quibcatus
949 1747 1011 1787 esse
1034 1730 1114 1786 nolit.
1136 1731 1201 1800 Sed,
1222 1729 1278 1788 osi

691 1801 822 1858 homines
836 1803 978 1873 quomodo
991 1801 1153 1858 desiderant
1169 1818 1278 1859 merce-

691 1872 767 1941 dem,
784 1873 824 1930 sic
843 1890 914 1946 opus
934 1873 1071 1930 mercedis
1090 1890 1147 1930 non
1168 1889 1280 1932 recusa·

691 1945 769 2001 rentl
787 1944 855 2013 Quis
870 1962 926 2001 uon
943 1946 1076 2002 alacriter
1090 1950 1196 2014 currat,
1214 1958 1279 2002 cunt

692 2016 716 2073 ei
741 2016 844 2074 dicitur
868 2017 968 2074 beatus
992 2016 1212 2074 eris‘lLibenter
1227 2032 1278 2074 au·

690 2088 761 2160 dial,
781 2095 809 2145 et
832 2104 897 2145 cum
912 2088 1015 2145 dicitur
1034 2089 1057 2144 si
1076 2090 1138 2144 baec
1156 2086 1281 2146 leceris?

690 2162 753 2217 Non
768 2165 915 2218 recusetur
940 2165 1096 2229 certamen,
1112 2159 1136 2216 si
1150 2159 1279 2233 diligitur

690 2232 840 2304 premium
850 2251 859 2303 ;
878 2237 908 2288 el
926 2232 1098 2289 accendatur
1114 2232 1226 2290 animus
1242 2231 1280 2289 ad

690 2304 867 2360 alacritatem
882 2304 1003 2376 operis,
1030 2303 1280 2360 cornurendatione

691 2375 830 2430 mercedis
847 2393 854 2431 :
871 2396 885 2426 o
904 2376 965 2432 baec
982 2377 1167 2444 Aupristinus.
1184 2373 1276 2430 Beati·

690 2447 758 2503 tudo
778 2445 881 2518 quippe
905 2447 1019 2516 dicitur,
1036 2445 1196 2517 dupliciter.
1217 2445 1278 2501 Uno

692 2517 776 2572 modo
800 2519 827 2572 in
851 2534 913 2589 spe,
928 2518 1002 2574 sicut
1028 2519 1149 2574 babetur
1167 2515 1197 2571 in
1209 2514 1276 2584 via3

692 2588 748 2644 alio
773 2588 858 2644 modo
880 2588 909 2644 in
934 2606 975 2657 re,
1007 2589 1080 2645 sicul
1108 2587 1230 2643 babetur
1247 2585 1278 2644 in
1330 2656 1333 2661 y

691 2659 793 2732 patria.
806 2659 884 2716 Beati
900 2665 967 2716 sunt
981 2676 1049 2731 ergo
1064 2659 1234 2716 excellentes
1248 2657 1278 2715 in

692 2730 805 2799 virtute,
821 2731 996 2788 beatitudine
1015 2729 1068 2787 riae
1076 2747 1128 2803 per
1145 2730 1279 2803 gratiam,

691 2802 872 2859 beatificandi
900 2802 1074 2859 beatitudine
1102 2801 1202 2875 patriae
1226 2817 1279 2874 per

692 2874 822 2946 gloriam.
836 2873 896 2946 Vel,
910 2874 1065 2931 secundum
1078 2875 1210 2932 eumdem
1219 2874 1278 2931 Aa·

693 2950 846 3017 posticam,
864 2962 921 3004 nou
935 2945 1001 3003 inde
1016 2947 1092 3003 beati
1111 2952 1188 3016 suut,
1211 2944 1279 3018 quia

694 3034 834 3092 pauperes
853 3017 968 3092 spiritu;
991 3018 1190 3090 sedquoniam
1205 3018 1280 3091 ipso·

694 3107 758 3147 rum
789 3097 833 3148 est
863 3106 984 3165 regnum
1010 3091 1170 3149 coelorum:
1199 3091 1281 3148 etita

694 3162 729 3218 de
753 3162 817 3218 aliis
836 3164 992 3220 suonrodo.

730 3235 851 3289 dPnrua
870 3250 1017 3289 suarrruuo
1035 3248 1208 3286 :recrearas
1226 3247 1280 3285 sru-

694 3320 782 3359 mrus.
798 3334 826 3342 --
847 3305 880 3359 Et
891 3305 1017 3372 operiens
1030 3316 1059 3354 os
1073 3317 1153 3354 suum
1165 3301 1279 3356 docebat

694 3389 748 3438 cos,
762 3374 873 3428 dicens:
888 3375 969 3428 Beati
975 3385 1110 3442 pauperes
1123 3371 1236 3439 spiritu,
1249 3369 1279 3426 id

694 3449 747 3513 est,
770 3444 915 3499 voluntate
941 3446 970 3498 et
989 3438 1139 3508 electione,
1155 3456 1278 3499 nonne·

694 3514 824 3572 cessitate
853 3514 899 3570 vel
925 3510 1123 3584 simulatione;
1148 3515 1281 3584 quonlam

693 3591 816 3660 ipsorum
842 3591 882 3641 est
905 3600 1019 3652 reperim
1045 3586 1181 3647 celorum.
1203 3582 1280 3658 quod

694 3666 738 3716 est
755 3657 904 3731 praemium
929 3658 1156 3729 correspondens
1177 3655 1280 3715 merito

694 3747 803 3788 eorum.
811 3729 864 3788 Ubi
877 3728 1034 3799 sciendum,
1046 3731 1122 3800 quod
1129 3734 1281 3802 paupertas

694 3802 810 3885 spiritus
833 3803 953 3862 sumitur
980 3802 1041 3872 bic,
1060 3817 1112 3874 pro
1132 3802 1280 3860 abstinen-

694 3881 734 3933 tia
766 3876 803 3933 ab
831 3893 928 3935 amore
961 3873 1079 3944 mundi,
1108 3872 1137 3930 id
1165 3879 1218 3943 est,
1245 3871 1282 3931 ah

693 3963 792 4005 amore
820 3966 919 4007 eorum
943 3965 1005 4020 qum
1028 3946 1057 4003 in
1079 3946 1186 4003 mundo
1203 3947 1282 4027 sunt,

698 4025 727 4076 et
743 4036 807 4092 quae
822 4027 934 4078 amator
948 4019 1046 4077 mundi
1062 4017 1259 4090 complectitur
1274 4031 1284 4071 ι

698 4097 727 4148 et
747 4091 788 4147 sic
813 4096 855 4148 est
877 4091 1008 4164 plenaria
1021 4089 1146 4148 omnium
1161 4088 1285 4169 delecta·

698 4161 798 4220 billum
808 4162 960 4234 abdicatio,
973 4179 1073 4220 omnes
1083 4160 1287 4218 delectationes
