2790 4912
122 307 155 363 92
428 309 432 318 '
514 312 621 367 iliius
648 314 767 369 rinrls
793 313 899 368 dirui
927 314 965 366 Xl

126 414 227 469 derent
237 416 359 471 Puerum
374 416 474 487 pannis
487 416 588 474 vilibus
601 418 709 476 involu-

128 492 186 540 tum
199 485 308 554 gremio
323 488 453 558 pauperis
469 491 565 544 llatris
575 491 707 561 positum,

129 555 237 612 nullum
264 560 350 627 regiae
376 559 531 616 divinitatis
556 562 708 619 habentem

127 626 251 696 signum,
274 644 331 684 non
355 634 397 685 est
410 630 562 687 verisimile
578 634 653 703 quod
669 639 710 690 ta-

128 699 182 753 lem
195 699 382 756 reverentiam
396 702 422 756 ei
434 702 638 773 exhibuissent,
654 704 710 761 nisi

128 767 156 823 in
170 783 227 839 quo
240 769 348 841 aliquid
358 788 444 843 supra
457 773 592 830 hominen
607 792 710 846 cogno-

128 838 242 895 vissent.
261 842 339 898 Unde
355 845 512 899 heriardus
528 863 536 899 ε
553 847 710 903 «adorant

128 909 212 981 Magi,
228 917 256 966 et
272 913 396 970 ollerunt
417 931 535 971 munera
556 918 649 974 adhue
667 918 708 975 la·

126 981 213 1036 rtanti
242 985 338 1039 Matris
362 987 460 1042 ubera.
478 987 532 1044 Sed
550 988 598 1044 ubi
618 993 671 1058 est,
691 1006 708 1045 o

125 1053 211 1124 blagi,
226 1054 273 1110 ubi
299 1060 342 1110 est
361 1073 489 1129 purpura
506 1059 581 1130 regis
604 1060 709 1132 hujus?

126 1124 268 1195 Numquid
282 1125 352 1182 viles
366 1129 453 1199 panni
474 1129 520 1185 isli
544 1130 646 1201 quibus
663 1132 707 1188 in·

127 1195 255 1252 volutus?
267 1197 296 1254 Si
306 1214 352 1253 rcx
367 1205 419 1267 est,
437 1199 569 1258 diadema
584 1204 629 1258 uhi
646 1205 707 1259 est?

125 1267 181 1323 Sed
201 1283 251 1323 vos
270 1285 334 1324 eum
355 1287 421 1328 vere
443 1272 543 1330 videtis
563 1274 592 1329 in
608 1275 706 1330 diede-

123 1344 196 1394 inste
218 1355 270 1408 quo
294 1346 434 1399 coronavit
456 1360 517 1399 eum
537 1347 626 1400 liutei
644 1362 704 1410 suo,

124 1409 154 1465 in
168 1425 250 1466 sacco
271 1419 374 1470 noslrae
394 1415 584 1484 mortalitatis,
600 1416 635 1473 de
650 1434 706 1488 quo

123 1497 309 1553 consurgens,
327 1484 390 1540 ait:
412 1488 576 1543 conscidisti
599 1504 706 1544 succum

123 1568 223 1615 mcum,
244 1560 269 1609 et
288 1557 495 1613 circumdedisti
509 1575 552 1613 me
566 1560 673 1616 latitia.
691 1581 705 1610 »

125 1625 159 1678 Et
172 1624 273 1680 ilerum
290 1642 296 1680 :
315 1648 329 1675 i<
345 1628 400 1683 Sed
415 1629 489 1684 unde
504 1631 583 1686 vobis
607 1631 670 1699 hoc,
690 1647 706 1687 o

123 1693 312 1765 alienigenae,
350 1703 381 1753 ut
416 1715 433 1755 a
465 1700 544 1756 vobis
573 1701 708 1758 adoretur

126 1765 273 1822 Christus?
288 1769 384 1838 Neque
398 1769 474 1826 enim
497 1770 526 1826 in
543 1773 628 1828 lsrael
644 1778 707 1829 tan·

127 1841 185 1892 tam
212 1837 297 1892 iidem
319 1838 489 1897 invenimus.
514 1841 559 1898 Sic
578 1859 628 1899 iios
651 1861 708 1900 non

125 1907 249 1963 ollendit
272 1908 335 1964 vilis
356 1911 493 1969 habitatio
516 1914 631 1983 stabuli,
650 1931 708 1971 non

126 1993 265 2049 pauperes
293 1996 373 2036 cunae
399 1984 541 2055 praesepii.
571 1989 632 2041 Non
659 2002 710 2041 vos

127 2049 262 2120 pauperis
284 2053 382 2108 ltlatris
406 2055 569 2125 praesentia,
591 2072 647 2112 non
667 2058 710 2112 la-

128 2119 231 2175 ctantis
249 2122 420 2180 scandalizat
438 2126 568 2182 infantia.
585 2127 656 2194 Quid
671 2129 711 2184 la-

128 2190 202 2258 citis,
220 2193 304 2263 Magi,
319 2195 387 2264 quid
414 2197 524 2254 tacitis?
547 2200 710 2255 Lactantem

130 2263 251 2318 Puerum
276 2265 401 2322 adoratis
424 2268 452 2324 in
471 2269 584 2339 tugurio
602 2270 661 2339 rili,
682 2271 711 2326 in

129 2332 231 2390 vilibus
246 2335 342 2406 panisl
361 2341 471 2410 Ergone
488 2343 563 2397 Deus
577 2347 621 2398 est
637 2341 711 2398 isle?

129 2407 200 2460 neus
213 2412 289 2463 certe
304 2411 333 2463 iii
347 2413 446 2482 templo
460 2418 554 2469 sancto
565 2429 624 2478 suo,
640 2417 710 2469 Deris

131 2479 160 2532 iii
175 2478 237 2532 coelo
252 2480 328 2534 sedes
343 2483 411 2551 ejus,
426 2488 456 2539 et
467 2500 517 2540 vos
531 2501 596 2541 eum
610 2486 712 2555 quaeri-

130 2546 167 2603 tis
182 2546 210 2603 in
225 2548 271 2605 iili
288 2552 410 2622 stabulo,
425 2554 454 2610 in
472 2555 569 2611 blatris
583 2556 709 2628 gremiol

131 2618 203 2686 Quid
220 2619 323 2690 facitis,
339 2626 415 2694 quod
429 2632 457 2682 et
471 2643 572 2684 aurum
584 2626 712 2684 ollertis‘l

132 2691 205 2771 Ergo
215 2707 264 2748 rex
277 2700 322 2749 est
335 2697 416 2766 ipse?
431 2699 463 2752 Et
480 2698 527 2755 ubi
542 2700 608 2755 aula
621 2699 711 2768 regia,

131 2762 178 2817 ubi
195 2762 325 2833 thronus,
347 2767 393 2823 uhi
418 2769 504 2824 curiae
529 2769 633 2839 regalis
655 2772 712 2827 lre·

131 2833 270 2901 quentia?
286 2837 427 2907 Numquid
454 2838 519 2896 aula
546 2847 590 2896 est
615 2842 713 2898 stabu-

131 2901 201 2968 lum,
226 2904 347 2962 thronus
362 2924 451 2979 praese
474 2911 541 2978 ium,
557 2912 642 2968 curiae
657 2913 713 2968 lre·

132 2974 249 3053 quentia
265 2978 370 3048 loseph
390 2983 420 3034 et
466 2981 550 3036 aria?
567 2983 713 3048 Quomodo

134 3045 713 3123 itainsipientesiactisuntririsapientes,

133 3119 165 3170 ut
189 3115 308 3172 adorent
333 3120 484 3176 Pariulum
500 3122 713 3194 despicabilem,

133 3191 192 3241 tani
225 3203 276 3243 sua
306 3196 389 3247 alate
427 3208 512 3262 qnam
548 3202 715 3266 paupertate

132 3259 272 3314 suorum?
290 3262 458 3333 insipientes
483 3265 549 3321 lacti
580 3272 655 3336 sunt,
686 3270 717 3322 ut

133 3328 237 3386 fierent
259 3333 411 3404 sapientes,
433 3344 462 3391 et
485 3338 641 3407 praedocuit
665 3355 715 3395 eos

134 3401 255 3472 Spiritus
268 3406 343 3475 quod
357 3412 456 3478 postca
467 3409 630 3478 praedicaril
640 3412 715 3481 Apo-

131 3473 230 3528 solus:
252 3477 305 3542 Qui
335 3480 395 3534 uult
427 3495 483 3534 esse
511 3484 643 3552 sopiens,
666 3485 716 3551 fiat

132 3545 234 3598 stultus
248 3553 280 3600 ut
295 3552 406 3619 sapiens
420 3554 467 3606 sit.
492 3552 591 3608 Nonne
614 3553 716 3608 timen-

135 3609 202 3692 dum
228 3622 299 3684 erat,
327 3635 362 3674 ne
386 3620 645 3678 scandalizarentur
663 3622 715 3677 viri

134 3686 192 3752 isti,
217 3689 247 3739 et
280 3687 379 3767 illusos
405 3708 436 3748 se
464 3693 622 3762 crederent,
651 3708 716 3749 cum

134 3757 215 3808 tanta
228 3756 345 3828 indigna
359 3761 507 3818 viderent?
521 3766 543 3819 Α
558 3765 636 3835 regia
652 3764 717 3820 civi·

134 3829 192 3880 tate
207 3827 255 3883 nbi
269 3845 365 3900 regem
401 3833 564 3890 uerendum
578 3836 717 3907 conjecta·

136 3895 241 3952 bantur
254 3900 300 3980 'ad
315 3848 479 3961 Bethiehem
499 3905 594 3961 villam
616 3922 716 3977 parru-

135 3966 192 4022 lam
233 3939 410 4054 (brigenium
451 3975 649 4046 ingrediuntur
688 3977 717 4033 in

135 4038 607 4108 stabulum,inveniuntinvolutum
616 4049 718 4120 pannis

136 4108 319 4168 lalantulum.
336 4116 397 4170 Non
424 4114 480 4171 illis
505 4119 601 4176 sordet
621 4121 718 4177 stabu-

137 4179 206 4248 lum,
234 4198 291 4238 non
320 4184 503 4251 pllendunlur
523 4189 637 4261 pannis,
662 4206 720 4246 non

137 4252 365 4313 scandalizantur
402 4257 533 4315 lactantis
568 4260 718 4331 inlantia;

767 419 919 494 procidunt
937 422 1003 476 ante
1025 433 1102 481 eum,
1127 420 1296 474 venerantur
1314 420 1339 473 ut
1393 356 1395 470 i

767 507 876 563 regem,
894 491 1017 547 adorant
1042 495 1073 546 ut
1090 488 1263 546 Dedim'Sed
1287 502 1337 560 pm

769 563 842 620 lecto
864 562 910 633 qni
937 561 1000 618 illos
1017 560 1153 628 adduxit,
1178 559 1240 686 ifpse
1257 564 1283 614 et
1301 557 1336 614 in-

768 635 885 703 struxit3
897 631 980 703 etqui
993 647 1045 704 per
1056 631 1168 688 stellam
1192 629 1336 712 orisadne

768 704 842 775 nuit,
867 704 928 777 ipse
954 706 983 759 in
1010 702 1121 759 occulto
1151 701 1248 758 cordis
1274 706 1334 757 intui

768 775 904 833 edocuit:
921 797 935 824 i»
956 776 1016 831 baec
1031 773 1200 831 bernardus.
1221 771 1333 829 Undeel
1390 778 1395 845 l

767 849 942 916 Augustinus
957 864 966 901 .·
987 867 1002 898 «
1021 847 1083 902 Non
1098 845 1151 901 sub
1166 843 1267 926 pollice
1282 840 1335 900 sella
1390 849 1395 988 ⁴

768 918 882 990 regalis,
911 932 968 973 non
992 916 1028 973 de
1056 916 1191 973 membris
1237 928 1334 987 urpura,

767 1006 825 1046 non
842 988 978 1060 incapite
995 988 1126 1044 diadema
1141 986 1220 1057 lulge
1256 991 1277 1055 l,
1290 998 1334 1040 non
1390 993 1395 1060 1

767 1075 871 1132 pompa
883 1058 1092 1126 famulantium,
1105 1073 1162 1114 non
1175 1063 1334 1137 terrorexsr

767 1131 883 1200 cituum,
901 1147 959 1187 non
980 1129 1132 1201 gloriosior
1150 1128 1228 1185 lama
1245 1125 1335 1208 prelio·
1390 1179 1395 1205 Ι

767 1219 830 1259 rum
845 1204 898 1260 hos
911 1203 1023 1259 adeum
1038 1200 1124 1269 viros,
1135 1216 1169 1257 ex
1184 1203 1334 1256 remolisre

766 1273 909 1345 gionibus,
933 1289 998 1329 cuin
1023 1278 1101 1329 tanto
1123 1275 1190 1327 voto
1214 1268 1333 1352 supplices

765 1351 929 1402 attraxerat.
944 1345 1061 1402 iacebat
1077 1342 1106 1398 in
1122 1356 1262 1415 praesepio
1278 1341 1334 1396 ruer

766 1422 829 1473 ortu
840 1432 949 1485 recens,
962 1417 1079 1487 exiguus
1089 1429 1221 1486 corpore,
1233 1416 1334 1469 conteni

766 1487 872 1559 ptibilis
911 1493 1088 1559 paupertate.
1127 1484 1186 1542 Sed
1218 1494 1335 1566 niagnnni

765 1554 1335 1630 aliquidlatebatinPuero,qnodillihoni·

765 1645 828 1697 nes,
838 1647 893 1686 non
908 1636 985 1686 terra
999 1633 1142 1701 portante,
1150 1626 1200 1683 sed
1209 1626 1336 1682 coelonar·

766 1706 859 1770 rante,
867 1701 1033 1757 didicerant.
1045 1720 1060 1750 ii
1075 1698 1153 1756 Unde
1162 1703 1191 1755 et
1200 1698 1337 1767 cummis

766 1769 1335 1828 mus.-«Etiiitrantesdomuminvenemnt
1394 1821 1395 1844 ,

769 1846 963 1900 Puerumcum
972 1841 1335 1912 Mariahlatreejusdtatia,
1394 1853 1395 1900 l

768 1916 896 1986 inquam,
916 1917 988 1986 ejus,
1011 1929 1068 1969 non
1088 1912 1251 1992 diademate
1270 1921 1337 1966 coro

769 1991 847 2054 nala,
855 2002 911 2043 non
922 2002 991 2042 auro
1003 1984 1171 2056 refulgente,
1180 1986 1230 2065 aut
1240 1997 1271 2037 in
1279 1981 1339 2063 lecto

768 2074 855 2115 aureo
874 2058 1067 2125 recumbente,
1087 2054 1137 2111 sed
1162 2069 1206 2109 vix
1231 2057 1342 2110 tunicin

769 2144 854 2186 unam
869 2129 1003 2196 habente,
1021 2143 1080 2183 non
1099 2125 1136 2182 ad
1153 2127 1345 2204 ornamentum

769 2199 908 2272 corporis,
924 2201 973 2255 sed
987 2199 1023 2255 ad
1036 2203 1232 2269 tegumentum
1245 2194 1347 2251 nudita-

771 2272 818 2340 tis,
847 2272 959 2342 qualem
979 2271 1085 2327 habere
1108 2272 1222 2350 poterat
1241 2279 1348 2348 cai-pen

770 2342 835 2399 larii
851 2358 919 2398 iiiior
930 2357 1050 2414 peregre
1064 2341 1229 2398 constituta.
1244 2338 1274 2419 Si
1290 2350 1350 2409 ergo

770 2429 866 2485 regem
876 2418 1020 2470 terrenum
1031 2415 1192 2492 quarentes
1204 2412 1354 2489 venissent,

772 2484 861 2556 magis
884 2485 1005 2542 luissent
1027 2483 1135 2540 contusi
1154 2495 1243 2553 quam
1257 2494 1354 2561 gavisi,

770 2557 905 2627 quoniam
926 2554 996 2611 tanti
1018 2556 1128 2610 itineris
1147 2553 1280 2610 laborem
1299 2564 1356 2632 sine

771 2643 856 2684 causa
870 2625 1069 2697 suscepissent.
1086 2627 1165 2682 Nunc
1181 2627 1281 2681 autem
1290 2635 1360 2704 quia

771 2700 915 2755 coelestem
933 2714 1029 2780 regem
1048 2696 1224 2768 querebant,
1243 2698 1298 2750 elsi
1315 2708 1361 2748 ni·

771 2771 811 2827 hil
832 2769 928 2841 regale
949 2768 1084 2825 videbant
1105 2768 1134 2823 in
1149 2783 1201 2848 eo,
1220 2770 1359 2846 attamen,

772 2842 860 2898 solius
889 2840 977 2897 stellae
1014 2839 1176 2896 testimonio
1204 2840 1361 2918 contenti,

791 2913 936 2969 audebant
951 2910 1025 2968 oculi
1044 2925 1142 2967 eornm
1156 2907 1362 2989 contemptibi-

772 2930 829 3040 ᾖσι
850 2984 972 3040 Puerum
990 2981 1127 3062 aspicere,
1153 2995 1220 3050 quia
1242 2981 1363 3051 spiritus

773 3055 803 3111 in
817 3055 902 3110 corde
917 3066 1015 3111 eorum
1030 3051 1186 3109 terribilem
1199 3064 1270 3106 eum
1285 3064 1365 3106 mon·

774 3126 924 3183 strabat.»
954 3124 1033 3181 Unde
1058 3123 1144 3180 etiam
1174 3124 1226 3177 heo
1253 3121 1333 3192 Papa
1355 3135 1365 3174 t

775 3219 790 3250 «
806 3200 861 3253 Nec
873 3195 1015 3252 immerito
1033 3211 1096 3251 cum
1111 3199 1169 3249 tres
1187 3192 1224 3249 ad
1239 3190 1366 3272 adoran·

774 3270 841 3326 dum
866 3268 990 3323 Puerum
1020 3266 1086 3322 novi
1113 3263 1216 3321 sideris
1244 3262 1364 3319 claritas

774 3338 954 3407 deduxisset,
987 3353 1045 3393 non
1076 3352 1141 3393 eum
1168 3335 1364 3416 imperantem

775 3409 961 3478 daemonibus,
987 3424 1044 3464 non
1068 3412 1195 3466 mortuos
1221 3410 1365 3486 suscitan-

775 3487 843 3549 tem,
860 3497 917 3537 non
944 3479 1026 3536 caecis
1051 3479 1153 3548 visum,
1177 3481 1227 3558 aut
1253 3475 1365 3533 claudis

774 3568 915 3625 gressum,
936 3556 985 3608 ant
1000 3550 1086 3606 mutis
1108 3548 1254 3629 eloquium
1268 3546 1363 3628 reior-

775 3632 912 3691 mantem,
920 3623 963 3679 vel
979 3623 1008 3678 in
1022 3621 1118 3693 aliqua
1129 3620 1294 3675 divinarum
1307 3634 1365 3674 iir-

774 3700 865 3751 tutum
880 3693 992 3751 actione
1011 3692 1151 3761 viderunt,
1167 3690 1218 3746 sed
1235 3690 1365 3771 i’uerum

773 3766 916 3833 silentem,
937 3764 1073 3837 quietum,
1092 3763 1144 3820 sub
1163 3763 1262 3818 Matris
1282 3760 1363 3817 solli·

774 3835 897 3894 citudine
911 3835 1107 3893 constitutum.
1123 3835 1156 3889 ln
1173 3848 1230 3904 quo
1248 3832 1363 3889 nullum

774 3907 888 4036 titt
901 3902 1365 4050 tlhtNilltitllliltb

775 3995 954 4107 miracufum.
974 4051 1045 4106 Tota
1064 4047 1139 4105 enim
1154 4045 1213 4103 rita
1232 4046 1364 4128 Saluitto·

776 4121 826 4190 ris,
853 4137 917 4193 que
946 4125 975 4178 et
1004 4119 1149 4178 diabolum
1170 4123 1317 4190 superavit
1334 4122 1364 4175 et

777 4192 926 4261 mnndum,
955 4191 1114 4248 humilitate
1141 4194 1186 4245 est
1212 4194 1364 4271 concepta,

776 4263 936 4321 bumilitate
966 4268 1009 4320 est
1036 4262 1175 4322 coniecta.
1201 4261 1364 4335 Dispositos
