2790 4912
77 337 124 399 18⁴
457 337 566 391 PRIH
591 335 712 392 ruinis
738 332 840 389 CAPUT
869 330 935 387 uxi

79 446 121 530 gi,
148 445 246 516 sieque
277 458 295 501 a
322 440 406 500 uobis
433 441 542 514 justitia
574 441 669 498 omnis
722 440 790 496 dere
809 436 1038 510 aequa1i‚et·non
1056 436 1197 509 praeferre
1211 451 1241 494 se
1258 435 1299 493 mi·

77 516 254 590 implebitur.
274 513 418 571 iustitiam
437 529 505 570 vero
524 511 571 570 bie
589 528 668 569 com·
722 509 805 578 uori;
838 509 965 581 perfecta
1006 511 1035 565 et
1064 508 1299 581 superabundans

98 589 252 645 lomentum
269 589 433 641 cunctorum
448 582 578 640 nominat
591 598 669 639 maii-
722 580 845 638 subdere
868 594 899 636 se
913 576 1030 649 minori,
1046 583 1076 636 et
1099 595 1162 637 non
1178 580 1299 654 praeierit

78 603 223 724 Satorum,
239 655 392 712 ostendeus
406 655 481 711 hane
495 669 592 711 verani
606 669 669 711 esse
723 668 754 709 se
773 649 872 719 aticui;
894 655 923 707 et
947 651 1024 707 buno
1051 650 1172 708 tertium
1193 650 1299 722 madum

76 727 267 803 justitiam,ut
278 726 340 798 ipsa
349 724 487 783 Dominus
495 740 529 782 ac
537 724 670 796 Magister
723 721 849 781 Christus
863 720 910 778 bic
924 720 1028 791 tenuit,
1045 719 1111 779 ideo
1126 737 1240 779 omnem
1255 721 1297 779 hu·

79 814 166 857 omne
198 797 228 854 in
259 813 289 853 se
314 795 413 852 salutis
443 801 547 853 nostrae
573 811 669 853 sacra·
724 793 873 850 militatem
887 791 1022 865 implevit.
1039 793 1119 850 Unde
1133 793 1295 850 Demmdut:

79 872 207 928 mentum
234 867 375 939 impleret.
395 867 559 924 Mandatum
579 865 669 938 siqui·
725 884 739 918 u
756 867 804 920 Est
823 868 917 920 autem
975 864 1068 921 aedam
1086 863 1197 936 justitia
1214 864 1295 922 urion

81 940 148 998 dem
162 944 225 995 erat
235 937 410 1006 hominibus,
425 937 595 1010 baptismum
607 939 671 994 sub-
724 941 753 993 et
766 939 924 1006 angustat
953 935 1006 1004 de;
1020 932 1061 992 ita
1087 940 1119 992 ut
1146 932 1294 1006 quamcito

80 1009 125 1069 ire
139 1010 298 1082 Prophetae.
315 1009 501 1078 Vel,omnem
518 1008 669 1080 Justitiam,
724 1007 827 1079 pedem
852 1005 981 1077 verteris,
1009 1005 1039 1062 iu
1065 1005 1175 1079 peceati
1203 1007 1293 1062 inretiti

81 1080 212 1139 faciendo
238 1079 389 1151 uniruique
414 1080 489 1150 quod
506 1095 589 1137 suum
616 1084 669 1136 est.
725 1077 813 1146 cadis,
826 1093 879 1133 nec
899 1093 1066 1149 praeponere
1085 1093 1116 1134 se
1131 1075 1241 1149 aequali,
1254 1090 1294 1133 iitt

83 1151 136 1220 Qui
151 1151 226 1209 enim
239 1150 342 1210 Christi
355 1151 529 1222 Baptismum
543 1148 670 1222 suscipit,
725 1164 838 1220 equare
859 1147 1041 1274 praeposito..
1063 1149 1154 1220 Hujus
1185 1145 1294 1205 definin'o

878 1235 926 1276 ere
948 1236 1101 1292 unicuique
1130 1218 1293 1291 quodsum

83 1222 238 1281 miseretur
262 1221 366 1279 animai
385 1238 445 1278 suae
464 1222 580 1294 placens
602 1223 672 1289 Deo,
725 1226 785 1289 est,
806 1219 857 1276 red

84 1294 186 1352 salutis
200 1293 340 1350 medelam
355 1293 522 1363 suscipiens,
536 1297 565 1349 et
578 1290 672 1349 humi·
726 1295 778 1348 est.
797 1293 846 1347 Est
864 1290 955 1347 altera
973 1290 1058 1347 latior
1079 1295 1109 1348 et
1128 1288 1296 1416 ampliorniu

82 1364 151 1423 liter
169 1365 299 1421 subditur
318 1364 445 1422 Creatori
463 1380 526 1433 suo,
549 1364 610 1435 ejus
628 1363 671 1419 iii-
727 1362 814 1431 stitia,
829 1377 881 1417 uec
897 1377 1011 1434 aequare
1030 1378 1061 1418 se
1079 1361 1154 1434 pari,
1169 1376 1220 1418 nea
1238 1376 1247 1416 i
1274 1373 1298 1415 e·

84 1435 224 1494 stitutioni
236 1436 382 1505 obediens,
395 1434 611 1508 proximumque
624 1450 672 1490 ex·
727 1432 796 1489 riori
816 1448 991 1514 praeponere.
1006 1432 1084 1489 Sicut
1102 1432 1180 1490 euim
1198 1428 1299 1504 grandis

84 1507 179 1579 emplo
202 1507 335 1576 aedificat,
360 1523 424 1563 euin
448 1507 484 1563 ad
505 1508 611 1564 bonum
632 1504 673 1560 iu·
728 1508 756 1561 et
778 1519 873 1575 gravis
894 1502 1029 1576 superbia
1054 1509 1100 1561 est
1120 1503 1254 1576 praeferre
1276 1512 1299 1558 st

8 1596 11 1601 ·
85 1578 204 1636 duceris.
230 1578 275 1635 Sic
301 1594 369 1649 ergo
395 1592 510 1634 omnem
532 1575 672 1649 justitiam
728 1573 846 1646 aequaii,
876 1579 927 1630 aut
957 1589 1072 1648 aequare
1106 1576 1243 1643 Praelat03
1268 1569 1299 1629 ii«

84 1648 195 1730 implet,
211 1648 278 1720 quia
294 1650 364 1716 Deo,
381 1653 409 1704 et
422 1647 486 1717 sibi,
499 1652 529 1704 et
547 1645 674 1719 proximo
728 1645 846 1718 grandis
864 1632 1011 1702 humilitas
1032 1650 1076 1703 est
1099 1644 1261 1702 inferiorem
1278 1656 1299 1723 a]

83 1719 153 1777 facit
174 1719 250 1790 quod
273 1720 367 1776 debet.
384 1719 435 1776 Vel
458 1734 570 1775 omnem
590 1716 674 1789 justi·
730 1715 1164 1799 exhibereaequaiietaequalem
1177 1713 1299 1771 interiori

85 1792 177 1859 tiam,
205 1790 334 1847 iaciendo
381 1788 440 1847 rius
469 1789 545 1861 quod
578 1794 675 1860 postea
731 1787 851 1844 Maxima
865 1793 893 1844 et
906 1788 991 1870 plena
1001 1787 1115 1859 justitia
1131 1792 1187 1855 est,
1201 1783 1299 1842 inferio

85 1860 151 1918 fieri
176 1861 261 1918 debet
288 1862 324 1918 ab
350 1806 425 1929 affiis,
440 1860 520 1942 quasi
540 1859 674 1943 diceret:
730 1875 791 1940 rem
808 1874 839 1915 se
854 1859 987 1939 exhibere
1002 1858 1088 1941 etiam
1105 1857 1160 1930 ipsi
1179 1850 1299 1939 interiori

86 1932 154 1989 Ideo
168 1947 213 1988 me
234 1948 309 1989 nune
324 1932 414 1988 subdo
438 1933 489 1988 tibi
510 1947 625 1998 minori,
640 1945 676 1986 ne
712 1957 714 1961 ·
731 1931 809 1987 Siout
822 1945 898 1986 enim
908 1945 1020 1986 summa
1030 1934 1059 1985 ot
1072 1927 1299 1986 intolerabihssn

86 2001 280 2072 dedignentur
294 2004 418 2072 majores
431 2017 449 2057 a
461 2000 617 2058 minoribus
628 2002 678 2057 ba·
730 2000 830 2083 perbia
844 2005 897 2070 est,
918 1999 1056 2072 superiori
1080 2016 1111 2057 se
1134 2011 1295 2072 praeponere

86 2070 189 2144 ptizari
214 2072 256 2127 vel
283 2073 354 2152 regi.
381 2073 462 2128 Unde
480 2072 675 2127 Ambrosius:
730 2078 773 2128 ita
798 2070 927 2129 interiori
946 2087 976 2127 se
1003 2072 1135 2140 subdere,
1151 2082 1299 2127 summam

89 2163 104 2195 a
121 2143 188 2209 Quae
203 2149 246 2198 est
256 2140 377 2223 justitia,
393 2141 447 2198 nisi
466 2142 541 2214 quod
556 2141 677 2198 aiterum
732 2148 761 2200 et
775 2141 859 2214 plena
873 2142 994 2215 justitia.
1010 2143 1090 2210 Quod
1104 2157 1174 2213 ergo
1195 2142 1299 2198 Joaiine

87 2212 184 2270 faeere
210 2213 290 2281 velis,
310 2212 389 2284 prior
412 2212 474 2284 ipse
499 2212 629 2284 incipias,
649 2219 677 2270 et
732 2213 794 2270 ait:
815 2216 873 2284 Ego
900 2230 918 2270 a
946 2218 974 2270 te
997 2214 1087 2270 debeo
1112 2210 1262 2284 baptizari,
1281 2208 1299 2266 d

87 2287 138 2341 tuo
157 2283 229 2353 alios
256 2282 379 2340 horteris
404 2283 550 2356 exemplo‘t
565 2304 579 2334 u
596 2285 676 2340 Unde
751 2284 824 2340 rima
843 2283 897 2340 init
911 2301 967 2356 qua
984 2282 1168 2356 superiorise
1183 2279 1299 2339 subdidit

87 2360 118 2412 et
141 2356 347 2426 chrysostomus
369 2374 414 2411 :a
443 2357 505 2412 Nou
537 2370 605 2436 ergo
633 2355 675 2411 sui
732 2301 810 2423 guod
832 2361 926 2412 autem
941 2355 1069 2413 Christus
1089 2353 1154 2411 iecit
1181 2353 1218 2410 de
1236 2351 1299 2425 plen

89 2441 176 2484 causa
198 2425 333 2498 baptizari
354 2425 490 2483 Dominus
507 2426 606 2496 voluit,
626 2425 677 2482 sed
728 2425 838 2499 iustitia
866 2425 932 2495 suit;
963 2426 1103 2498 siquidem
1135 2397 1185 2482 ilie
1216 2421 1299 2480 sertui

89 2512 177 2555 causa
191 2498 294 2568 nostri,
311 2502 343 2554 ut
361 2497 492 2570 impleret
508 2512 621 2554 omnem
634 2498 678 2569 ju·
732 2496 775 2554 sui
809 2513 839 2553 se
870 2496 1002 2554 manibus
1032 2495 1191 2553 inelinavit.
1219 2493 1299 2552 Videt

88 2569 206 2625 stitiam.
227 2572 337 2626 Justuru
361 2574 405 2625 est
431 2568 519 2637 enim,
545 2572 577 2624 ut
601 2567 676 2650 quod
732 2584 807 2624 nuuc
831 2567 950 2639 quilibet
973 2583 1057 2639 quem
1080 2566 1220 2635 imitetur,
1236 2565 1299 2622 bunt

88 2641 153 2712 quis
167 2641 249 2698 docet
263 2641 384 2697 aiterum
400 2641 504 2708 iacere,
515 2640 593 2711 prior
607 2638 676 2695 inei·
731 2656 768 2695 aii
793 2655 868 2707 euin,
894 2642 944 2709 qni
968 2640 1112 2696 extollitur
1136 2654 1226 2708 supro
1247 2651 1299 2692 orni

87 2710 157 2836 Eiet.
178 2712 249 2792 Quia
269 2711 356 2792 igitur
376 2711 514 2768 Dominus
541 2709 678 2837 mapister
733 2711 807 2793 quod
829 2711 952 2766 ereditur
974 2716 1024 2766 aut
1043 2712 1143 2790 colitur
1158 2712 1243 2791 Dein.
1260 2707 1299 2763 iii

89 2788 678 2932 ithhotitttittthttithtitt
730 2786 862 2922 hitto
880 2777 1299 2933 htt'tttthtttth‘t

89 2919 220 2992 discipuli
240 2924 416 3004 Magistrum,
433 2938 506 3003 servi
526 2923 677 3009 Dominum
733 2939 795 2980 esse
812 2924 970 2994 subjectum
984 2925 1053 2991 Deo,
1071 2921 1125 2978 nisi
1145 2937 1187 2978 sis
1201 2926 1232 2978 et
1246 2935 1299 2978 omi

90 2993 677 3144 tibitibi’tattttttithitttth
733 2996 874 3122 'etmihi
893 2998 1190 3135 tottihttttt,
1206 2994 1299 3135 toth

91 3132 225 3188 omnibus
247 3133 416 3202 imperabat,
436 3138 468 3189 ut
495 3134 630 3191 Dominus
650 3140 679 3192 et
733 3151 847 3192 ornnem
873 3134 1032 3207 justitiam3
1055 3135 1084 3191 id
1112 3139 1166 3202 est,
1195 3148 1299 3191 consui

90 3203 118 3260 u
159 3202 227 3285 [ster
248 3201 409 3284 'doctrinam
438 3219 519 3260 sunm
541 3209 676 3261 nontam
734 3206 888 3263 mationem
909 3208 1036 3279 protecto
1058 3204 1190 3278 justitiae,
1217 3203 1247 3260 iii
1270 3205 1299 3260 bi

90 3289 142 3332 ver
164 3291 187 3332 is
200 3280 369 3343 insinuaret,
382 3290 468 3346 quam
478 3274 587 3332 actibus
602 3292 679 3333 eier-
734 3277 862 3334 militatis
868 3275 1299 3349 perfectioneconsistentemv.

90 3352 178 3404 aeret.
208 3367 223 3398 u
249 3345 310 3416 Vel,
340 3347 495 3403 secundum
522 3347 677 3416 Moenum,
734 3349 780 3417 de,
800 3353 829 3404 et
847 3354 889 3416 tu,
909 3349 946 3405 ad
967 3347 1118 3417 minorem,
1138 3345 1163 3402 si
1182 3346 1228 3403 vis
1243 3347 1299 3419 just

90 3418 133 3475 sic
147 3420 229 3476 decet
246 3434 299 3474 nos
317 3418 476 3500 exemplum
496 3419 565 3475 dare
586 3419 679 3476 omnis
733 3418 774 3476 tia
788 3435 849 3476 esse
864 3420 1022 3491 perfectum
1038 3419 1118 3475 deser
1136 3416 1299 3487 inferiori*

87 3488 206 3561 justitiae
225 3488 376 3560 implendae
394 3505 424 3544 iu
445 3489 597 3571 Baptismo²
618 3491 679 3547 sine
733 3489 837 3546 minori
857 3495 885 3547 te
912 3489 1072 3547 inclinato:
1093 3489 1185 3545 nhaee
1205 3491 1299 3546 Dema

91 3573 149 3628 qua
174 3574 241 3613 nou.
255 3559 382 3630 aperitur
401 3559 496 3617 aditus
517 3576 599 3632 regni
622 3577 678 3617 coe-
733 3562 902 3618 dus.lnbon
917 3567 1034 3635 apparet
1045 3558 1197 3633 justitiain
1210 3558 1299 3616 humil

90 3627 232 3709 lestis,.nt
249 3629 362 3687 discant
380 3630 510 3687 homines
534 3631 678 3688 neminem
734 3632 801 3703 quia
826 3633 951 3690 alienum
978 3649 1035 3689 non
1054 3630 1182 3703 surripit,
1200 3646 1257 3688 nee
1270 3628 1299 3688 sii

90 3713 154 3754 sine
173 3700 250 3754 unde
272 3701 409 3772 Baptismi
429 3703 585 3773 perfectum
604 3719 677 3759 esse.
733 3703 863 3759 attribuit
884 3703 960 3775 quod
985 3719 1043 3760 non
1067 3703 1172 3770 debet;
1190 3702 1244 3759 sed
1260 3716 1299 3759 un

90 3769 143 3825 Vei
158 3784 272 3825 omnem
285 3771 436 3842 justitiam,
453 3772 549 3841 idest,
564 3789 678 3830 omnem
734 3772 834 3846 cuique
847 3775 991 3846 jussuum
1008 3773 1109 3831 reddit.
1127 3775 1188 3829 Non
1206 3771 1299 3844 surrip

91 3843 121 3896 et
158 3842 439 3920 superabundantem
467 3842 677 3911 bumilitatem
733 3846 872 3901 honorem
901 3852 930 3903 et
953 3845 1007 3903 sibi
1029 3843 1174 3912 attribuit3
1191 3843 1245 3900 sed
1265 3845 1299 3900 Dr

91 3910 186 3982 major
195 3912 678 3985 enimparsJ'ustitiaeestbumilitas.
734 3916 888 3986 bonorem,
913 3922 941 3974 et
960 3916 1014 3974 sibi
1043 3915 1147 3972 retinet
1172 3913 1299 3972 vilitaten

128 4004 143 4063 ἶ
159 3982 228 4049 Quin
244 4000 324 4062 sirm
340 4002 423 4041 sniisn
441 3987 570 4041 sriucro‘i
586 3988 681 4042 -Est
734 3989 796 4043 Non
811 3987 889 4044 laedit
905 3987 1076 4059 proximum,
1093 4002 1146 4042 uec
1164 4000 1232 4042 euin
1250 3983 1299 4057 diii

93 4053 311 4135 quippedebita
326 4059 355 4110 et
373 4055 518 4136 suffioiens
534 4056 681 4139 humilitas
734 4057 820 4128 dicat,
838 4074 890 4114 nee
908 4058 1024 4131 praeiert
1042 4074 1073 4114 se
1087 4055 1171 4113 alicui
1185 4055 1230 4113 tel
1245 4071 1299 4113 con

93 4137 171 4181 omni
199 4127 274 4195 Justo
307 4140 479 4196 necessaria,
512 4128 614 4200 majori
649 4144 680 4185 se
735 4134 832 4200 parat;
848 4129 898 4185 sed
922 4129 1062 4186 minorem
1076 4127 1209 4185 omnibus
1227 4142 1260 4184 se
1277 4141 1299 4182 rt

92 4197 215 4253 subdere
233 4198 351 4277 propter
365 4198 465 4265 Deum,
485 4203 514 4254 et
528 4214 586 4255 non
605 4214 679 4272 prae-
734 4205 826 4271 putat,
843 4205 871 4256 et
887 4200 982 4258 locum
999 4199 1187 4258 novissimum
1202 4195 1299 4257 sibiet

93 4266 170 4335 serre
196 4282 227 4325 se
250 4266 367 4339 aequah;
387 4267 547 4339 abundans,
563 4285 594 4327 se
617 4271 682 4328 sub
735 4270 778 4342 git
790 4276 820 4327 et
834 4274 923 4344 optat.
