2790 4912
476 108 515 162 nx
543 109 731 164 nnnxrxoxr
759 110 910 165 neruosi.
1168 71 1171 80 ¹
1264 112 1312 168 sn

80 220 146 270 nus
163 212 270 270 haheat
295 213 402 270 bonum
426 214 597 286 exemplum,
616 215 666 271 sed

82 276 157 341 bus
169 283 233 341 vult
245 285 351 341 habere
363 285 477 342 laudem
493 291 522 342 et
553 286 663 343 loriam.

83 348 146 412 Trio
162 354 243 412 enim
268 355 321 413 sibi
343 359 416 413 Deus
444 357 519 429 speci
551 358 606 414 iter
619 374 665 414 re·

82 429 216 496 tonavit,
232 431 260 483 et
274 428 344 483 nulli
370 433 509 485 creaturae
528 445 664 499 umquam

83 497 522 566 communicarevoluitscilicet:
532 500 662 572 gloriam,

81 566 247 650 vindictam,
261 575 290 626 et
299 570 398 641 iudicii
409 576 589 643 potestatem.
602 572 665 629 Dlo

81 654 152 697 nam
167 646 267 698 autem
285 642 418 698 auserunt
436 658 507 699 rane
528 643 662 714 gloriosi3

78 709 235 769 vindictam
260 728 291 769 su
313 713 375 769 erhi
400 719 428 769 et
454 714 595 783 iracundi,
616 714 664 786 qui

79 779 111 841 de
127 781 247 855 injuriis
271 728 325 839 5qu
352 784 439 841 illatis
468 785 611 844 vindicare
633 803 664 843 se

78 853 214 928 capione
229 854 378 937 judicium,
394 856 537 913 temerarii
553 865 666 930 elprae

77 930 250 998 sumptuosi.
269 941 316 997 qux
343 927 378 984 de
399 928 517 985 occultis
542 929 665 986 aliorum

75 994 209 1069 iudicare
224 997 332 1054 volunt.

113 1069 304 1126 8Gxnr1ruoo
320 1071 576 1128 pernosrCrnusrux
592 1089 665 1127 rnn-

76 1152 212 1197 mcanrxs.
228 1143 309 1196 —Et
332 1141 409 1211 quia,
429 1147 459 1197 ut
475 1142 543 1198 dicit
557 1142 602 1199 hic
619 1146 665 1198 Τι’·

77 1214 148 1282 tae,
176 1216 290 1284 oportet
322 1213 523 1269 beneficiatum
552 1220 664 1285 gratum

75 1294 154 1352 esse,
169 1282 277 1355 gratias
295 1283 427 1351 reddere,
442 1284 553 1341 etiarnsi
577 1286 664 1342 henc-

10 1374 13 1379 ·
76 1350 181 1437 licians
197 1353 414 1436 nonindigea13
434 1355 497 1413 ideo
513 1356 578 1412 licet
587 1373 664 1483 praa-

77 1431 203 1498 eeprsset
226 1427 363 1482 Dominus
386 1427 500 1498 loproso
517 1444 584 1484 mun
606 1434 664 1496 ato,

74 1500 111 1553 ut
124 1496 160 1554 de
180 1513 234 1554 sua
254 1496 400 1553 curatione
426 1503 543 1567 taceret,
568 1505 665 1555 tamen

78 1582 215 1637 mons,
229 1573 258 1624 et
272 1569 418 1637 recedens,
434 1573 482 1625 ille
496 1572 578 1641 coepit
593 1588 664 1642 pra·

75 1637 173 1696 dicare
199 1646 225 1695 et
250 1656 409 1707 samonem,
427 1641 455 1696 id
471 1648 515 1697 est
533 1657 620 1712 opera
637 1647 665 1698 et

76 1710 167 1767 verba
182 1709 305 1778 Domini,
321 1712 504 1780 difflrnrabot;
525 1719 554 1769 et
577 1730 664 1769 sermo

76 1781 211 1839 sanitatis
229 1787 257 1839 et
281 1782 417 1840 doctrine
442 1785 476 1839 de
502 1786 551 1840 illo
574 1788 664 1853 manis

71 1855 299 1981 {grombulobon
324 1855 391 1924 quia
417 1855 472 1911 hoc
498 1855 560 1927 ipso
587 1856 665 1928 quod

115 1940 163 2006 mo
185 1923 258 1998 fugit
280 1925 385 1981 lamam
414 1933 442 1982 et
466 1927 598 1997 gloriam,
620 1943 665 1983 ac·

76 1995 166 2068 quint
180 2012 253 2052 eam.
277 1998 358 2065 llam,
383 2002 415 2052 ut
441 1998 482 2053 ait
495 2001 663 2070 bernardus,

75 2067 131 2125 hoc
145 2067 237 2124 solum
248 2068 334 2124 hahet
350 2069 447 2124 mundi
460 2069 552 2140 gloria
561 2069 665 2141 glorio·

75 2154 152 2209 sum,
176 2140 251 2210 quod
275 2139 458 2211 insequentes
484 2156 515 2197 se
539 2140 620 2211 sugit,
636 2147 664 2197 et

74 2208 216 2282 fugientes
229 2211 396 2282 insequitur.
412 2215 445 2267 Et
469 2212 533 2270 idco
549 2229 663 2285 compa-

74 2287 158 2340 ratur
170 2282 293 2349 umbre,
303 2299 387 2353 quam
399 2283 421 2338 si
432 2291 548 2341 secutus
563 2285 662 2352 fueris,

73 2369 133 2410 non
150 2354 359 2426 apprehendes,
374 2360 401 2410 et
422 2355 446 2410 si
467 2355 663 2427 praecurreris,

73 2440 133 2481 non
145 2425 276 2496 eflugies.
284 2428 334 2480 llle
343 2426 438 2495 itaque
447 2426 559 2482 iunctus
568 2427 663 2483 olllcio

73 2496 664 2578 evangeliste,copttpreannreetseinte-

72 2563 135 2623 rius
148 2567 325 2639 interiusque
339 2574 469 2624 sanatum
490 2569 608 2637 docere;
623 2568 663 2624 ita

73 2638 152 2709 quod
166 2638 250 2695 unius
266 2639 383 2694 salvatio
406 2639 510 2696 multos
524 2640 561 2696 ad
573 2641 662 2696 Deum

73 2713 190 2780 cogeret
215 2709 331 2777 venire;
346 2710 420 2767 undo
447 2713 609 2767 factumest
632 2718 663 2767 nt

72 2779 158 2836 lesus
167 2781 230 2849 jam
248 2798 302 2836 non
320 2788 410 2851 posset
430 2785 578 2850 manifeste
594 2798 662 2853 pro·

71 2854 137 2922 pter
149 2852 263 2908 turham
278 2856 307 2908 et
324 2868 485 2924 pressuram
501 2853 660 2923 hominum,

72 2921 110 2978 ad
124 2923 310 2994 quaerendum
321 2923 458 2979 sanitates
467 2930 496 2980 et
508 2924 661 2982 videndum

72 2992 212 3051 miracula
219 2995 461 3062 concurrentium,
472 2999 501 3050 r'n
509 2999 659 3064 ciuitatem,

73 3064 111 3121 ad
137 3065 278 3122 orandum
301 3068 437 3132 introire;
457 3067 505 3121 ced
530 3069 612 3134 soris,
630 3071 660 3122 in

72 3136 189 3193 desertis
202 3139 268 3192 locis
283 3142 365 3191 esset:
378 3137 528 3194 secedebat
542 3136 659 3193 enimin

72 3207 229 3277 desertum,
246 3213 278 3264 ut
293 3208 428 3264 secretius
445 3213 559 3278 oraret;
576 3214 659 3265 sanat

71 3283 103 3336 ut
117 3280 206 3347 Deus,
221 3280 272 3335 sed
287 3283 350 3336 orat
366 3283 395 3334 ut
410 3280 506 3336 homo.

107 3352 262 3424 pDornnus
284 3369 311 3407 tn
335 3368 473 3406 onsanruu
498 3368 658 3406 secennio

70 3437 209 3478 maxone
221 3440 365 3479 renuerunt
378 3440 409 3476 nr
422 3440 455 3478 xo
468 3439 538 3478 suun
549 3425 659 3478 Parnes

71 3509 212 3551 onxnoux.
230 3525 263 3535 -
277 3498 313 3550 Et
335 3494 530 3550 conveniebant
547 3494 585 3549 od
599 3510 659 3548 eum

70 3565 197 3635 undique
216 3565 319 3633 turbae,
348 3569 378 3621 ut
406 3565 467 3635 ejus
495 3563 658 3621 doctrinam

25 3704 28 3709 Ι
71 3635 219 3704 audirent,
252 3642 280 3692 et
303 3635 441 3692 sanitates
467 3635 658 3708 perciperent.

71 3706 227 3780 Strepitum
254 3706 340 3779 igitur
374 3712 402 3764 et
429 3707 580 3764 tumultum
602 3709 658 3763 Do-

69 3776 167 3835 minus
195 3776 289 3849 fugit,
319 3784 347 3834 et
386 3783 528 3835 secretum
565 3778 658 3834 locum

70 3849 185 3920 quaerit,
200 3854 231 3905 ut
245 3850 376 3905 ostendat
388 3866 419 3905 se
428 3851 518 3920 magis
531 3848 658 3920 quietam

71 3922 101 3976 et
115 3919 203 3977 seculi
227 3920 303 3977 curis
322 3930 461 3977 remotam
476 3920 593 3992 diligere
615 3919 658 3977 vi·

69 3995 154 4061 tam,
183 3989 250 4063 quia
278 3993 429 4049 tumultum
460 3997 488 4048 et
528 3991 659 4049 carnales

69 4069 185 4120 mentes
209 4062 354 4135 declinat,
394 4069 519 4122 secretas
546 4079 613 4122 vero
640 4078 658 4120 a

723 215 875 272 mundanis
887 216 962 272 curis
976 215 1080 272 visitat.
1098 219 1129 272 ln
1149 231 1205 287 quo
1220 216 1306 274 etiam

721 287 864 356 ostendit,
894 287 970 359 quod
998 286 1200 360 praedicatores
1227 288 1306 345 rerbi

721 358 809 415 divini
829 359 935 416 dehent
953 359 1052 430 lugere
1073 359 1240 431 applausum
1253 376 1307 431 po-

720 429 790 501 puli,
819 435 847 487 et
872 430 1025 503 aliquando
1055 448 1084 486 se
1110 431 1255 487 retrahere
1288 447 1306 488 a

721 501 913 570 multitudine,
932 508 962 559 ut
985 509 1085 558 vacent
1102 501 1234 558 orationi.
1252 503 1305 559 Ubi

719 575 919 641 Hieronymus:
937 575 1042 641 «Quod
1059 579 1153 630 autem
1169 589 1227 629 non
1241 579 1305 645 pot·

720 650 781 700 erat
793 647 876 701 lesus
891 645 1039 702 manifeste
1052 644 1083 700 in
1104 644 1247 701 civitatem
1259 644 1304 701 in-

720 715 831 782 troire,
858 716 907 771 sed
936 717 1058 785 loris,in
1088 716 1209 772 desertis
1235 716 1305 773 locis

720 803 792 853 esse,
812 786 989 857 significatur
1004 788 1079 859 quud
1096 805 1152 843 non
1172 787 1306 846 omnibus

720 857 919 914 manifestatur
939 861 1030 927 lesus,
1060 858 1106 928 qui
1128 858 1191 914 latis
1217 864 1305 930 atque

720 929 814 1001 planis
831 929 958 985 serviunt
980 928 1110 986 laudibus
1129 934 1157 984 et
1181 930 1305 1002 propriis

720 1000 922 1068 voluntatibus,
938 1000 988 1056 sed
1003 999 1047 1055 his
1066 999 1114 1070 qui
1136 1015 1200 1055 cum
1221 1002 1305 1057 Petro

720 1072 796 1128 loras
807 1076 909 1128 exeunt
923 1077 951 1127 et
966 1071 995 1126 in
1011 1070 1131 1126 desertis
1147 1070 1216 1126 locis
1229 1076 1305 1141 sunt,

721 1144 841 1214 quaele
864 1143 884 1197 it
902 1142 1043 1199 Dominus
1064 1143 1100 1198 ad
1120 1141 1260 1198 orandum
1275 1147 1305 1198 et

720 1160 907 1271 reficientium
932 1214 1079 1286 populum,
1099 1212 1145 1285 qni
1168 1213 1306 1269 deserunt

720 1285 922 1342 delectationes
942 1284 1049 1353 mundi,
1066 1290 1094 1340 et
1118 1283 1216 1340 omnia
1241 1300 1305 1356 quae

720 1357 878 1429 possident,
891 1363 923 1413 ut
937 1357 1033 1413 dicant
1047 1375 1054 1411 ι
1069 1359 1160 1411 Portio
1179 1372 1239 1411 meo
1255 1359 1306 1412 Do·

721 1432 821 1485 minns.
837 1429 932 1485 Gloria
962 1443 1028 1483 vcro
1048 1426 1160 1483 Domini
1185 1426 1305 1483 manife-

721 1500 1068 1571 staturhis‚quiundique
1084 1499 1267 1567 conveniunt,
1276 1497 1306 1554 id

722 1576 765 1626 est
782 1571 829 1642 qui
845 1588 895 1643 per
914 1572 1000 1643 plana
1023 1576 1051 1626 et
1074 1570 1164 1625 ardua
1187 1570 1305 1626 adeum

721 1642 849 1710 veniunt,
872 1659 944 1714 quos
966 1641 1034 1697 nihil
1054 1647 1145 1713 potest
1172 1656 1305 1713 separare

721 1715 892 1770 acharitate
916 1713 1031 1770 Christi.
1052 1735 1066 1762 n
1087 1712 1137 1768 Ubi
1158 1717 1186 1768 et
1207 1712 1304 1768 Beda:

723 1806 733 1834 ι
752 1785 822 1852 Quia
837 1784 864 1840 in
881 1787 951 1842 urbe
966 1784 1105 1841 miracula
1121 1784 1198 1851 lacit,
1217 1783 1245 1839 in
1261 1783 1306 1841 de·

722 1862 797 1913 serto
817 1872 883 1913 vcro
903 1858 946 1912 rel
962 1862 1058 1913 monte
1082 1857 1190 1911 orando
1205 1871 1306 1927 pcrno

721 1934 787 1997 ctat,
817 1929 963 1999 utriusque
1000 1927 1082 1985 nohis
1111 1927 1186 1995 rita,
1205 1926 1306 1984 activae

721 2000 827 2056 scilicet
842 2006 870 2056 et
881 1999 1119 2071 contemplativae,
1132 1999 1304 2054 documenta

720 2077 934 2143 praemonstrat,
951 2078 980 2125 ut
992 2086 1042 2126 nec
1051 2068 1302 2140 contemplationis

720 2141 815 2198 studio
837 2141 900 2212 quis
918 2143 1110 2211 proximorum
1133 2155 1232 2218 curam
1254 2154 1304 2194 ne·

740 2213 819 2284 ligat,
834 2228 886 2267 nec
908 2227 976 2267 cura
998 2209 1189 2281 proximorum
1206 2223 1306 2264 immo·

719 2230 1305 2352 {erariusobtiguluscontemplaxionisstu·
1341 2283 1344 2294 '

719 2354 767 2412 dia
786 2352 973 2423 derelinquat,
997 2359 1137 2422 quatenus
1154 2367 1205 2407 nec
1224 2365 1305 2406 amo-

719 2442 780 2482 rem
804 2424 854 2481 Dei
883 2422 1037 2495 praepediat
1061 2438 1143 2477 amor
1172 2418 1303 2493 proximi,

720 2513 773 2553 nec
787 2495 878 2552 amori
893 2493 1012 2567 proximi
1030 2494 1124 2548 obviet
1143 2508 1225 2549 amor
1242 2491 1303 2548 Dei.

719 2571 751 2624 ln
774 2574 871 2623 monto
893 2565 996 2638 quippe
1020 2581 1102 2620 orare
1127 2570 1180 2632 est,
1197 2561 1305 2619 relictis

719 2639 896 2695 infirmarum
915 2635 1119 2707 cogitationum
1140 2634 1226 2705 curis,
1244 2638 1305 2691 tota

718 2716 814 2767 mente
829 2709 983 2781 quemlihet
997 2708 1033 2763 ad
1051 2713 1158 2763 aeterna
1171 2720 1304 2778 supernae

718 2780 965 2854 contemplationis
980 2779 1084 2853 gaudia
1108 2778 1254 2836 festinare.
1272 2778 1304 2833 ln

717 2853 860 2910 desertum
880 2853 1013 2910 secedere
1038 2859 1064 2908 ct
1089 2869 1172 2909 orare
1197 2856 1240 2909 est
1255 2866 1303 2908 ex·

718 2931 880 2996 surgentem
893 2924 1066 2981 intrinsecus
1081 2924 1230 2995 strepitum
1244 2927 1302 2978 ter-

717 3012 850 3052 renorum
877 2995 1084 3052 desideriorum
1112 3010 1252 3075 premere,
1274 2997 1303 3049 et

717 3067 860 3137 quoddam
879 3065 930 3121 sihi
951 3081 1013 3120 curn
1041 3068 1161 3120 Domino
1176 3063 1252 3118 intra
1272 3078 1304 3118 se

715 3142 857 3194 secretum
872 3152 1013 3206 quaerero,
1030 3134 1076 3190 uhi
1094 3150 1156 3189 curn
1178 3132 1237 3212 illo,
1257 3147 1302 3188 ex·
1344 3170 1346 3175 ·

717 3207 815 3265 teriori
825 3210 955 3263 cessante
970 3206 1105 3271 turnultu,
1119 3220 1171 3275 per
1184 3208 1302 3260 interna

656 3299 658 3304 ·
716 3279 859 3336 desideria
886 3278 1003 3334 silenter
1022 3276 1162 3347 loquatur.
1190 3272 1301 3329 »Unde

716 3351 801 3407 etiam
818 3352 992 3419 Greqorins:
1024 3368 1037 3400 n
1060 3347 1300 3426 Redemptornno·

715 3428 784 3485 ster.
800 3439 850 3493 per
875 3421 961 3488 diem,
980 3418 1116 3475 miracula
1130 3417 1160 3473 in
1181 3415 1302 3497 urbibus

715 3494 838 3561 exhibet,
856 3497 883 3548 et
904 3492 940 3549 ad
960 3489 1097 3546 orationis
1124 3489 1249 3569 studium
1270 3503 1301 3543 m

715 3570 810 3621 moute
836 3567 993 3637 pernoctat,
1015 3566 1046 3618 ut
1062 3561 1204 3634 perlectis,
1226 3558 1302 3616 vide·

714 3636 779 3692 licet
793 3633 1036 3707 praedicatoribus,
1047 3637 1146 3689 innuat
1156 3636 1301 3712 quatenus

713 3702 1302 3776 necacliramvitamamorespeculatioms

713 3778 840 3835 funditus
855 3779 1000 3845 deserant,
1013 3793 1066 3833 nec
1080 3774 1300 3846 contemplatio·

714 3848 758 3905 nis
771 3849 875 3919 gaudia
887 3848 1062 3920 operationis
1072 3848 1217 3904 nimietate
1232 3858 1299 3900 con·

713 3924 860 3988 temnant;
882 3920 932 3976 sed
958 3919 1045 3990 quieti
1074 3916 1298 3993 contemplantes

714 3993 859 4061 sorbeant,
876 3991 952 4064 quod
971 3991 1099 4064 occupati
1116 4005 1185 4058 erga
1201 3998 1298 4058 proxi·

714 4079 776 4120 mos
802 4064 950 4137 loquentes
976 4061 1175 4136 profundant:
1201 4076 1215 4111 a
1237 4056 1300 4111 haec
