2790 4912
75 282 123 336 282
442 281 552 335 Plllllld
582 280 707 336 ttutts
733 276 839 330 eleut
866 273 953 326 lllll'l

79 385 257 468 evangelium
272 382 302 440 in
311 383 384 440 testo
396 381 542 440 Trinitatis
555 383 667 456 legitur,
720 383 830 454 spectat
847 375 1017 449 sapientiam
1038 374 1155 458 docere.
1175 375 1291 448 Exprimi

80 457 147 530 quia
160 473 190 513 m
205 473 239 513 eo
261 456 296 512 de
320 454 464 526 Baptismo
490 454 604 526 dicitur,
621 453 670 526 qui
720 460 766 510 tur
779 465 900 533 persona
920 447 1028 530 Spiritu
1046 448 1165 531 Sancti,
1176 462 1238 503 cum
1251 462 1287 505 suc

78 528 243 585 innomine
267 525 414 582 Trinitatis
433 526 589 582 confertur.
611 527 670 582 lloc
720 526 858 590 bonitate,
879 534 943 576 cum
963 519 1068 576 dicitur
1086 536 1093 574 :
1112 519 1240 590 Speiucs,
1252 519 1285 575 ult

78 599 183 672 quippe
203 601 413 655 sacramentum
429 596 612 670 Baptismatis
628 601 671 653 est
720 596 790 659 oali,
805 596 912 665 spirat3
927 607 985 648 non
1002 592 1079 647 enim
1099 589 1203 646 nostris
1216 590 1280 647 rneri-

79 668 269 735 necessitatis,
282 673 312 724 et
324 667 389 724 ideo
405 673 518 740 oportet
533 668 609 739 quod
619 668 669 724 ha·
721 665 768 735 tis,
785 666 835 722 sed
856 680 889 721 ex
906 678 957 719 sua
972 663 1100 735 gratuita
1122 660 1278 728 bonitates

78 741 182 798 beatur
195 740 223 796 in
244 755 286 809 re,
307 738 331 794 si
351 743 396 794 est
412 739 564 811 possibile3
580 739 623 795 vel
641 738 671 795 iu
721 736 803 794 uobis
826 733 958 791 infundit.
979 733 1114 801 Quamvis
1130 732 1203 788 enim
1216 734 1277 790 Pater

78 817 155 881 roto,
176 810 270 882 quoad
292 816 518 883 praeoccupatos.
534 812 605 867 liam
622 811 671 867 ubi
721 815 749 865 et
763 807 850 864 Filius
863 810 891 862 et
905 804 1026 878 Spiritus
1046 806 1166 861 Sanctus
1180 804 1275 861 habeant

78 886 258 954 contemptus
285 880 314 937 in
343 880 459 951 aliquo,
494 882 679 954 Baptismum'
721 879 850 936 camdem
878 878 1047 950 potentiam,
1072 874 1274 946 sapientiam,ei

80 968 161 1025 aquae
185 951 319 1022 excludit,
343 968 436 1022 neque
461 953 597 1021 flaminis,
620 967 671 1009 ne·
721 949 898 1015 bonitatem:
930 953 1024 1004 tamen
1054 946 1122 1017 quia
1150 946 1218 1018 apud
1239 961 1273 1003 nos

80 1039 136 1097 que
161 1023 310 1096 sanguinis
326 1023 487 1095 Baptismus
514 1024 632 1096 prodest
645 1022 672 1079 ei
721 1037 826 1078 nomen
842 1018 947 1088 Patris,
967 1022 1083 1100 propter
1099 1015 1273 1089 antiquitatem,

81 1095 220 1153 advitam
239 1101 377 1152 aeternam
392 1112 399 1150 :
417 1097 483 1166 quia
501 1112 559 1151 non
578 1099 672 1166 potest
722 1092 856 1165 importat
875 1090 1082 1162 impotentiam,
1110 1104 1146 1145 ne
1163 1087 1274 1170 simplicat

80 1165 201 1224 introire
232 1165 261 1222 in
290 1182 410 1238 reguum
439 1167 500 1223 Dei.
538 1165 672 1222 Homines
722 1166 777 1221 hoe
795 1163 944 1220 crederent
967 1162 1002 1218 de
1023 1163 1108 1217 Patre
1126 1160 1273 1228 celeseu-

82 1253 208 1309 namque
231 1253 288 1294 nou
305 1237 464 1294 ascendunt
479 1237 555 1307 illuc,
571 1236 625 1294 nisi
642 1235 671 1292 in
722 1234 857 1291 tribuitur
874 1233 929 1290 sibi
982 1232 1080 1290 tentia.
1105 1230 1272 1289 Similiterne

84 1315 222 1383 quantum
237 1307 399 1365 eiliciuntur
410 1310 537 1367 membra
551 1306 670 1378 Christi3
722 1322 787 1363 men
802 1305 864 1362 Filii
879 1321 934 1377 apu
968 1320 1031 1372 nos,
1047 1307 1164 1384 propter
1171 1302 1273 1384 juvente

82 1394 136 1453 per
149 1380 362 1453 generationem
377 1386 471 1437 autem
485 1379 671 1453 spiritualem,
722 1383 793 1446 tum,
813 1377 948 1447 importat
970 1375 1160 1448 imperitiam
1183 1374 1273 1453 ideone

85 1451 225 1508 uniuntur
238 1451 303 1521 sibi,
319 1461 347 1508 et
362 1453 490 1508 membra
509 1453 570 1523 ejus
588 1451 671 1518 liunt,
722 1450 758 1505 de
770 1447 840 1505 Filio
854 1447 905 1504 Del
919 1448 974 1504 hoc
988 1446 1132 1512 credatur,
1143 1442 1273 1521 attribuitur

84 1527 113 1579 et
130 1522 171 1579 sic
186 1522 290 1579 virtute
305 1521 394 1595 ipsius
411 1523 577 1579 ascendunt.
588 1525 672 1581 Nemo
723 1519 776 1577 sibi
794 1517 942 1591 sapientia.
964 1516 1102 1574 Similiter
1120 1531 1218 1572 nomen
1233 1515 1272 1584 Spi-

84 1591 160 1648 enim
175 1594 308 1657 ascendit,
326 1593 355 1649 id
370 1598 424 1663 est,
439 1594 594 1650 ascendere
609 1597 671 1664 pot-
722 1593 795 1647 ritus
809 1589 904 1648 Sancti
919 1589 993 1661 apud
1002 1604 1056 1644 nos
1064 1587 1103 1644 im
1143 1592 1197 1643 rtet
1207 1596 1274 1656 queue

84 1661 148 1732 erit,
165 1665 195 1719 itt
216 1666 321 1725 cartam,
341 1663 457 1736 propria
480 1664 593 1733 virtute,
618 1665 675 1718 nisi
724 1663 789 1718 dam
819 1662 955 1729 turonem,
978 1661 1058 1732 juxta
1085 1658 1105 1714 il
1117 1658 1155 1714 ud
1184 1657 1275 1737 lsaiaf

83 1736 134 1861 fai
146 1735 285 1791 deseendit
301 1736 335 1791 de
349 1738 412 1791 coeto
426 1752 483 1792 non
502 1740 674 1808 permotum
724 1734 859 1801 Quiescite
871 1732 906 1787 ab
921 1734 1038 1797 bomine,
1056 1731 1137 1800 cujus
1150 1731 1278 1805 aptatus

94 1805 204 1862 ocalem
222 1806 324 1863 coelum
340 1805 521 1875 dimittendo,
543 1806 592 1863 sed
612 1821 674 1861 car·
724 1805 839 1860 acribus
857 1803 917 1873 ejas
932 1808 991 1867 est,
1010 1801 1075 1858 ideo
1097 1800 1183 1856 aede
1202 1797 1284 1876 Spinlt

83 1891 150 1932 nem
178 1877 213 1932 de
244 1893 317 1933 novo
346 1876 401 1933 sibi
427 1878 580 1934 uniendo:
609 1876 676 1948 qula
725 1877 827 1932 Sancto
841 1875 896 1931 hoc
911 1873 1054 1941 credatur,
1074 1870 1232 1928 attribuitur
1246 1866 1289 1924 sitit

84 1946 178 2001 omnis
194 1946 255 2026 ¹qui
284 1946 424 2015 ascendit,
451 1948 557 2004 virtute
586 1945 675 2018 ipsius
726 1946 848 2003 bonitas.
875 1944 958 2002 Fides
984 1948 1013 2001 et
1038 1941 1178 1999 consessio
1203 1943 1293 1997 sanct&

84 2016 224 2083 ascendit,
242 2021 269 2071 et
285 2016 345 2087 ipse
365 2016 443 2073 solus
457 2032 509 2088 per
523 2033 603 2074 suam
622 2017 676 2073 vir·
724 2017 879 2085 Trinitatis,
889 2017 912 2073 si
922 2032 986 2073 eam
998 2015 1099 2071 devote
1108 2010 1306 2082 receperimus·

84 2090 174 2141 tutem
199 2086 343 2157 propriam
370 2088 506 2144 ascendit.
529 2087 558 2144 Si
579 2093 674 2144 autem
724 2090 810 2159 valet,
825 2088 900 2144 inter
913 2094 1017 2154 cetera,
1038 2085 1075 2142 ad
1093 2081 1306 2141 tribulationum

84 2154 132 2212 hic
146 2155 288 2238 objicitur,
304 2157 379 2238 quod
394 2158 490 2229 plures
501 2158 612 2215 Veteris
625 2160 677 2215 Te·
725 2158 948 2232 propulsionem.
968 2160 1050 2227 liam,
1068 2155 1142 2212 sicut
1154 2154 1201 2211 ait
1223 2156 1306 2209 Joan·

85 2231 221 2285 stamenii
238 2227 339 2284 salvati
358 2233 425 2285 sunt
442 2228 504 2286 sine
518 2229 674 2301 Baptismo,
725 2247 772 2287 aea
786 2235 978 2296 Damascenis,
993 2244 1059 2285 cum
1077 2226 1155 2299 apud
1173 2227 1297 2284 Constat)

85 2298 237 2356 dicendum
261 2300 415 2371 quodnon
438 2301 550 2357 eratin
573 2317 677 2373 praece-
726 2301 876 2372 tiuopolim
903 2298 1066 2373 pestilentia
1092 2299 1189 2378 gravis
1215 2300 1281 2353 esset

49 2402 54 2411 ι
84 2375 153 2443 pt0;
179 2370 322 2428 consecuti
346 2377 412 2428 sunt
438 2376 534 2428 tamen
561 2371 675 2444 spiritu·
726 2372 842 2443 quidam
867 2387 939 2443 puer
966 2371 1002 2428 de
1030 2369 1125 2426 medlo
1148 2366 1254 2440 populi,
1277 2365 1306 2421 il

85 2442 161 2524 alem
175 2442 274 2513 vitam,
287 2445 467 2517 pergratiam
481 2443 509 2499 in
526 2443 582 2500 lide
598 2442 676 2501 Chri-

85 2518 122 2569 stt
148 2513 271 2583 venturi,
299 2519 328 2571 et
356 2513 397 2571 sic
424 2516 584 2572 habuerunt
614 2531 674 2571 rem

84 2584 234 2657 Baptismi,
249 2586 411 2643 habueruut
432 2586 526 2660 ipsum
545 2588 630 2643 etiam
646 2587 674 2641 in

84 2655 188 2728 ligura,
205 2657 233 2712 iu
247 2657 343 2728 aliquo
359 2660 610 2731 correspondente,
623 2672 675 2728 per

85 2726 161 2795 quod
181 2727 334 2784 tollebatur
353 2734 500 2799 peccatum
525 2728 672 2800 originale.

126 2817 158 2850 10
173 2798 254 2851 lason
275 2816 336 2853 iren
351 2816 474 2856 isarnum
492 2818 526 2855 nr.
543 2816 674 2855 ursramo

86 2881 264 2920 seuerissima
276 2869 441 2923 Tarmrnrrs.
459 2871 573 2926 —Ideo
588 2870 674 2926 etiam

84 2933 140 3014 hoc
169 2936 348 3015 evangelium
375 2938 404 2993 in
432 2939 504 2994 lesio
529 2941 674 2997 Trinitatis

85 3003 199 3073 legitur,
216 3019 283 3073 quia
297 3005 326 3061 in
342 3022 376 3061 eo
392 3009 526 3077 qualibet
540 3026 674 3081 persona-

85 3089 149 3156 rum
162 3081 261 3147 aperte
275 3076 451 3204 exprimitur.
465 3079 534 3134 Nam
550 3096 672 3151 persona

84 3145 147 3228 Filii
162 3153 216 3215 est,
233 3163 296 3218 quae
326 3147 459 3219 oquitur3
477 3166 600 3222 persona
617 3154 672 3209 Pa·

84 3221 137 3275 lus
151 3217 327 3292 exprimitur,
344 3236 406 3276 cum
421 3220 525 3278 dicitur
541 3239 547 3278 :
566 3224 673 3281 Scimus

84 3293 152 3420 gaio
166 3309 184 3347 a
200 3295 253 3348 Deo
266 3295 369 3349 venisti
382 3295 533 3363 magister3
549 3310 674 3366 persona

104 3362 205 3435 piritus
231 3363 337 3435 Sancti,
363 3380 426 3421 cum
452 3364 581 3422 dicitur:
610 3371 674 3426 ll'isi

83 3436 148 3558 gaiis
162 3441 275 3491 renatus
287 3439 375 3504 feroit
389 3453 423 3491 eo
438 3453 513 3506 aqua
525 3443 551 3492 et
563 3439 673 3510 Spiritu

105 3509 195 3574 aneto,
211 3522 265 3561 aon
284 3512 375 3578 potest
388 3510 494 3563 intrare
512 3511 542 3564 in
558 3525 671 3578 regnum

83 3574 221 3654 coeloram.
256 3577 457 3648 Exprimuntur
483 3584 579 3635 autem
606 3596 671 3652 per-

82 3657 164 3724 sona·
179 3644 292 3726 divinae,
309 3664 372 3705 cum
393 3649 451 3706 suis
469 3650 668 3722 appropriatis.

83 3712 255 3784 Exprimitur
287 3718 362 3775 enim
403 3735 524 3791 persona
552 3721 670 3791 Patris,

83 3798 149 3840 cum
163 3801 215 3841 sua
228 3790 367 3861 potentia,
379 3806 443 3847 cum
458 3789 561 3848 dicitur
572 3810 578 3846 :
588 3795 671 3851 dano

79 3859 169 3940 potest
185 3858 241 3914 bae
257 3863 339 3928 signa
351 3865 454 3930 sacae,
471 3878 531 3933 qua
543 3869 572 3919 tu
586 3865 669 3930 (ocis,

81 3940 137 3981 ntae
156 3929 243 3994 (aaut
257 3933 329 3985 beas
348 3949 409 3988 cum
424 3950 473 4001 eo,
495 3935 576 4007 signa
593 3933 670 3991 enim

81 3995 298 4066 lacere,divinae
313 4005 449 4125 potentiae
465 4010 518 4061 est.
530 4004 671 4087 Exprimi-

80 4071 128 4125 iur
142 4085 265 4151 persona
280 4070 353 4139 Fili,
368 4089 432 4128 cum
447 4090 499 4132 sua
514 4076 671 4149 sapientia,

82 4155 146 4196 cum
161 4141 264 4198 dicitur
281 4159 287 4195 :
304 4143 411 4199 Samus
431 4147 498 4214 quia
517 4163 534 4202 a
550 4152 605 4204 Deo
624 4164 669 4204 oe·

81 4213 160 4279 nisti,
181 4215 335 4283 Megisten
355 4213 392 4269 ad
411 4217 578 4290 magistrum
595 4218 671 4276 enim

725 2445 829 2500 coelum
844 2448 953 2525 raptus,
968 2441 1109 2498 canticum
1125 2445 1231 2496 sanctae
1248 2436 1306 2493 Tri·

726 2515 834 2585 uitatis,
849 2513 977 2571 scillcet:
994 2515 1096 2571 Sancte
1110 2511 1306 2577 boussenois

725 2585 816 2654 tortis,
831 2587 932 2643 Sancte
949 2589 978 2641 et
992 2581 1156 2640 misericors
1171 2580 1306 2645 Salvator,

725 2656 860 2714 miserere
880 2654 973 2724 nobis,
988 2656 1024 2713 ab
1042 2652 1163 2724 Angelis
1184 2657 1229 2708 est
1242 2650 1304 2708 edo·

724 2735 785 2785 ctus
800 2745 807 2783 :
824 2727 910 2799 qnod,
926 2743 989 2784 cum
1005 2726 1130 2793 rediens,
1147 2739 1246 2781 coram
1260 2737 1305 2802 po·

743 2798 789 2856 ulo
813 2799 1003 2866 decantasset,
1023 2813 1088 2854 mox
1111 2794 1209 2852 omnis
1228 2797 1305 2868 pestr-

723 2815 812 2927 Feutia
826 2874 870 2926 est
884 2870 990 2942 iugata.

762 2964 790 2998 tt
807 2942 876 3008 Qum
892 2958 1043 2997 nommrnn
1053 2941 1212 2997 Niconeuns
1224 2952 1306 2994 siem·

724 3012 823 3069 rrcnr‘l
838 3043 870 3053 -
887 3013 942 3068 Per
960 3011 1156 3080 Nicodemum,
1172 3009 1221 3093 qni
1238 3006 1306 3066 venit

723 3085 759 3140 ad
786 3085 895 3152 iesum,
925 3088 956 3140 ut
987 3083 1022 3139 de
1038 3081 1251 3164 pertinentibus
1275 3077 1306 3135 ad

723 3155 809 3211 sidem
833 3152 946 3227 plenius
967 3154 1141 3224 erudiretur,
1166 3151 1306 3235 significa·

722 3232 770 3283 tur
796 3225 953 3297 discipulus
976 3224 1092 3282 humilis
1117 3228 1146 3281 et
1177 3222 1306 3295 diligens,

723 3296 770 3368 qni
796 3295 873 3353 venit
898 3296 936 3353 ad
961 3297 1118 3364 doctorem,
1139 3300 1172 3352 ut
1194 3295 1232 3352 ab
1250 3293 1306 3375 ipso

722 3367 905 3425 instruatur:
930 3366 978 3438 qui
1002 3367 1168 3423 debetcum
1190 3364 1306 3423 duleum

722 3434 1306 3566 tilitatstttlihtiiaalide

720 3580 814 3650 valde,
831 3585 859 3637 et
877 3596 941 3637 cum
963 3524 1103 3662 quietepel
1125 3578 1306 3660 loquebatur.

720 3651 800 3720 Quod
822 3658 866 3708 est
891 3657 990 3708 contra
1013 3656 1182 3719 irascentes,
1202 3648 1306 3721 quiite

720 3722 795 3778 riose
811 3727 839 3779 et
858 3739 923 3780 cum
943 3721 1067 3778 clamore
1081 3722 1249 3793 frequenter
1263 3718 1306 3774 lo·

721 3799 863 3866 quuutur;
880 3797 979 3850 contra
1002 3809 1074 3865 quos
1088 3800 1133 3849 est
1146 3790 1305 3848 remedium

721 3864 800 3934 utile,
810 3863 936 3922 molliter
945 3868 974 3921 et
985 3864 1047 3921 sine
1056 3864 1181 3920 clamore
1193 3875 1305 3934 respon·

722 3936 800 4003 dere,
817 3936 973 3992 secundum
994 3934 1063 3991 illud
1078 3933 1242 4020 Sapientis:
1258 3935 1305 3989 lic

720 4009 831 4062 sensio
859 4009 951 4062 mollis
977 4008 1087 4075 trangit
1115 4020 1206 4071 erasm
1220 4017 1305 4060 sermo

741 4093 808 4133 etrus
828 4080 945 4134 suscitat
967 4080 1099 4146 feroram.
1116 4075 1241 4143 Etenim,
1262 4089 1304 4155 se·

721 4148 844 4206 cundum
874 4149 1117 4218 chrysostomum.
1146 4145 1170 4203 si
1197 4143 1306 4214 tamnu,

722 4234 786 4277 cum
804 4220 940 4278 adversus
953 4234 1003 4276 eos
1018 4218 1179 4286 irascimur,
1193 4218 1306 4290 portant
