2790 4912
282 316 372 379 QUOD
399 315 486 369 scen
513 314 610 369 JESUS
639 312 810 369 iuventus
836 314 897 368 EST
925 315 959 367 ts
985 315 1125 370 nullutn
1279 319 1323 377 ttt

112 429 169 486 sicut
190 424 280 482 solent
307 422 388 496 pueri
415 420 548 490 inveniri,
572 421 624 479 sed
652 421 682 477 in
736 421 851 479 illorum
865 421 1037 495 quaestiones
1056 423 1194 493 solvebat,
1212 440 1323 485 morum

119 501 162 558 loro
176 497 305 579 deputato
320 494 458 552 doctrine
473 508 562 551 soorae
576 498 606 550 et
619 508 682 550 ora-
734 509 824 563 agens
843 494 1005 565 peritissimi
1022 494 1161 566 magistri,
1181 496 1229 566 qui
1247 513 1324 555 nunc

119 570 176 628 tioui.
193 568 276 625 Filius
296 567 420 623 libenter
436 565 467 622 in
485 566 571 622 domo
590 564 681 637 patris
734 563 950 636 interrogando,
965 582 1038 623 nunc
1060 567 1258 637 respondendo
1283 567 1323 625 di-

119 642 149 700 mi
167 646 262 699 manet.
298 638 348 695 llle
372 637 460 719 ¹igitur
487 636 536 708 qui
560 634 682 718 libenter
735 636 859 708 scipulos
886 637 1010 694 instruit.
1042 639 1130 705 Unde,
1165 639 1323 697 secundum

81 754 86 763 .
119 713 194 771 stetin
210 710 341 779 ecclesie,
355 723 468 781 signum
484 713 529 765 est
548 709 625 780 quod
644 714 682 789 stt
734 710 847 772 dedum,
864 709 900 765 ad
918 709 1126 766 ostendendum
1144 711 1220 781 quod
1236 712 1322 768 bomo

119 785 173 842 ilina
188 783 251 852 Dei,
273 782 342 854 quia
359 787 416 839 stat
434 780 463 836 in
482 780 568 836 domo
589 782 681 836 Patris
735 785 807 847 erat,
836 779 966 838 homiues
993 781 1144 851 magistros
1177 781 1323 841 humiliter

120 853 362 927 sui3illeveroqui
378 853 501 910 libenter
517 850 617 907 stetin
637 855 680 907 ta·
734 852 884 920 audiebat;
915 857 943 909 et
978 853 1014 909 ad
1045 852 1224 924 probandum
1277 853 1323 911 uia

120 927 240 985 lemorel
257 928 381 994 theatro,
396 923 513 994 siguum
542 927 585 979 est
604 923 681 995 quod
734 924 810 979 Deus
825 928 896 992 erat,
913 923 1020 981 eisdem
1037 924 1217 995 loquentibus
1231 941 1264 983 su
1286 924 1323 981 li·

120 999 174 1055 ltus
196 998 229 1055 sit
254 996 374 1066 diaboli,
400 995 468 1068 quia
496 1001 626 1051 moretur
650 993 681 1050 iu
734 993 819 1075 miter·
836 996 1034 1067 respondebat.
1055 998 1210 1068 Stupebant
1226 1003 1323 1055 autem

121 1071 180 1127 domo
203 1069 291 1143 putris
318 1068 373 1125 sui.
733 1067 863 1122 ndentes
878 1068 939 1124 e'us
952 1065 1113 1135 infantiam,
1128 1073 1156 1123 et
1171 1074 1267 1127 tamen
1279 1068 1323 1127 sie

144 1138 680 1209 thrnCsmsrcsmrsurnorscmsnr‘l
733 1136 867 1193 sublimia
904 1144 1073 1210 oquentem3
1099 1138 1229 1196 videntes
1257 1155 1323 1199 eum

120 1214 333 1280 -lnvenerunt,
365 1212 502 1283 iuquam,
536 1209 615 1266 illum
648 1209 679 1265 in
733 1215 1002 1280 corporoeteetatae
1020 1226 1149 1281 parvum,
1165 1212 1215 1268 sed
1233 1210 1322 1269 iuter·

121 1283 277 1355 templo,non
301 1285 356 1338 huc
379 1289 465 1354 atque
486 1281 553 1338 illuc
569 1280 677 1349 leviter,
733 1280 931 1350 rogationibus
951 1287 978 1338 et
1006 1282 1151 1353 responsis
1171 1298 1321 1354 magnum

120 1359 179 1423 prout
193 1371 251 1411 mos
269 1359 313 1411 est
332 1354 438 1426 pueris,
458 1353 676 1420 discurrentem,
733 1351 878 1408 bominem
889 1357 917 1408 et
929 1369 985 1408 non
996 1355 1084 1410 Deum
1098 1352 1322 1425 considerantes,

121 1424 156 1480 sed
175 1432 311 1498 nmquam
339 1424 488 1498 sapientiae
513 1425 631 1493 fontem,
647 1427 678 1480 in
732 1429 760 1479 et
778 1422 853 1479 inter
867 1424 924 1481 alta
941 1440 1004 1496 qum
1019 1425 1150 1492 audiunt,
1167 1431 1193 1480 et
1207 1425 1323 1483 infirma

122 1497 343 1563 subducerem,
360 1504 390 1555 ut
405 1496 615 1555 meliusomnes
629 1512 679 1552 ou·
732 1511 795 1566 quae
806 1495 904 1553 rident
914 1495 1322 1554 dubiaadmirotioneturbau·

121 1564 271 1648 dieetcum
285 1569 328 1626 eis
342 1570 471 1627 conterre
486 1573 678 1642 posset,com·
729 1571 789 1622 tur.
810 1569 867 1623 Nos
884 1574 979 1624 autom
998 1584 1055 1624 non
1072 1583 1136 1624 curn
1163 1567 1322 1626 senioribus

121 1644 188 1707 posito
201 1644 346 1704 sedentem,
369 1648 398 1698 et
421 1646 567 1712 tamquam
582 1654 676 1696 exem·
729 1638 907 1707 Judaeorum,
931 1656 1016 1711 super
1041 1638 1193 1712 prudentia
1220 1644 1249 1696 et
1276 1655 1322 1697 re·

120 1707 234 1792 puram
244 1712 425 1781 humilitatis,
433 1712 512 1785 prius
520 1712 676 1767 audientem
731 1710 844 1781 sponsis
858 1712 920 1781 ejrts
936 1719 1111 1783 stupeamus,
1127 1728 1219 1783 neque
1233 1710 1322 1768 mire·

121 1780 167 1837 ulle
178 1790 200 1840 ct
213 1789 428 1854 interrogantem
446 1800 499 1847 eos,
520 1798 606 1854 quem
625 1782 676 1839 do·
732 1797 811 1850 mur;
828 1785 878 1839 sed
893 1782 985 1854 ipsum
999 1800 1096 1840 verum
1111 1786 1201 1839 Deum
1213 1798 1324 1841 verum-

120 1858 211 1912 teotem.
237 1857 287 1913 llle
316 1857 447 1912 doctores
472 1858 630 1925 interrogat
646 1853 676 1909 iu
731 1869 786 1925 que
806 1854 951 1911 hominem
974 1855 1250 1923 menstruoso
1285 1870 1321 1911 uo

120 1926 209 1996 templo,
228 1928 275 1999 qui
296 1926 420 1999 Angelos
437 1927 520 1983 docet
543 1925 572 1981 in
592 1926 674 1981 coelo.
731 1931 774 1981 cst
790 1925 883 1982 omnis
905 1926 1054 1998 supientia,
1072 1933 1098 1983 et
1116 1943 1179 1983 curn
1197 1870 1323 1998 quoiuit

116 1990 157 2049 tls
172 1998 256 2057 doceri
278 1999 485 2071 interrogando
509 1996 608 2065 soluit,
628 1996 675 2069 qui
731 2012 844 2068 semper
865 2002 892 2054 et
915 2004 959 2054 est
986 2004 1052 2055 ante
1079 2015 1180 2067 aevum,
1200 1997 1322 2056 scientes

121 2065 210 2148 terbum
219 2070 345 2127 scientim
360 2071 429 2142 ipsis
437 2069 495 2126 suis
510 2067 677 2125 doctoribus
731 2069 888 2125 secundum
906 2071 1087 2141 Prophetiam
1104 2071 1179 2142 quod
1194 2070 1321 2129 sinPar·

116 2143 267 2214 tttmsuarit.
281 2143 479 2213 interrogabat
488 2157 545 2197 nou
559 2140 625 2211 quia
634 2139 678 2195 in·
731 2140 814 2196 rulus
828 2147 968 2199 natusest
983 2143 1075 2212 uobis,
1084 2143 1159 2215 quod
1171 2144 1321 2214 permanet

115 2201 208 2284 diluet,
220 2214 265 2271 sel
286 2220 317 2271 ut
330 2214 499 2281 addisceret,
517 2212 567 2268 sed
583 2217 614 2268 ut
628 2227 677 2268 no
731 2213 808 2268 Deus
821 2212 912 2270 tortis,

119 2272 151 2333 blt
164 2284 318 2343 addiscendi
339 2292 368 2341 et
386 2284 497 2342 zelandi
518 2282 677 2355 Scripturas
767 2286 1193 2356 9l1.rnn1menn0osrlnrcn
1215 2302 1266 2342 cun
1290 2302 1320 2343 ru

116 2357 188 2413 ueras
207 2358 328 2415 lormam
351 2358 442 2425 daret,
460 2361 488 2413 et
512 2360 543 2411 ut
562 2371 597 2412 ea
613 2371 676 2426 quae
729 2373 834 2412 reurno
863 2375 1039 2413 esurissemr.
1068 2387 1101 2398 -
1127 2360 1163 2412 Et
1186 2361 1321 2427 parentes

115 2428 158 2479 ton
183 2427 366 2500 intelligimus
401 2429 581 2498 interrogare
617 2443 676 2484 non
730 2427 804 2497 ejus,
821 2429 943 2484 uidentes
958 2444 1022 2483 eum
1038 2428 1067 2482 in
1086 2428 1203 2498 templo,
1220 2427 1250 2482 in
1264 2442 1322 2485 me·

111 2495 300 2570 ‘rubescamus
324 2501 436 2583 dequo
458 2500 676 2556 tamenerube·
731 2499 778 2556 dio
814 2498 960 2556 doctorum
995 2499 1152 2564 sedentem,
1186 2498 1320 2555 uctms'rati

108 2566 264 2632 scurnum
282 2571 409 2644 supe'rbr,
430 2571 567 2642 eligentes
581 2571 677 2642 potius
730 2575 795 2627 eunt
813 2570 904 2632 valde,
927 2575 1044 2640 propter
1069 2568 1111 2623 rei
1140 2567 1319 2638 inexperien-

104 2636 676 2716 ¹¹10trorepermanare,quaminstrui.lld
730 2642 814 2709 tiam;
852 2640 899 2696 tria
915 2656 1069 2711 numquam
1082 2640 1188 2695 lecerat
1202 2654 1263 2695 rem
1275 2644 1320 2699 ta·

97 2704 247 2794 exemplum
270 2731 382 2787 quoque
406 2714 573 2770 humilitatis
597 2713 676 2784 prius
730 2713 787 2769 lem
805 2656 849 2768 rei
868 2711 999 2768 similem.
1024 2715 1224 2768 blaterantem
1247 2711 1320 2783 ejus,

94 2776 198 2856 attdrre,
209 2803 295 2859 quam
307 2786 449 2843 instruere
463 2785 676 2842 volebotDomi·
731 2783 811 2856 quasi
832 2783 1015 2854 reviviscens,
1031 2790 1060 2841 ot
1077 2783 1244 2851 exhilarata,
1261 2784 1320 2842 Deo

67 2844 268 2926 *Qnmorens
278 2859 354 2930 quod
364 2857 450 2914 etiam
462 2856 591 2913 homines
601 2856 676 2912 docti
731 2855 838 2927 gratias
853 2856 911 2927 egil
922 2855 1086 2912 immensas.
1099 2858 1212 2927 dtpuer
1223 2858 1318 2928 Jesue,

75 2908 279 3002 hmnpttores
297 2930 401 2987 debent
421 2944 484 2984 esse
504 2929 540 2984 ad
556 2927 675 2984 audien·
731 2927 831 2984 videns
845 2929 975 2996 Matrem,
989 2928 1065 2985 venit
1079 2928 1115 2984 ad
1136 2944 1215 2997 eom,
1254 2944 1320 2986 uem

78 2986 170 3071 Qum,
185 3017 271 3074 quam
291 3002 327 3058 ad
342 3000 519 3057 docendum:
534 2998 612 3070 quia,
628 2998 677 3070 qui
731 2998 793 3071 ipsa
812 2999 968 3072 suscipiens
986 3006 1011 3056 et
1030 3000 1151 3057 dulciter
1171 2944 1316 3070 escuinus,

71 3056 170 3139 hius
186 3074 341 3147 respondet
365 3088 451 3144 qnam
476 3071 585 3138 audiat,
606 3070 676 3126 stul·
728 3086 764 3127 ec
783 3070 886 3127 deindo
908 3071 1062 3143 respiciens
1085 3071 1114 3128 in
1138 3071 1238 3128 faciem
1256 3072 1320 3144 ojus

67 3128 152 3202 lino
166 3161 198 3202 se
213 3161 277 3202 esse
290 3145 478 3202 demonstrat.
493 3138 536 3199 nd
551 3141 675 3214 proban·
731 3142 874 3211 decoram,
894 3145 969 3199 dicit
986 3150 1072 3200 muter
1087 3145 1146 3213 eius
1160 3145 1198 3199 od
1213 3146 1319 3199 illum:

71 3215 160 3274 Qum
173 3216 261 3274 etiam
279 3217 355 3288 quod
374 3218 448 3272 lleus
463 3220 547 3283 esset,
560 3214 676 3270 eosdem
730 3217 796 3278 Fili,
813 3216 883 3284 quid
900 3219 993 3281 secieto·
1007 3217 1085 3271 uobis
1099 3218 1160 3270 cic?
1172 3214 1257 3280 Quasi
1272 3213 1319 3268 di-

68 3264 222 3346 }omiues
239 3287 384 3345 subtiliter
401 3286 568 3358 interrogat,
589 3289 617 3341 et
635 3284 677 3340 eis
731 3292 823 3342 reret:
840 3286 1085 3342 Desideratissime
1098 3284 1321 3354 Fili,quarchoc

69 3359 235 3432 Rapienter
247 3359 412 3431 respondet,
431 3357 471 3415 ita
486 3363 516 3415 ut
529 3356 677 3414 audientes
730 3356 832 3423 fecisti,
847 3363 888 3423 ut,
905 3358 988 3413 nobis
1008 3354 1207 3426 ignorantibus
1226 3359 1255 3408 ct
1272 3368 1321 3411 ne·

72 3430 157 3488 dude
169 3437 329 3503 stuperent.
348 3431 426 3487 Unde
438 3429 561 3487 dicitur:
578 3431 676 3499 Stupe-
729 3427 896 3495 scientibus,
913 3427 960 3483 hic
973 3425 1155 3483 remaneres?
1180 3423 1244 3492 Qui,
1259 3428 1320 3482 tam

80 3503 158 3560 dart
168 3509 272 3566 autea,
288 3502 317 3559 id
331 3508 385 3570 est,
395 3501 477 3558 ualde
488 3499 676 3568 mirabantur,
730 3498 852 3565 dilectre,
866 3504 893 3555 et
905 3503 964 3555 tam
974 3496 1102 3570 diligenti
1116 3497 1198 3554 lintri
1212 3500 1321 3555 tantam

72 3589 190 3643 m,
206 3577 256 3645 qut
270 3591 331 3630 eum
345 3574 506 3641 audiebant,
519 3588 603 3644 super
618 3573 677 3641 clus
731 3570 881 3628 materiam
908 3570 1016 3627 doloris
1044 3569 1148 3626 inlerre
1184 3566 1320 3640 potuisti?

76 3646 250 3720 prudentio,
286 3645 489 3716 interrogando
523 3650 551 3701 et
587 3660 677 3716 oppo-
732 3644 812 3711 Peto,
827 3642 889 3713 Fili,
901 3643 954 3698 boc
970 3640 1038 3698 mihi
1054 3639 1184 3708 indicari,
1194 3646 1223 3697 ut
1238 3640 1321 3697 dolor

84 3717 195 3788 nendo,
210 3716 277 3773 etin
289 3721 427 3788 responsis
441 3715 592 3785 solvend03
610 3714 677 3787 quia
731 3731 822 3783 meus,
836 3732 869 3771 ex
882 3715 936 3771 hac
951 3730 982 3771 re
992 3719 1154 3785 conceptus,
1164 3712 1258 3769 valeat
1270 3709 1323 3771 mi·

83 3787 333 3846 aliasinauditum
344 3790 444 3856 luerat,
457 3788 534 3916 quod
548 3803 620 3859 puer
634 3792 676 3843 to·
731 3786 826 3859 tigeri.
854 3787 943 3854 Quem
971 3785 1056 3856 Virgo
1079 3791 1170 3841 uratur
1192 3800 1245 3856 per
1268 3781 1321 3840 tri·

86 3857 453 3932 licentisumsapienter
476 3864 576 3916 ocutus
590 3864 674 3915 esset.
731 3858 821 3916 duum
845 3859 927 3916 auxio
952 3860 1050 3915 dolore
1076 3855 1240 3928 quesierat,
1256 3858 1322 3927 post

85 3932 195 4005 Stupor
208 3931 314 4004 quippe
328 3938 372 3988 est
385 3934 537 3989 vehemens
550 3929 676 3987 admire—
731 3929 926 3987 inventionem
947 3929 1022 3985 inter
1039 3943 1192 3985 moerorem
1207 3932 1236 3984 et
1249 3941 1321 3997 gau·

82 4001 128 4059 tio
142 4001 189 4061 rei
201 4002 318 4059 omuino
330 4004 515 4071 inconsuete,
527 4007 556 4058 et
569 3999 609 4058 sic
624 4000 678 4057 luit
731 4000 809 4058 dium
825 4001 928 4073 posita,
941 4000 988 4072 pia
1004 3999 1179 4056 correctione
1195 3998 1322 4070 increpa·

87 4073 154 4132 bic:
172 4073 285 4132 eudisit
299 4074 378 4132 enim
395 4073 551 4142 humiliter,
571 4072 675 4145 quaesi-
731 4072 780 4129 vit.
794 4074 902 4144 loseph
914 4079 1020 4139 autem,
1036 4071 1100 4128 licet
1112 4077 1194 4141 puter
1206 4070 1268 4141 ejus
1278 4067 1321 4127 di·

79 4144 312 4219 vitpruuentar,
322 4152 350 4203 et
362 4144 510 4218 respondit
521 4144 675 4228 sapienter,
731 4149 855 4213 seretur,
867 4160 925 4201 uon
939 4142 1084 4200 luitausus
1097 4142 1175 4199 illum
1188 4154 1320 4221 arguere,

89 4230 154 4274 num
173 4221 273 4276 tamen
287 4224 363 4275 esset
376 4234 457 4292 puer.
475 4219 538 4289 lpse
551 4222 676 4274 interro·
731 4214 867 4346 ffuouiam
881 4215 1002 4273 firmiter
1015 4214 1144 4271 erederet
1157 4212 1252 4284 ipsum
1262 4212 1320 4292 ‘tin

86 4287 187 4362 abu,
199 4289 263 4364 ipss
275 4289 478 4365 respondebat,
492 4288 555 4363 ipse
568 4304 634 4348 suos
647 4293 678 4347 et
752 4285 834 4346 ilium
857 4304 936 4358 esse;
961 4287 1013 4345 sed
1026 4288 1126 4356 blaten,
1140 4300 1175 4342 ex
1195 4295 1320 4343 mmm
