2790 4912
475 336 517 390 llll
543 336 727 391 rrlrtttttth
754 335 883 390 bouill.
1266 335 1299 387 {9

170 457 226 498 nunc
248 441 282 498 de
307 440 412 512 primo,
439 441 507 513 quia
530 442 566 499 de
589 440 654 499 aliis

35 564 40 571 .
125 512 222 569 ioendum
235 512 287 569 erit
300 513 375 568 iutra
390 511 489 569 ordine
505 529 566 570 suo.

136 585 317 640 blismurus
350 585 497 641 Msooauu.
527 615 562 626 -
587 586 653 643 Cum

109 668 161 722 noo,
172 655 312 712 meandum
327 656 505 728 prophetiam
515 656 652 725 Michaeae,

32 730 39 737 “
106 729 325 783 immortuus
343 729 374 782 in
392 727 547 783 Bethlehem
562 728 651 791 luda,

19 804 23 809 '
105 802 195 865 quaest
211 798 238 853 in
257 798 334 855 tribu
349 797 434 866 tuda,
454 796 530 869 quod
550 797 654 855 dieitur

102 865 127 921 ad
134 865 329 925 dhhnctiouem
343 867 460 925 alterius
475 869 652 938 Bethlehem,

9 988 11 995 .
98 941 228 1008 quaestio
242 939 371 1007 Galilaea,
383 938 414 995 in
424 940 500 996 trihu
515 941 652 1009 Zabulon,

92 1011 113 1063 ia
122 1010 207 1066 duna
218 1011 337 1067 Herodis
349 1015 435 1080 repis,
447 1011 556 1067 scilieet
574 1027 652 1068 anno

9 1106 15 1115 ·
88 1082 152 1151 regm
166 1083 208 1138 sui
222 1081 381 1152 trigesimo,
396 1098 448 1164 per
463 1082 537 1154 quod
555 1088 652 1139 osten·

82 1150 146 1208 ditur
162 1156 275 1224 tempus
293 1153 469 1224 praelinatum
485 1153 589 1211 Christi
604 1170 655 1210 na·

9 1212 12 1262 Ϊ
77 1221 170 1279 scentia
187 1240 195 1278 ε
214 1225 435 1306 prophetaverat
461 1224 537 1281 enim
563 1227 652 1307 patri-

9 1330 14 1339 ·
72 1294 151 1351 archa
164 1295 253 1352 Jacob
275 1295 324 1351 rllo
347 1299 477 1367 tempore
507 1296 650 1353 Christum

9 1358 14 1403 l

69 1366 124 1422 lore
153 1366 347 1435 nasciturum,
374 1365 488 1438 quaudo
518 1366 654 1423 deficeret

63 1436 296 1565 tardata
311 1437 652 1580 ttthbttttth

65 1578 179 1635 llerode
189 1551 367 1647 haialonita,
377 1579 425 1651 qui
437 1581 489 1636 luit
500 1580 652 1649 idumaeus,

61 1652 88 1705 et
100 1649 215 1721 primus
240 1651 371 1721 regnavit
393 1650 566 1721 alienigena.
583 1655 653 1707 Eece

61 1723 153 1790 Noai,
174 1726 205 1777 et
227 1722 348 1793 gentiles
373 1721 534 1779 universam
557 1723 652 1779 Eccle-

60 1790 134 1848 siam
150 1791 277 1849 suturam
296 1809 329 1849 er
344 1792 482 1850 Gentibus
497 1809 654 1865 repraesen-

61 1868 169 1931 tantes,
184 1879 203 1920 a
216 1863 349 1936 partibus
364 1864 559 1932 orientalibus,
573 1881 651 1920 oene-

59 1939 127 1990 nort
140 1936 355 2005 lerosolymam,
374 1934 517 1992 civitatem
532 1935 652 2006 regiam,

58 2003 170 2061 ibidem
191 2005 228 2061 de
252 2006 365 2062 Christo
390 2012 457 2062 nato
477 2005 653 2077 inquirentes

55 2081 86 2131 et
101 2075 244 2132 dieentes:
260 2078 314 2134 Ubi
326 2082 366 2133 est
386 2081 436 2148 qui
451 2083 534 2133 notus
547 2083 588 2133 est
601 2095 653 2134 rea

55 2146 238 2203 ludaeorum?
251 2150 322 2204 Ecce
335 2163 403 2219 ergo
419 2147 517 2205 titulus
532 2164 549 2205 a
562 2150 653 2222 Magis

58 2219 108 2300 hie
133 2220 293 2286 nuntiatus,
311 2234 328 2275 a
348 2219 455 2277 Judaeis
482 2221 652 2292 reprobatus

58 2290 123 2345 rbi:
144 2291 212 2348 Noti
234 2291 353 2345 seribere
373 2291 613 2356 restaurarem,
634 2308 652 2348 a

58 2359 207 2432 Scriptura
216 2361 401 2418 confirmatus
413 2361 450 2418 ibi
466 2379 473 2416 ι
489 2363 566 2429 Quod
580 2366 652 2418 sera·-

59 2434 117 2502 pra',
137 2435 249 2503 scripsi.
270 2432 403 2503 Sequitur
428 2437 523 2490 autem
542 2451 549 2489 ε
570 2435 651 2491 Vidi·

58 2517 122 2559 mus
144 2505 218 2558 enim
237 2505 346 2559 stellam
369 2504 438 2574 ejus,
460 2503 569 2561 scilicet
583 2520 652 2577 pro-

59 2574 167 2644 priam,
195 2573 263 2645 quia
299 2576 372 2630 hane
402 2576 508 2632 creavit
537 2576 574 2632 ad
609 2576 652 2634 sui

57 2643 267 2714 ostensionem,
280 2648 310 2700 in
329 2647 452 2712 Oriente3
473 2652 499 2701 et
517 2651 650 2715 venimus,

56 2715 259 2785 personaliter,
268 2717 395 2781 adorme,
411 2717 565 2787 humiliter,
580 2736 651 2786 eum,

57 2786 256 2857 singulariter.
267 2788 392 2844 Veniunt
403 2795 533 2860 pastores
549 2794 580 2845 ut
595 2805 654 2845 cer·

57 2856 218 2926 tilicentur,
233 2863 264 2915 ut
276 2874 377 2985 supr&
391 2859 510 2915 veniunt
525 2876 607 2930 reges
621 2865 651 2916 ut

58 2934 245 2997 venerentur,
262 2935 292 2985 ut
329 2929 368 2998 ic;
386 2929 502 2986 veniunt
520 2946 603 2987 senes
621 2934 653 2986 ut

56 2998 259 3069 gratulentur,
280 3006 312 3056 ut
333 3000 416 3056 inira.
446 3001 570 3057 Primum
590 3017 653 3073 per·

57 3070 134 3126 unet
147 3070 185 3126 ad
199 3071 344 3142 praelatos,
359 3071 513 3128 secuudum
532 3073 569 3128 acl
586 3071 653 3129 aeti·

59 3156 124 3210 vos,
143 3140 195 3197 sed
216 3143 331 3198 tertium
350 3142 387 3198 ad
406 3143 650 3214 contemplativos.

60 3211 152 3268 Primi
174 3211 270 3269 rident
294 3218 321 3269 et
339 3213 511 3285 praedicant3
534 3214 651 3271 secundi

58 3289 236 3339 venerantur
254 3290 282 3340 et
299 3284 437 3352 adorant;
456 3287 531 3341 tertii
546 3286 652 3358 ample-

58 3357 167 3410 xantur
177 3360 205 3410 et
213 3358 321 3411 tenent.
333 3356 491 3413 Secundum
501 3358 651 3428 quosdam,

59 3423 154 3496 Magis
187 3425 315 3483 iudaeam
348 3426 540 3497 intrantibus,
569 3429 652 3484 stella

57 3495 214 3568 disparuit,
234 3502 265 3553 ut
286 3496 450 3555 amittentes
470 3497 582 3556 itineris
602 3500 652 3557 du·

59 3582 138 3634 eem,
152 3581 269 3624 necesse
289 3569 429 3625 habereut
448 3586 595 3627 recurrere
615 3571 651 3626 acl

58 3636 207 3695 civitatem
222 3637 343 3711 regiam,
360 3639 467 3696 scilicet
480 3642 649 3710 Jerusalem,

56 3714 90 3766 et
111 3708 220 3765 ibidem
241 3708 388 3781 inquirere
416 3712 452 3767 de
477 3727 546 3783 rege
571 3718 649 3770 nato.

57 3780 225 3838 Secundum
242 3797 309 3837 vero
329 3780 411 3850 alios,
428 3798 492 3839 cum
512 3784 586 3853 Magi
604 3786 649 3840 Je-

58 3851 186 3908 rusalem
215 3852 251 3909 ad
277 3853 463 3924 quaerendum
493 3854 528 3910 de
559 3856 650 3912 Puero

61 3923 186 3994 ingressi
196 3923 327 3992 tuissent,
339 3924 572 3982 stettaedueatum
583 3925 652 3983 ami-

61 3999 175 4075 serupt,
191 3994 325 4065 quoniam
343 3995 478 4056 auxilium
494 3997 650 4053 humanum

62 4071 245 4136 requrrentes
270 4067 348 4137 juste
374 4067 495 4138 perdere
524 4067 651 4124 divinum

60 4143 239 4205 meruerunt,
258 4137 326 4219 quia
346 4143 424 4195 recte
450 4138 545 4195 divino
568 4139 650 4195 dese·

58 4210 164 4265 runtur
188 4207 307 4276 auxilio,
347 4208 375 4265 ui
395 4210 551 4266 humanum
580 4225 652 4282 prae·

57 4281 172 4351 ponunt
190 4277 300 4337 divino.
372 4284 467 4352 potest
490 4280 573 4338 stella
596 4281 651 4337 ista

709 441 881 499 illuminatio
892 439 990 511 gratian
1006 437 1135 510 intelligi,
1146 439 1217 510 quia
1228 438 1296 495 dum

709 513 778 570 honi
793 529 810 569 a
825 511 907 568 malis
926 510 1074 566 consilium
1091 515 1231 581 quarunt,
1247 525 1296 566 re·

709 600 770 640 ram
785 581 1019 640 illuminationem
1034 583 1178 639 amittunt.

745 657 933 711 ollrsramrro
956 670 1060 708 areuna
1084 671 1203 708 rnorrna
1226 669 1294 715 oua·

709 744 780 784 ruoa
798 742 939 781 rariores.
957 754 992 764 -
1011 724 1066 780 Sed
1089 724 1147 780 sive
1164 728 1230 779 ante
1250 723 1295 779 in-

710 813 841 870 gressum
860 796 890 853 in
909 795 1078 863 Jerusalem,
1094 795 1153 851 sive
1171 800 1235 866 post
1251 792 1296 849 in·

710 885 838 940 gressum
854 867 897 925 dis
919 866 993 923 aruit
1007 867 1098 923 stella.
1120 868 1235 922 Factum
1250 869 1295 922 est

710 942 764 997 hoe
779 957 795 996 a
808 942 866 996 Deo
880 883 1008 1012 pforibus
1021 938 1056 993 de
1070 937 1173 993 causis.
1183 936 1293 1019 Prima,

709 1016 827 1084 propter
853 1012 930 1083 ipsos
958 1011 1065 1079 Magos,
1085 1015 1114 1065 ut
1142 1025 1190 1080 qur
1215 1023 1294 1080 prius

710 1081 994 1139 iueranteommoniti
1005 1080 1113 1136 eoelesti
1127 1079 1219 1151 signo,
1229 1094 1295 1135 cou-

710 1154 895 1210 firmarentur
913 1152 998 1209 etiam
1028 1151 1102 1207 dicto
1126 1149 1293 1223 prophetico

709 1241 742 1281 er
756 1225 905 1281 doctorum
922 1223 959 1279 ibi
975 1221 1162 1279 residentium
1175 1236 1292 1292 respon·

710 1312 751 1352 so.
775 1294 974 1360 -Secunda,
994 1301 1111 1364 propter
1138 1292 1292 1361 Christum,

708 1373 740 1423 ut
754 1366 816 1438 ejus
832 1365 966 1421 nativitas
981 1364 1009 1419 in
1024 1365 1136 1419 civitate
1152 1366 1230 1434 rogia
1243 1377 1294 1434 pu-

709 1438 872 1504 blicaretur,
893 1442 921 1492 et
940 1435 1088 1507 prophetia
1105 1436 1139 1490 de
1159 1434 1221 1490 loco
1241 1449 1292 1489 na·

709 1506 937 1565 tivitatlsChristi
948 1506 986 1562 im
1010 1506 1064 1562 leta
1075 1509 1291 1561 monstraretur.

709 1611 744 1621 -
759 1579 863 1645 Tertia,
883 1584 913 1634 ut
933 1522 1026 1633 studio
1045 1579 1200 1647 Magorum,
1215 1575 1293 1631 dam·

709 1656 826 1707 naretur
841 1648 954 1720 pigritia
967 1647 1140 1714 ludaeorum,
1159 1646 1207 1718 qui
1222 1646 1294 1703 Gen-

710 1723 786 1778 tibus
802 1721 921 1777 sollicite
931 1719 1072 1777 Christum
1087 1719 1292 1789 quaerentibus,

710 1792 718 1848 i
740 1796 764 1848 si
783 1794 812 1849 in
831 1792 908 1848 nullo
927 1792 995 1847 moti
1022 1789 1142 1845 suntad
1161 1804 1292 1860 quaeren·

731 1880 788 1919 um.
805 1895 839 1904 -
854 1863 970 1930 Quarta,
984 1866 1014 1916 ut
1038 1860 1129 1918 Judaei
1149 1861 1292 1916 Christum

710 1951 767 1991 uon
795 1934 987 2006 recipientes,
1020 1931 1225 1988 inexcusabiles
1257 1930 1293 1987 de

710 2006 846 2061 adventus
870 2006 931 2076 ejus
960 2001 1061 2059 notitia
1086 2006 1291 2077 remanerent:

709 2092 774 2133 eum
798 2076 871 2149 Magi
886 2075 992 2133 ludaeis
1011 2081 1133 2145 tempus,
1156 2080 1184 2129 et
1202 2073 1292 2130 ludaei

710 2147 799 2219 Magis
813 2149 905 2204 locum
926 2146 1081 2202 nativitatis
1098 2146 1291 2201 ostenderent.

710 2221 765 2276 Per
780 2220 833 2275 hoe
848 2219 933 2275 etiam
949 2218 1125 2288 figurabatur
1135 2217 1210 2289 quod
1221 2215 1293 2271 tides

710 2291 813 2348 Christi
829 2295 890 2346 erat
904 2305 921 2344 a
936 2289 1075 2345 Gentibus
1098 2289 1199 2344 devote
1220 2285 1293 2342 reci-

709 2362 824 2444 pienda,
839 2366 866 2417 et
879 2376 896 2416 a
909 2363 923 2417 J
928 2359 1017 2415 udaeis
1031 2375 1083 2431 pro
1097 2360 1196 2430 majori
1211 2363 1293 2428 parte

708 2450 738 2489 m
752 2432 920 2489 infidelitate
933 2430 1156 2497 remanentibus,
1166 2430 1292 2485 refutan-

708 2505 755 2560 da.
773 2506 820 2559 isti
843 2501 917 2572 Magi
936 2501 983 2555 thri
1007 2503 1120 2557 luerunt
1142 2502 1169 2554 in
1190 2499 1292 2556 timore

708 2574 810 2632 Christi
836 2579 862 2629 et
882 2574 939 2628 lide
954 2571 1071 2637 ilrmati,
1087 2570 1225 2640 quianon
1240 2571 1294 2626 ob·

708 2651 802 2702 stante
828 2643 903 2715 quod
927 2642 1033 2698 scirent
1058 2643 1138 2712 juxta
1169 2639 1294 2697 edictum

707 2717 865 2788 imperiale,
881 2713 993 2787 capitali
1017 2711 1157 2785 septentia
1174 2710 1294 2783 ponien-

707 2788 775 2843 dum
803 2803 866 2844 esse
894 2785 1064 2857 quicumque
1088 2798 1184 2854 regem
1207 2781 1294 2839 alium

709 2875 793 2930 quam
823 2858 980 2929 subjectum
1016 2860 1142 2912 itomano
1174 2853 1294 2926 imperio

708 2929 880 2996 nominaret,
893 2930 1035 2986 Christum
1050 2932 1146 2983 tamen
1160 2925 1293 2997 intrepidi

708 3006 774 3056 suut
797 3001 928 3056 contessi.
957 3001 1036 3056 Unde
1057 3001 1292 3068 Chrysostomus:

710 3091 724 3124 a
742 3070 796 3127 Sed
815 3071 951 3143 numquid
969 3071 1145 3139 nesciebant,
1166 3069 1241 3140 quod
1263 3068 1292 3125 in

706 3142 864 3199 Jerusalem
880 3159 910 3198 re
932 3143 1028 3211 nabat,
1048 3141 1193 3198 ilerodes‘l
1209 3142 1296 3195 Num-

709 3213 776 3285 quid
790 3230 846 3270 non
859 3159 1066 3284 iuteqligehant,
1081 3213 1155 3284 quod
1169 3211 1295 3281 quicum·

708 3301 773 3356 que,
801 3301 868 3366 rege
897 3285 1018 3350 vivente,
1049 3283 1169 3338 atterum
1196 3296 1294 3352 regem

707 3360 875 3428 pronuntiat
901 3360 950 3411 aut
974 3354 1091 3420 adorat,
1120 3352 1237 3422 punitur
1264 3353 1293 3407 in

707 3426 867 3498 sauguine?
895 3425 948 3482 Sed
977 3425 1044 3480 dum
1075 3421 1294 3477 considerabant

708 3514 804 3568 regem
823 3498 958 3560 loturum,
979 3510 1037 3550 non
1060 3493 1199 3549 timebant
1224 3507 1295 3563 pras·

708 3574 836 3635 sentem;
862 3567 953 3622 adhuc
977 3581 1035 3622 non
1060 3564 1189 3621 viderant
1213 3564 1294 3620 Chri-

708 3645 794 3707 stum,
810 3644 838 3695 et
859 3639 913 3694 'am
934 3636 1025 3710 parati
1046 3642 1128 3693 eraut
1151 3637 1223 3692 mori
1241 3652 1293 3708 pro

708 3710 829 3769 Christo.
846 3655 868 3767 d
884 3710 959 3766 beati
977 3708 1062 3791 blagi,
1079 3709 1205 3790 quiante
1225 3723 1294 3765 con·

708 3786 835 3853 spectum
848 3781 1035 3837 crudelissima
1044 3780 1294 3862 regrspriusquam
1380 3780 1384 3787 '

707 3853 848 3911 Christum
864 3852 1007 3918 riderent,
1023 3851 1128 3908 Christi
1148 3851 1213 3907 lacti
1228 3856 1293 3908 suut

707 3924 906 3981 confessores!
923 3944 938 3974 o
957 3924 1018 3979 hec
1038 3924 1255 3992 chrysostomus.

744 4019 759 4068 7
776 3998 896 4051 Hsaoors
911 4012 1003 4064 rruoa,
1015 4012 1047 4049 ur
1062 4012 1194 4051 runaarro
1208 3996 1222 4050 J
1226 4009 1295 4050 anu·

709 4084 803 4122 sareu.
814 4096 849 4108 -
863 4068 988 4122 Audiens
1000 4073 1090 4121 autem
1101 4066 1220 4121 Herodes
1231 4079 1293 4128 rea,

708 4136 1294 4204 tatiadePueronato,turbatusest,timeus

708 4223 744 4264 ne
760 4213 931 4279 regnaturus
948 4213 1021 4265 esset
1037 4223 1088 4279 pro
1104 4223 1153 4276 eo,
1171 4222 1202 4262 se
1221 4212 1293 4262 tam·

708 4293 793 4351 quam
815 4279 977 4352 alienigena
994 4278 1141 4335 destituto.
1165 4275 1217 4334 Ubi
1236 4277 1295 4332 Au·
