2790 4912
377 291 421 347 ult
446 293 629 349 srlrutlttt
656 291 788 349 notltt.
1170 299 1198 350 9l

63 411 137 466 aque
158 396 369 455 mmedneuoatt
488 404 558 467 ,vel

63 468 203 523 laodiceni
221 471 333 526 monins·
358 472 365 485 '
403 474 477 541 ipae,
493 489 557 530 teas

63 544 194 609 rpnnsct
207 543 355 609 sanante
367 545 487 600 Domini.

63 625 147 691 renus
163 627 352 698 semrumrio.
368 644 403 655 -
418 615 483 682 Qut,
500 614 555 672 sci·

63 682 209 762 {aaa
224 683 367 765 “aaa
380 701 480 755 aaa·
500 688 554 772 ¹¹9·

63 776 77 821 ι,
92 752 164 809 nihil
184 753 255 835 malr·
268 762 457 835 suspicantes,
477 758 553 813 atae·

63 823 206 880 eoedentes
216 825 553 898 scilieetdelerusalem,

63 897 86 949 il
97 910 198 951 versus
213 896 392 978 Bethlehem,
407 898 502 956 edocti
518 899 554 956 de

63 980 90 1020 er
106 966 299 1048 proplieliam.
319 973 448 1034 Etcum
469 973 552 1028 Jeru-

93 1110 99 1120 ·
159 1053 199 1092 ssi
227 1038 358 1119 luissent,
387 1057 445 1097 ecce
470 1044 554 1098 stella

132 1114 198 1188 enat
221 1126 253 1165 en
273 1110 391 1191 (triente,
407 1128 471 1184 quae
498 1112 554 1170 dis-

63 1181 111 1246 rat,
130 1184 236 1236 iterum
259 1197 301 1237 eis
325 1182 467 1256 apparuit,
486 1183 554 1256 quia

63 1265 101 1305 im
119 1249 286 1308 deserentes
304 1253 472 1323 homanum,
492 1271 552 1312 me·

63 1324 87 1375 nt
102 1336 274 1404 recuperare
289 1323 430 1407 divinum
443 1328 474 1382 ln
490 1325 552 1454 ipso

63 1409 68 1446 ι
80 1390 152 1473 loco,
162 1408 219 1464 quo
227 1410 269 1450 eis
281 1403 444 1476 reapparuit
458 1402 502 1454 ste
514 1398 552 1469 la,

66 1469 105 1544 est
123 1479 153 1519 in
170 1480 338 1522 memoriam
358 1468 444 1539 hujus
462 1470 552 1526 eccle·

63 1533 159 1604 leude,
175 1538 352 1594 antecedebat
366 1555 419 1602 ees.
437 1546 465 1596 et
478 1542 552 1597 viam

63 1603 148 1673 lebat,
164 1608 317 1677 usquedum
332 1613 442 1666 ueniens
466 1616 553 1668 steret

63 1674 179 1805 3¹‘lentigo
207 1683 236 1735 et
259 1680 353 1762 vicina
377 1680 485 1751 domui,
502 1684 553 1739 aba·

64 1749 553 1901 ‚l·,„tltllm⁵ltllml

63 1893 82 1944 st
97 1904 146 1960 qur
165 1898 249 1948 natus
267 1899 311 1949 est
325 1896 393 1964 iles,
407 1911 491 1966 quem
508 1902 551 1953 te·

63 1976 81 2029 ·;
92 1967 121 2016 ot
136 1977 222 2032 quem
238 1962 379 2035 loquendo
391 1972 552 2024 monstrare

63 2037 179 2103 poterat,
208 2036 338 2095 testando
368 2043 550 2096 monstraret.

63 2144 70 2170 ,
88 2103 172 2160 stella
185 2105 268 2187 duee,
286 2124 350 2164 cum
365 2124 468 2177 magno
482 2126 552 2193 gau·

63 2173 76 2230 l
100 2179 257 2246 tugurium,
274 2178 304 2235 in
333 2195 389 2250 quo
414 2182 552 2239 Dominus

70 2250 220 2317 natusest,
237 2256 439 2331 pervenerunt.
454 2252 552 2311 Ambi-

72 2320 215 2402 estquod
237 2327 357 2379 istorum
380 2322 475 2392 luerit,
495 2324 551 2381 sci·

63 2404 89 2444 m
104 2391 180 2461 tlagi
196 2408 226 2447 in
240 2392 355 2450 Oriente
372 2393 456 2465 positi
474 2394 552 2452 vide·

63 2460 142 2542 ellam
151 2478 238 2534 super
248 2465 375 2546 Judaeam
385 2464 552 2523 existentem

63 2533 165 2614 ulem,
187 2535 231 2591 vel
247 2536 370 2592 viderint
389 2536 500 2593 stellam
523 2537 552 2593 in

63 2618 84 2659 e
97 2609 231 2686 existere,
240 2622 303 2687 quae
317 2623 367 2663 eos
381 2607 510 2678 perduxit
522 2609 551 2665 in

63 2689 106 2730 m.
118 2676 214 2733 Potuit
228 2693 305 2733 enim
318 2678 397 2734 nasci
412 2677 441 2734 in
452 2679 551 2736 Orien-

67 2761 120 2802 eos
140 2748 327 2819 praecedendo
346 2749 376 2804 in
394 2750 552 2806 Jerusalem

63 2831 136 2884 sere,
161 2823 192 2875 ut
221 2820 309 2876 sentit
336 2821 551 2890 chrysostomus,

63 2892 142 2968 retur
173 2890 362 2948 communius.
393 2894 554 2961 Fnlpeatias

63 3004 65 3011 ,
81 2959 194 3041 videtur
209 2961 290 3031 velle,
301 2961 376 3034 quod
387 2978 450 3020 eam
481 2962 554 3021 mmo

63 3034 92 3085 nt
109 3032 393 3115 numobilemsuper
413 3037 446 3092 lu
468 3051 551 3104 acam,

63 3100 141 3158 tledit
162 3119 209 3184 'eis
233 3121 345 3176 signum
367 3105 499 3164 veniendi
523 3106 552 3162 in

63 3187 112 3241 ως
122 3189 170 3246 qm
180 3177 339 3256 ierusalem
351 3183 498 3248 tamquam
508 3192 553 3234 ca-

63 3243 136 3302 ‹1aeae
146 3246 291 3329 adierunt,
303 3253 331 3304 et
342 3247 551 3321 ipsisegressis,

63 3321 145 3373 motu
170 3319 287 3375 notabili
316 3334 365 3375 eos
389 3319 551 3392 praecessio

63 3389 435 3519 mutitlltelall
453 3392 554 3465 W*

63 3529 136 3585 ltsoi
153 3547 245 3612 nouus
261 3549 386 3588 iuratur.
411 3564 435 3574 υ
455 3537 491 3589 Et
508 3535 551 3588 in-

63 3615 85 3664 s,
98 3601 173 3681 tingi
194 3601 311 3672 scilicet,
325 3604 444 3668 domam,
461 3603 490 3659 id
509 3608 553 3660 est

63 3686 170 3740 orrum,
185 3675 347 3754 invenenat
361 3676 478 3730 Puerum
492 3691 552 3730 cam

74 3743 166 3799 Katre
180 3759 249 3813 epae,
266 3744 339 3800 lorte
353 3749 419 3801 tone
434 3745 552 3802 sedente

63 3818 132 3896 sote·
145 3830 232 3895 super
252 3831 346 3886 genua
372 3817 510 3884 Puerum;
524 3821 553 3872 et

68 3900 162 3967 gavisi
179 3890 255 3956 sunt,
277 3886 345 3958 quia
368 3903 386 3943 a
411 3886 551 3944 desiderio

63 3956 163 4015 audau
185 3973 243 4014 non
261 3964 336 4027 sunt,
351 3974 404 4015 nec
430 3957 554 4014 inaniter

63 4033 181 4086 nerunt.
210 4028 288 4085 Unde
314 4031 552 4099 chrysostomus:

63 4105 158 4172 pterea
175 4099 309 4171 gratulati
324 4106 399 4168 sunt,
417 4098 553 4172 quoniam

69 4171 225 4244 quaesitum
240 4174 284 4227 est
302 4170 554 4243 desideratumque

63 4248 149 4312 aaut,
169 4240 307 4315 quoniam
330 4243 425 4301 effecti
441 4242 556 4301 inerant

619 400 713 459 nuntii
725 399 863 468 recitatis,
876 403 905 457 et
916 399 1051 472 quianon
1064 399 1203 458 frustrata

617 472 712 545 longae
730 471 784 529 viae
811 471 992 528 confecerant
1018 471 1199 543 spoliatam

617 542 730 602 ardenti
751 542 856 615 quippe
869 557 939 615 erga
958 541 1102 600 Christum
1121 541 1199 615 cupi·

618 614 707 673 ditate
719 615 888 687 flagrabant.
903 635 918 665 »
928 613 1003 670 Felix
1011 614 1100 670 Maria
1113 628 1200 671 :nam

616 689 698 744 lesus
712 688 773 743 sine
795 684 884 743 Maria
902 700 961 741 non
983 684 1117 754 nasmtor,
1133 684 1202 757 quia

616 756 679 828 ipsa
712 756 843 814 ministra
875 755 1102 825 incarnationis,
1137 755 1201 813 sine

617 827 771 887 Marianon
783 827 1009 909 invenitur,quia
1020 827 1082 899 ipsa
1094 826 1201 884 lamnia

616 898 806 969 educationis3
818 898 879 956 sine
892 901 1048 955 Marianon
1059 897 1202 971 crucitlgi-

616 976 672 1041 tur,
686 970 754 1043 quia
766 973 827 1044 ipsa
838 968 918 1027 socia
927 968 1078 1042 passionis.
1094 969 1201 1041 loseph

616 1048 721 1112 autem,
747 1041 901 1100 secundum
925 1041 1058 1098 eumdem
1083 1042 1102 1098 G
1154 1056 1200 1096 ee·

615 1120 742 1178 stomata,
752 1112 859 1170 idcirco
875 1117 994 1181 tacetur,
1011 1111 1078 1183 quia
1091 1112 1139 1169 nul
1153 1127 1200 1168 uni

616 1184 655 1242 ibi
673 1184 709 1242 de
727 1183 829 1241 oillciis
842 1184 879 1240 ad
892 1182 1040 1240 nutritium
1054 1182 1199 1255 pertinen·

615 1255 691 1313 tibus
703 1260 951 1312 commemoratur.
968 1254 1029 1322 Vel,
1044 1254 1199 1310 secundum

614 1328 767 1390 Hilarium,
787 1330 816 1382 et
839 1326 994 1390 Redonum,
1021 1324 1116 1381 divina
1140 1323 1200 1381 dis-

616 1395 784 1470 pensatione
811 1401 906 1453 actum
924 1401 977 1463 est,
994 1405 1026 1451 ut
1050 1395 1099 1451 illa
1128 1395 1200 1451 liora

616 1471 721 1527 absens
735 1472 820 1537 esset,
838 1482 873 1523 ne
889 1470 970 1539 pater
988 1467 1052 1538 ejus
1070 1466 1200 1522 credere-

616 1546 672 1609 tur,
698 1539 743 1596 vel
768 1539 865 1612 aliqua
892 1537 1061 1609 suspicionis
1088 1535 1201 1593 occasio

616 1613 733 1668 daretur
759 1609 906 1677 Gentibus,
933 1608 1010 1680 quod
1039 1610 1114 1665 Deus
1141 1623 1200 1663 non

616 1687 703 1750 esset,
718 1680 777 1754 qui,
792 1680 822 1738 in
837 1683 984 1763 Magorum
997 1695 1130 1753 persona,
1144 1677 1202 1750 pri·

616 1753 711 1810 mitias
734 1769 811 1822 snas,
834 1757 930 1808 statim
952 1757 1019 1809 nato
1043 1751 1201 1818 salvatore,

615 1825 652 1882 ad
668 1839 734 1881 eum
750 1823 927 1881 adorandum
941 1822 1089 1879 miserunt.

655 1919 683 1954 ιι
700 1896 779 1964 Quia
804 1912 950 1952 nrairoma
977 1912 1037 1951 surr
1065 1896 1200 1950 Macetum

615 1985 760 2024 mommo.
777 1999 811 2010 -
827 1964 950 2038 ingressi
972 1965 1078 2037 itaque,
1095 1970 1121 2021 et
1134 1981 1201 2036 pro·

616 2040 735 2096 eideates
753 2043 811 2095 tarn
837 2044 932 2095 mente
977 2053 1042 2094 uam
1069 2052 1118 2092 eor
1157 2051 1201 2104 re,

615 2126 709 2184 genua
723 2111 841 2166 flectunt
854 2125 943 2182 puero
955 2053 1023 2166 jesu
1043 2106 1120 2165 humi
1134 2106 1198 2174 iter,

616 2188 645 2240 et
667 2183 851 2238 adorauerunt
875 2197 935 2237 eam
955 2179 983 2235 in
1005 2195 1091 2236 carne
1108 2180 1198 2235 Deum

618 2268 724 2322 verum,
738 2251 904 2310 adoratione
919 2251 1026 2307 scilicet
1038 2249 1139 2317 latria,
1156 2263 1202 2304 re·

615 2329 755 2381 verenter.
786 2326 935 2391 Honorant
964 2326 995 2377 ut
1024 2335 1142 2393 regem,
1170 2324 1199 2375 et

616 2396 736 2453 adorant
752 2399 783 2451 ut
801 2396 906 2462 Deum;
927 2393 1024 2448 vident
1046 2391 1123 2448 euim
1149 2391 1201 2445 ho·

617 2466 723 2522 minem
747 2469 776 2521 et
798 2470 957 2536 agnoscunt
973 2465 1062 2518 Deum
1082 2479 1088 2517 :
1106 2459 1199 2532 proci·

615 2538 687 2594 dunt
697 2535 728 2592 in
742 2535 855 2606 signum
870 2532 1049 2614 humilitatis,
1065 2532 1126 2613 sine
1143 2545 1200 2656 {aa

616 2609 711 2664 nullus
727 2622 793 2662 vere
806 2606 918 2673 adorat,
933 2619 1001 2675 qma
1019 2617 1113 2659 omnis
1129 2616 1147 2657 a
1167 2616 1199 2656 o·

616 2685 695 2735 rator
719 2693 834 2734 omnem
862 2676 977 2744 tastum,
1001 2679 1030 2731 et
1052 2672 1199 2730 conliden-

615 2750 685 2807 tiam
709 2746 753 2805 sui
777 2747 921 2820 deponere
948 2747 1043 2815 debet,
1056 2750 1088 2802 ut
1113 2757 1198 2816 quam

615 2836 735 2893 corpore
743 2819 930 2891 dejectionem
940 2818 1056 2890 praelert
1066 2816 1096 2873 in
1110 2813 1200 2872 oeulis

616 2892 677 2959 Dei,
697 2891 793 2949 animo
807 2895 899 2962 gerat,
916 2889 1086 2959 contritione
1105 2885 1203 2944 cordis

617 2969 646 3021 et
663 2961 803 3021 humiliati
823 2960 965 3018 victimam
989 2961 1116 3018 offerens
1138 2961 1199 3016 Deo

617 3051 647 3091 se
658 3035 813 3092 curandum
826 3032 993 3090 committat.
1008 3034 1119 3100 Quanta
1131 3037 1199 3089 tunc

616 3105 763 3163 exsultatio
774 3104 825 3163 tihi
837 3104 899 3170 luit,
907 3103 1014 3176 oVirgo
1022 3102 1198 3169 beatissima,

616 3176 679 3249 quis
702 3177 827 3249 cogitare
855 3176 962 3243 valeat,
990 3175 1103 3245 quando
1132 3187 1197 3229 eum

616 3264 700 3377 guam
713 3262 803 3318 nuper
812 3262 961 3328 genueras.
970 3249 1036 3301 tunc
1048 3247 1108 3314 jam
1117 3240 1196 3313 quasi

639 3316 1200 3392 eumadorarrvidebas‘quuammagua

615 3382 1195 3460 luithorumllagorumtldeleuidemm

615 3466 678 3519 erat
689 3462 731 3518 eis
744 3458 881 3518 eredere?
895 3457 974 3524 Quod
992 3454 1040 3511 ille
1060 3449 1200 3509 Puerulus

616 3533 656 3589 sic
668 3531 881 3588 viliterindutus
893 3524 1197 3599 compauperculalla·

616 3608 706 3672 tre,et
720 3602 781 3658 loco
795 3600 835 3655 sic
847 3599 970 3670 abiecto,
980 3596 1040 3653 sine
1050 3595 1197 3667 societate,

615 3674 677 3731 sine
690 3669 808 3739 familia,
823 3668 884 3728 siue
897 3669 1093 3737 omniornatu,
1102 3667 1201 3725 inven-

615 3749 659 3801 tus
673 3748 748 3801 esset
759 3758 808 3799 rex
822 3746 851 3799 et
865 3757 950 3799 verus
961 3742 1049 3809 Deus;
1062 3744 1198 3798 ettamen

616 3821 765 3888 utrumque
781 3814 971 3871 erediderunt.
994 3813 1142 3868 Paruulum
1159 3814 1200 3867 et·

616 3886 692 3944 enim
704 3903 761 3943 non
776 3885 944 3942 adorassent
956 3888 984 3939 et
998 3884 1197 3952 honorassent,

616 3953 1198 4029 siparvulumtantummodocredidissent.

616 4030 698 4086 Tales
721 4029 817 4098 duces,
841 4032 869 4084 et
893 4026 962 4084 talia
981 4024 1125 4098 primitiva
1144 4037 1199 4079 nos

616 4101 722 4158 habere
733 4102 893 4172 oportebat.
904 4101 945 4155 Es
954 4114 1014 4225 3⁰⁰
1025 4101 1111 4168 patet,
1121 4093 1197 4167 quod

617 4178 809 4243 coguoverunt
829 4171 933 4230 Christi
974 4167 1130 4224 ivinitatem
1146 4179 1198 4235 per

616 4242 742 4299 divinam
754 4242 967 4300 revelationem.
984 4239 1055 4295 Cum
1068 4235 1144 4294 enim
1159 4232 1200 4288 vi·
