2790 4912
158 236 206 292 at
511 224 622 279 inlitu
648 226 767 280 runcis
791 226 897 281 cicun
924 223 1021 277 xxxi

164 341 336 399 intirmosre
357 336 480 392 utantet
574 335 660 388 tores.
671 332 752 388 Unde
803 331 891 399 cium,
904 330 956 387 sed
969 327 1145 386 sacrificium
1158 326 1224 384 sine
1239 343 1264 384 in

164 414 283 472 Gtoma:
300 431 315 460 ιι
331 350 400 466 idco
417 421 468 462 ros
502 402 603 472 eciino,
618 402 685 474 quia
700 419 751 476 pu·
804 403 863 461 dia.
893 400 1046 483 faciebant
1067 404 1167 482 autem
1193 400 1264 456 Phai

165 483 232 541 tatis
255 496 306 539 ros
328 495 386 536 non
403 475 549 547 indigere3
567 475 619 531 sed
633 474 697 531 iilos
714 474 752 531 ri·
805 474 924 541 crificia,
951 477 983 529 ut
1005 476 1076 543 iusti
1142 486 1264 542 parerer

165 555 237 622 sito,
267 550 335 624 quia
366 547 530 620 penitendo
558 547 628 603 dant
659 545 752 603 locum
806 545 927 618 populo;
944 558 996 601 nec
1018 558 1099 599 exerc
1158 551 1191 599 nt
1211 559 1264 615 cpe

163 625 305 699 gratier
331 619 395 690 Ubi,
415 617 571 675 secundum
592 619 752 688 chrysosto-
807 616 948 686 ricordia,
976 613 1138 696 inquibus
1166 616 1264 686 probat

162 714 248 765 mum,
263 691 390 750 ostendit
409 705 468 747 nnn
490 689 594 745 mereri
611 706 661 746 ecs
674 688 751 745 sani-
803 688 923 760 justitia.
938 708 953 738 i
967 687 1019 744 Ubi
1030 691 1058 742 et
1067 685 1202 743 Moenus
1214 707 1264 767 :5³

163 773 251 826 tatem
269 764 415 820 coelestcm
438 760 584 832 consequi,
599 760 648 833 qui
667 776 752 817 sanos
807 761 904 832 itaque
918 774 967 815 eos
984 762 1015 815 nt
1031 773 1084 830 per
1102 773 1191 828 opera
1216 760 1264 815 sibi

161 855 205 908 se,
221 837 249 893 id
261 841 315 903 est,
328 834 421 906 jnstcs
433 846 496 890 esse
507 836 609 905 putant
635 831 751 888 medici·
808 847 937 914 supernis
958 828 1163 886 misericordia
1190 846 1264 901 praei

164 925 230 967 nam
245 904 358 964 Domini
374 908 557 976 respuentcs;
571 875 622 961 sed
638 903 752 975 eosqui
808 907 931 984 quirent,
940 908 969 983 et
981 902 1231 982 non,cnntemptis
1240 918 1264 973 p

164 979 360 1036 infirmitatem
384 991 475 1043 suani,
491 976 544 1031 hcc
571 978 616 1031 est
635 980 753 1046 peecata
807 973 1035 1041 necessitatibus,
1050 973 1261 1044 perciitatione

164 1067 217 1125 pro
233 1050 280 1106 'ria
309 1052 521 1119 cognoscentes,
550 1062 584 1102 ac
608 1050 668 1127 tcta
695 1047 752 1127 fide
808 1046 941 1103 ticiorum
955 1060 986 1100 se
1002 1046 1061 1100 Deo
1073 1044 1189 1119 piacere
1205 1052 1264 1100 cont

164 1067 313 1180 credentes
339 1118 480 1176 medelam
507 1116 632 1174 coelestis
652 1122 751 1188 gratiae
842 1119 1013 1189 7Pioioirir
1031 1126 1162 1172 nis'sccii
1186 1134 1260 1171 onii

163 1200 306 1267 quaerunt.
327 1193 361 1247 Ut
384 1189 460 1246 enim
489 1187 531 1244 ait
556 1189 751 1258 ,inproficuus
808 1205 1019 1245 niiuxniirncii.
1039 1218 1073 1228 ·-
1096 1188 1176 1244 Unde
1201 1194 1228 1243 ct
1251 1205 1264 1243 s

167 1287 183 1317 ιι
192 1267 280 1321 b'cmo
295 1280 313 1319 a
327 1264 386 1319 Deo
399 1261 431 1316 iu
444 1261 555 1329 firmus,
565 1259 620 1317 nisi
632 1261 680 1332 qui
691 1276 752 1317 sca
808 1259 1006 1317 misericordia
1019 1257 1180 1330 exemplum
1195 1257 1237 1315 eis
1251 1275 1264 1330 p

167 1334 260 1408 seipso
276 1332 362 1391 sentit
374 1332 529 1388 infirmum.
551 1355 564 1379 n
808 1331 907 1387 dicens
925 1348 932 1386 ι
947 1334 1009 1389 Nou
1023 1332 1096 1385 cuim
1110 1334 1174 1385 iieiii'
1186 1347 1264 1385 eccur

199 1412 215 1464 6
231 1410 385 1463 Resiosnii
400 1421 442 1458 sis
457 1419 576 1459 saccino
589 1419 641 1458 nnn
655 1419 754 1458 accro-
809 1402 916 1459 scilicet
935 1402 972 1458 ad
992 1401 1201 1473 penitentiam,
1216 1402 1263 1457 sed

164 1496 279 1537 mrarnii
308 1478 388 1535 Oscis
414 1492 569 1531 rnornnrii.
586 1503 621 1515 -
643 1473 752 1531 Deinde
808 1475 845 1531 ad
868 1473 1086 1554 proficiendnm,
1102 1478 1131 1528 et
1145 1479 1176 1529 ut
1199 1474 1264 1543 prosi

165 1550 312 1622 respondit
327 1547 370 1604 eis
385 1546 508 1603 secundo
530 1561 583 1617 per
600 1544 753 1602 auctorita·
808 1545 912 1601 virtute
934 1547 963 1600 in
990 1549 1143 1612 virtutem3
1163 1546 1212 1599 seit
1233 1561 1264 1615 pc

163 1625 222 1678 tem
238 1622 266 1676 iii
281 1620 355 1677 Osca
365 1616 541 1689 inscriptam,
556 1616 753 1688 exprobrando
809 1617 846 1673 ad
872 1615 1080 1688 poenitentiam,
1095 1621 1126 1671 nt
1146 1615 1264 1686 corrigai

164 1691 206 1748 eis
226 1690 445 1762 *scripturarum
475 1687 681 1760 ignorantiam,
710 1686 753 1742 di·
809 1688 1030 1757 eam.i·'e1,iioii
1052 1689 1117 1742 cerri
1137 1689 1264 1756 coccini

164 1778 231 1820 cens
251 1779 259 1818 ι
276 1766 379 1818 Eurotas
395 1764 486 1816 cutem
511 1760 618 1825 discite,
633 1775 651 1816 a
664 1764 752 1815 teme·
810 1764 863 1827 cst,
878 1775 927 1815 eos
952 1758 1001 1830 qni
1024 1774 1055 1815 se
1072 1760 1164 1829 justos
1185 1765 1264 1830 reput

163 1832 248 1899 ritate
263 1838 357 1889 restra
371 1831 544 1899 excedendo,
565 1830 664 1888 discite
677 1832 754 1901 ignc-
810 1831 975 1901 ignorantes
991 1829 1042 1886 Dei
1058 1829 1211 1901 iustitiam,
1226 1845 1264 1885 siit

164 1904 265 1961 rantiae
280 1909 381 1959 restrae
398 1900 604 1969 subveniendo,
619 1903 688 1973 quid
703 1907 752 1965 est,
809 1901 926 1958 stituere
949 1901 1056 1969 volunt,
1072 1900 1140 1972 quia
1158 1902 1183 1957 si
1197 1917 1264 1957 conr

165 1971 465 2045 quoddicitDcminus
475 1973 752 2044 inOscapropbcta:
809 1977 983 2045 peccatores
995 1973 1057 2044 jum
1072 1988 1131 2029 ncn
1146 1972 1200 2029 sibi
1212 1974 1264 2044 just

163 2043 383 2102 Misericordiam
407 2044 478 2106 coto,
501 2058 552 2114 per
577 2043 685 2113 peccati
709 2042 752 2098 di·
811 2051 872 2113 tnr;
895 2045 943 2099 scd
961 2043 1169 2115 percuterent
1196 2050 1250 2111 cst,

164 2112 341 2180 missionem,
367 2118 394 2168 et
420 2128 475 2169 uon
498 2115 674 2183 condictum,
703 2130 754 2185 per
810 2122 839 2172 et
870 2117 946 2172 mala
978 2131 1029 2172 sua
1061 2115 1255 2183 attendentes,

163 2186 394 2242 holocaustorum
417 2182 602 2241 oblationem.
624 2185 704 2241 Unde
723 2185 752 2241 in
808 2193 974 2258 peccatores
988 2202 1061 2256 esse,
1077 2191 1106 2242 et
1123 2187 1264 2242 medicae

164 2255 326 2314 Pmrerbiis
343 2272 350 2313 :
365 2258 464 2311 Facere
482 2257 710 2320 misericordium,
728 2262 754 2313 et
810 2263 987 2330 cognoscunt
1000 2274 1034 2314 ac
1050 2257 1151 2328 gratim
1166 2258 1215 2314 Dei
1231 2274 1264 2329 po

159 2328 301 2401 judicium
324 2328 524 2454 incoisJitucct
541 2330 655 2385 Domino
670 2345 753 2399 quum
809 2345 841 2385 se
865 2329 1028 2401 subjiciunt.
1044 2330 1106 2398 Vei,
1130 2346 1185 2385 riou
1214 2346 1262 2384 rcii

164 2403 292 2458 uictima.
311 2398 398 2466 Quasi
443 2398 552 2456 iceret:
569 2400 621 2470 lte,
636 2405 666 2456 et
689 2399 752 2455 diii·
805 2401 907 2470 justos,
922 2400 990 2473 quia
1011 2400 1081 2458 nutii
1096 2408 1164 2456 suut
1174 2400 1255 2472 justi,

181 2476 263 2529 enter
287 2471 466 2527 considerate
494 2469 563 2528 iilud
585 2471 661 2553 quod
683 2470 752 2527 scri·
808 2479 923 2536 catores,
953 2470 1021 2542 qnia
1045 2488 1137 2528 omues
1162 2488 1264 2543 peccas·

162 2487 241 2624 Enni
254 2542 283 2598 in
297 2543 370 2600 Osca
384 2544 535 2625 propbeta,
553 2558 620 2614 quia
639 2542 662 2599 si
673 2544 752 2624 'hanc
808 2550 887 2612 operit
902 2546 994 2613 cloria
1012 2545 1071 2600 Dei.
1088 2541 1139 2624 Ubi
1162 2544 1264 2614 Grecos

162 2614 412 2671 consideraveritis
447 2615 641 2686 scripturam,
671 2629 751 2670 inre·
807 2631 912 2671 serius:
938 2615 1057 2682 «Quasi
1084 2614 1191 2671 diceret
1206 2634 1212 2673 :
1226 2616 1264 2671 Ad

163 2684 248 2742 nictis
275 2701 320 2742 mc
346 2685 440 2742 iacere
468 2685 624 2743 secundum
649 2685 750 2757 ipsam.
808 2691 918 2743 catores
941 2702 1001 2743 non
1029 2686 1180 2743 abominor
1198 2702 1264 2759 quoi

163 2754 386 2812 Misericordiam
410 2755 484 2825 voio,
509 2756 604 2827 potius
624 2756 687 2813 sine
705 2772 751 2813 sa·
807 2762 920 2815 tantum
943 2757 1036 2829 mutia
1059 2760 1136 2828 reni,
1159 2774 1218 2816 non
1246 2775 1264 2816 ii

161 2823 281 2893 criticis,
308 2831 338 2882 et
364 2842 427 2882 sum
458 2828 551 2883 cordis
581 2827 750 2897 bumilitate,
807 2834 857 2886 ant
880 2835 1060 2901 peccatores,
1090 2830 1140 2887 sed
1169 2837 1200 2887 ut
1232 2846 1264 2887 co

161 2909 249 2966 quani
267 2895 440 2976 sacrificium
463 2895 524 2977 sine
545 2898 750 2967 misericordia,
808 2906 865 2968 tur,
889 2906 918 2957 et
940 2901 1007 2958 boni
1025 2902 1105 2971 fiant,
1125 2902 1206 2972 jdiita
1227 2900 1264 2958 illi

162 2969 277 3044 etcum
298 2967 393 3021 cordis
419 2965 542 3023 elatione
561 2985 568 3023 :
586 2970 662 3026 unde
688 2971 751 3042 pius
807 2971 1023 3031 stolitcbristus
1031 2976 1110 3029 Jesus
1119 2977 1232 3031 venitin
1241 2976 1264 3029 tu

160 3033 254 3117 diligit
267 3036 533 3118 Denspeccatorein
545 3038 694 3109 humilem,
703 3041 751 3112 ciii
806 3045 873 3099 dum
897 3050 1051 3115 peccatores
1065 3047 1157 3101 sulcos
1173 3049 1264 3114 secere

163 3120 221 3163 siim
244 3106 420 3164 infirmitatis
435 3122 566 3165 conscius
587 3109 750 3181 poenitendo
807 3130 911 3186 magna
936 3131 1002 3188 spes
1029 3122 1221 3188 peccatorum,
1243 3132 1264 3189 q

160 3193 191 3235 sc
219 3177 319 3256 gratiae
346 3177 396 3235 Dei
424 3178 583 3260 submittit,
598 3196 684 3264 quani
702 3184 750 3264 Jn·
806 3192 871 3259 pter
893 3203 944 3245 eos
968 3187 1045 3244 renit
1078 3187 1128 3245 Dei
1157 3188 1243 3245 Filius

160 3254 236 3308 stum
251 3250 415 3332 superbum,
433 3266 481 3323 qui
503 3250 539 3308 de
568 3267 619 3309 sua
640 3255 751 3326 iustitia
807 3257 953 3315 mundum.
978 3259 1059 3315 Unde
1071 3261 1264 3328 Auoustr'irus:

160 3337 349 3395 presumens,
366 3321 439 3379 alios
457 3322 631 3381 condemnat
652 3331 681 3381 ct
697 3326 749 3382 mi·
806 3346 892 3386 caiisa
905 3327 1037 3386 veniendi
1059 3330 1114 3388 iuit
1127 3330 1242 3388 Christo
1261 3333 1264 3388 ἱ

161 3393 347 3452 sericordiani
373 3393 448 3451 circa
476 3411 526 3452 cos
553 3397 746 3467 reprehendit.
805 3399 859 3456 nisi
884 3406 1049 3472 peccatores
1072 3402 1169 3459 salros
1192 3403 1264 3460 iacet

160 3464 322 3544 Secundum
345 3467 575 3535 chrysostomum,
592 3467 698 3527 Scribae
720 3475 749 3526 et
805 3473 931 3541 morbos,
956 3471 1023 3530 tolle
1040 3473 1170 3543 vulnera,
1191 3478 1221 3530 et
1244 3491 1261 3531 n

161 3533 425 3617 Pharisaeitoriinia
448 3542 566 3608 peccata
591 3555 643 3596 sua
668 3545 748 3611 puta-
805 3543 954 3601 medicinae
977 3559 1073 3601 caiisa.
1091 3545 1138 3603 Sic
1161 3545 1239 3602 venit
1262 3574 1264 3589 =

160 3602 231 3661 bant
245 3607 391 3663 sacrificiis
406 3608 488 3679 Legis
503 3624 588 3680 posse
603 3609 703 3681 deleri,
718 3616 748 3668 et
804 3630 926 3685 magnus
952 3615 1090 3685 medicus,
1107 3615 1177 3688 quia
1202 3632 1264 3689 mag

158 3688 275 3731 omnem
287 3677 436 3757 ‚reliquam
465 3679 606 3737 virtutem·
622 3688 747 3739 contem·
804 3691 894 3743 totum
908 3686 1008 3744 orbem
1026 3687 1135 3744 'arebat
1146 3696 1264 3760 aegrotus

159 3749 269 3813 nentes,
285 3763 315 3803 iii
331 3749 477 3806 sacrificiis
496 3754 585 3807 totam
600 3768 680 3834 spem
694 3769 745 3825 po·
803 3772 871 3813 nuni
906 3757 987 3814 enus'.
1004 3703 1086 3815 tienit
1098 3775 1173 3816 nnus
1189 3759 1253 3817 sine

159 3814 290 3896 nebant:
306 3824 335 3899 et
348 3818 412 3901 ideo
427 3820 565 3903 Dominus
581 3838 744 3881 misericor·
801 3827 849 3898 qui
874 3773 971 3900 pffures
987 3829 1081 3887 salros
1100 3831 1208 3888 iaceret
1226 3848 1245 3888 a

158 3884 237 3943 diam
248 3889 387 3947 sacrificio
401 3892 536 3964 pratum,
551 3898 582 3951 ut
595 3895 744 3954 manifeste
801 3901 862 3955 Nori
887 3901 963 3956 enim
995 3900 1031 3958 de
1054 3901 1126 3959 coelo
1152 3907 1264 3960 traxero

159 3957 332 4028 ostenderet,
347 3976 404 4018 nnn
419 3978 471 4042 per
482 3964 636 4046 ¹sacriticia
650 3966 743 4039 Legis,
800 3976 900 4028 nostra
913 3970 1026 4043 merita,
1038 3973 1091 4030 sed
1115 3981 1216 4032 nostra
1232 3990 1264 4048 pc

158 4027 209 4087 ced
223 4044 380 4111 perucpera
393 4036 595 4118 misericordia
610 4044 744 4120 ,peccato-
800 4043 885 4114 Ergo,
894 4042 971 4100 nituit
981 4044 1146 4102 Ambrosius
1158 4070 1166 4101 .·
1177 4069 1194 4098 ιι
1203 4049 1264 4105 Usu

158 4099 743 4188 mmdebctapossepurparidibidtcssur
798 4113 917 4184 justitiae
942 4130 1000 4173 iion
1023 4122 1163 4175 vocantur
1184 4119 1224 4175 ad
1251 4134 1264 4191 p

159 4191 175 4223 ι
198 4172 259 4232 iton
279 4176 376 4231 tamen
397 4173 519 4248 despicit
538 4179 613 4239 Deus
636 4181 744 4241 sanifi-
801 4185 907 4244 namsi
921 4185 1014 4259 gratia
1034 4202 1069 4247 ex
1094 4189 1264 4265 poenitentia

78 4478 213 4650 *s
