2790 4912
92 386 100 394 .
136 331 171 382 ah
531 325 639 379 PRIMAE
666 324 782 378 Pth'lS
810 324 914 377 ullor
941 325 978 376 lx

780 448 844 504 quae
857 448 978 505 puerum
993 448 1007 488 s
1027 432 1235 492 eciosissimum
1255 436 1284 492 in
1301 451 1352 508 gre·

781 503 838 560 mio
852 505 979 575 gerebat.
1020 503 1075 560 uod
1094 504 1144 562 illo
1162 507 1270 565 Caesari
1284 507 1351 565 Octa·

780 574 863 632 viano
883 573 1062 643 monstravit,
1086 580 1115 631 et
1138 579 1246 649 Regem
1268 584 1349 649 poten·

779 648 882 702 tiorem
898 645 959 717 ipso
980 651 1078 702 natum
1090 662 1153 704 esse
1169 649 1317 707 intimavit.

817 723 850 773 26
882 718 1077 773 Sousnvrrarrs
1108 737 1222 776 varanis
1257 722 1347 779 Cnusu

779 805 944 845 unoununo.
967 819 1002 829 -
1025 788 1158 847 Meditari
1185 807 1255 874 ergo
1279 792 1346 849 debes

139 436 276 506 animam,
292 436 426 492 deitatem
447 434 584 501 babebat3
599 433 644 490 vel
665 439 724 489 tres

141 507 313 580 propagines
324 513 389 563 sunt
401 512 459 563 tres
472 521 603 578 personae
618 509 723 561 sanctae

139 578 296 636 Trinitatis.
307 579 402 634 Tertia
417 592 483 633 vero
499 575 556 645 die,
571 581 724 648 postquam

142 651 237 706 vinum
252 647 400 719 sanguinis
418 647 462 705 sui
481 648 509 703 in
524 663 609 704 cruce
621 652 663 703 est
675 663 723 703 ex·

139 736 281 793 pressum,
301 725 331 776 ct
354 718 424 791 Regi
447 718 555 776 caelesti
583 719 722 787 oblatum,

142 798 209 849 tunc
224 807 316 863 genus
331 792 489 847 humanum
507 789 543 847 de
560 789 723 862 captivitate

140 867 185 920 est
212 878 368 933 egressum.
400 864 458 918 lloc
489 861 588 917 vinum
616 862 723 932 Regem

141 934 287 990 coelestem
299 936 337 991 ita
347 931 507 1001 inebriavit,
517 933 594 1003 quod
606 948 723 989 omnem

138 1005 277 1061 ollensam
304 1006 429 1061 humano
451 1003 548 1074 generi
575 1002 720 1060 relaxavit.

141 1078 198 1132 Roc
214 1077 309 1132 vinum
326 1075 408 1132 nobis
420 1076 472 1131 sub
482 1079 661 1131 sacramento
676 1090 721 1130 rc-

139 1146 231 1218 liquit,
247 1151 279 1204 ut
295 1145 422 1218 quotidie
446 1145 514 1216 Regi
536 1145 644 1202 coelesti
669 1160 721 1217 pro

140 1218 236 1274 mundi
256 1218 366 1274 otlensa
379 1217 527 1285 olieratur,
544 1218 610 1287 quia
629 1216 722 1288 quoti·

137 1288 184 1345 die
204 1289 343 1345 amundo
368 1287 533 1344 offenditur.
550 1288 628 1344 Unde
657 1302 722 1344 cum

135 1360 264 1416 Christus
289 1365 463 1427 nasceretur,
479 1358 567 1416 vineae
594 1357 721 1431 Engaddi

139 1431 306 1499 floruerunt,
323 1437 351 1488 et
365 1430 508 1488 Christum
523 1446 620 1487 veram
635 1430 722 1485 vitem

137 1501 250 1558 venisse
263 1502 455 1559 ostenderunt.
467 1534 501 1542 -
513 1502 613 1558 Modus
625 1506 721 1557 aulem

138 1572 294 1630 nativitatis
316 1572 430 1642 Christi,
454 1573 594 1643 figuratus
621 1577 664 1627 est
691 1571 721 1628 in

137 1643 217 1715 virga
230 1646 335 1712 Aaron,
351 1660 414 1715 quae
433 1642 530 1699 lloruit
551 1649 579 1699 et
599 1644 721 1700 trucium

136 1714 350 1786 amygdalinum
376 1713 502 1785 protulit.
536 1713 613 1771 Sicut
644 1713 722 1770 enirn

137 1787 218 1856 virga
231 1785 280 1841 illa
291 1784 461 1841 mirabiliter
474 1789 573 1841 contra
587 1789 720 1841 naturam

138 1855 318 1927 germinavit,
332 1855 372 1912 sic
385 1855 475 1912 llaria
492 1871 579 1927 supra
590 1855 721 1912 ordinem

139 1931 247 1983 naturae
263 1926 431 1983 mirabiliter
447 1925 547 1984 Filium
562 1928 718 1997 generavit.

139 1996 225 2068 Virga
247 2000 342 2053 Aaron
366 1997 483 2069 protulit
511 1998 631 2054 tructum
658 1997 720 2054 sine

138 2067 313 2193 plantatione
328 2085 335 2134 ;
354 2067 442 2124 Maria
455 2067 541 2138 Virgo
562 2068 660 2140 genuit
677 2071 720 2123 l‘i-

151 2140 207 2194 ium
219 2138 279 2194 sine
294 2138 366 2195 virili
381 2138 589 2196 commixtione.
605 2141 721 2196 intesta

137 2209 319 2280 amygdalina
329 2210 419 2267 dulcis
430 2210 549 2266 nucleus
559 2210 679 2277 latebat;
691 2210 721 2266 in

137 2285 212 2337 testa
225 2281 319 2338 carnis
332 2281 436 2338 Christi
452 2280 616 2338 dulcissima
628 2281 720 2338 deitas

130 2352 304 2409 abscondita
321 2351 383 2409 tuit.
405 2354 436 2408 ln
457 2353 537 2434 virga
559 2354 654 2409 Aaron
676 2352 719 2408 in·

137 2423 719 2493 venimustrondiumviridrtatcm,tlorum

138 2494 317 2563 suavitatem,
332 2500 361 2552 et
375 2495 518 2552 fructuum
539 2497 697 2552 ubertatem
710 2512 717 2563 ;

138 2566 178 2622 sic
199 2566 287 2623 Maria
301 2566 399 2624 babuit
414 2565 585 2623 viriditatem
600 2565 718 2637 virgini·

138 2639 216 2707 tatis,
230 2639 368 2694 suavitem
382 2637 506 2709 pietatis,
519 2642 548 2694 et
560 2638 720 2694 ubertatem

139 2714 283 2780 perpetuae
298 2708 447 2765 satietatis.

175 2786 206 2835 25
227 2783 295 2835 lrsrs
315 2781 435 2835 Pnoiuus
456 2796 628 2835 ahuuurmra
647 2797 717 2836 surr.

137 2879 172 2889 —
183 2850 344 2906 Nonsolum
354 2855 449 2905 autem
461 2849 589 2906 Christus
597 2851 612 2906 J
616 2850 717 2920 udaeis,

136 2920 187 2975 sed
201 2925 230 2976 et
244 2919 365 2991 Paganis
379 2927 472 2976 ortum
487 2935 569 2976 suum
579 2936 719 2991 praemon-

135 2989 246 3058 stravit,
264 2990 332 3061 quia
352 3006 452 3046 omnes
477 2989 608 3046 homines
625 2990 718 3048 salvos

137 3061 198 3115 tlori
225 3060 323 3117 voluit.
356 3061 434 3116 Unde
461 3060 642 3129 Octavianus,
669 3063 717 3134 qui

133 3136 200 3186 tunc
229 3131 281 3188 toti
309 3131 413 3188 mundo
444 3131 660 3201 dominabatur,
689 3139 718 3190 et

134 3200 224 3258 ideoa
238 3203 375 3260 Romanis
389 3207 533 3274 tamquam
550 3204 623 3259 Deus
636 3220 717 3275 repu-

133 3273 257 3345 tabatur,
274 3274 409 3347 Sibyllam
425 3275 634 3400 prophetissam
649 3290 716 3331 con·

131 3344 252 3415 solebat,
268 3344 291 3402 si
302 3344 446 3402 inmundo
461 3344 563 3417 aiquis
575 3361 609 3402 eo
624 3347 716 3418 major

131 3416 714 3488 tuturuserat.Rodemautcmdie,quando

38 3511 39 3514 ¹
129 3488 256 3544 Christus
283 3488 312 3544 in
337 3489 436 3545 Judaea
456 3489 640 3556 nascebatur,
670 3488 713 3546 Si·

130 3557 216 3628 bylla,
232 3560 339 3627 Rornae,
355 3559 490 3615 circulum
505 3575 623 3616 aureum
634 3560 714 3631 juxta

129 3628 224 3684 Solem
242 3630 503 3700 contemplabatur;
520 3630 550 3685 in
574 3646 630 3701 quo
657 3630 712 3687 cir-

129 3698 193 3755 culo
226 3699 305 3772 virgo
331 3701 524 3772 pulcherrima
550 3699 711 3770 residebat,

779 875 843 916 cum
860 859 974 929 gaudio,
1011 864 1097 916 uanta
1111 860 1148 916 sit
1162 862 1349 920 hodiernam·

779 929 922 1012 lemnitas.
948 875 1037 1012 H⁰3¹⁰
1064 947 1188 1003 namque
1217 938 1358 992 natusest

778 1002 916 1070 Christus,
931 1007 960 1057 et
974 1017 1015 1057 src
1034 1017 1101 1058 vere
1118 1009 1163 1059 est
1183 1004 1245 1062 dies
1263 1005 1361 1062 natalis

778 1072 864 1144 Regis
876 1072 987 1141 aeterni,
1000 1079 1029 1129 et
1045 1072 1106 1129 Filii
1124 1074 1173 1132 Dei
1192 1075 1259 1134 vivi.
1275 1075 1361 1133 Rodie

778 1146 852 1200 Puer
875 1149 958 1199 notus
977 1149 1018 1199 ert
1031 1145 1121 1210 nobis,
1136 1152 1162 1201 et
1178 1149 1269 1204 Filius
1281 1150 1364 1204 dotus

778 1220 820 1270 cst
833 1217 922 1273 nobis.
942 1215 1031 1271 Hodie
1052 1217 1101 1272 Sol
1117 1217 1249 1286 justitia,
1286 1219 1312 1275 ui
1329 1215 1370 1270 in

778 1286 901 1343 nubibus
909 1292 980 1356 erat,
990 1292 1067 1342 ortus
1080 1293 1130 1352 cst,
1142 1294 1171 1344 et
1184 1235 1369 1347 claredulsit.

778 1356 868 1413 Rodie
892 1373 1012 1430 sponsus
1035 1357 1182 1428 Ecclesia,
1209 1361 1380 1418 electorum

777 1434 884 1556 itit
903 1428 1184 1571 hialim?
1197 1429 1388 1575 ,tutata

778 1572 919 1627 hominum
951 1570 1140 1628 desideratam
1164 1573 1270 1631 taciem
1303 1573 1393 1645 ejus

777 1640 911 1698 ostendit.
927 1641 1016 1698 Rodie
1030 1641 1121 1698 illuxit
1131 1644 1213 1700 nobis
1226 1645 1292 1703 dies
1304 1635 1393 1707 red‘

777 1712 927 1784 emptionis
957 1719 1083 1782 nostra,
1102 1716 1297 1786 reparationis
1315 1723 1393 1774 οὓ·

776 1783 873 1855 tiquae,
891 1784 1033 1840 felicitatis
1049 1789 1175 1841 aeternas.
1198 1787 1292 1844 Rodie
1313 1786 1393 1862 pal

776 1860 821 1911 est
849 1854 978 1911 nuntiata
1012 1855 1095 1912 nobie
1122 1856 1311 1929 bominibus,
1346 1848 1393 1931 Ψ

777 1925 889 1982 canitur
904 1927 932 1982 in
946 1925 1051 1996 hymno
1062 1926 1209 1998 Angelico‚
1218 1929 1269 2000 qui
1280 1925 1393 1987 hotil‘

776 1997 934 2058 estractus.
954 1998 1053 2058 Hodie.
1070 2003 1100 2054 ut
1111 2003 1209 2055 cantat
1223 1998 1389 2059 Eoetesia

775 2084 825 2139 per
851 2073 937 2124 totum
967 2068 1099 2125 mundum
1134 2071 1265 2139 melliflui
1294 2062 1393 2139 fact·

776 2144 842 2195 sunt
854 2140 923 2195 coeti.
940 2139 1029 2196 llodie
1048 2144 1183 2211 apparuit
1203 2142 1393 2211 emunctae

775 2215 803 2265 et
818 2213 976 2266 humanitas
1003 2212 1157 2268 saluatoris
1186 2217 1281 2268 nostri
1295 2210 1365 2271 Dei
1384 2220 1393 2269 i

776 2281 853 2352 quia,
866 2285 898 2337 ut
915 2280 984 2337 dicit
1008 2283 1176 2347 Remordus,
1193 2305 1208 2333 α
1230 2281 1393 2343 noemia

775 2353 1391 2501 tttttlttllllhlltltthtttti‘

1364 2464 1375 2490 1

775 2494 825 2550 sed
840 2493 1000 2565 benignitas
1015 2495 1220 2552 misericordiae
1237 2498 1371 2555 maxime

774 2581 848 2621 nunc
867 2565 998 2637 apparuit
1014 2567 1044 2621 in
1063 2567 1255 2624 humanitate.
1273 2589 1289 2619 »ι
1307 2571 1363 2627 llo·

774 2636 820 2693 die
832 2636 966 2693 adoratus
981 2642 1024 2694 est
1038 2639 1112 2694 Deus
1126 2637 1358 2698 insimilitudine

774 2706 868 2764 carnis
890 2707 1008 2780 peccati.
1037 2708 1127 2765 Rodie
1153 2714 1182 2766 et
1211 2725 1268 2767 nos
1298 2725 1357 2768 cun

773 2779 884 2835 Christo
904 2794 1002 2836 sumus
1019 2778 1172 2852 congeniti,
1186 2781 1257 2852 quia
1274 2797 1356 2853 gene·

773 2851 845 2906 ratio
863 2848 966 2906 Christi
989 2850 1070 2922 origo
1094 2856 1138 2907 est
1158 2851 1258 2932 populi
1283 2852 1356 2911 cbri-

774 2919 869 2977 stiani.
885 2920 974 2977 Rodie
994 2921 1043 2978 illa
1055 2922 1112 2979 duo
1130 2923 1272 2979 miracula
1293 2939 1355 2980 con·

774 2991 909 3063 ligerunt,
926 3008 989 3064 quae
1014 3008 1131 3049 omnem
1155 2999 1296 3064 superant
1320 2995 1357 3052 in·

773 3063 928 3130 tellectum,
941 3069 969 3144 et
981 3063 1042 3120 sola
1056 3064 1127 3120 ssdes
1141 3065 1357 3136 apprehendere

772 3138 876 3205 potest,
892 3134 999 3191 scilicet
1013 3152 1019 3190 :
1034 3135 1110 3206 quod
1125 3136 1200 3192 Reus
1219 3135 1357 3207 nascitur,

772 3209 801 3261 et
815 3204 902 3277 Virgo
921 3204 1005 3277 parit.
1026 3205 1115 3263 Hodie
1132 3205 1255 3263 eliorum
1271 3206 1360 3264 mira·

771 3275 901 3332 culorum
919 3277 1021 3332 claruit
1048 3276 1208 3334 multitudo.
1228 3277 1359 3350 Denique

772 3346 869 3403 omnia
892 3363 956 3418 quae
989 3347 1025 3404 de
1051 3349 1251 3405 incarnatione
1282 3349 1360 3407 dicta

772 3422 848 3486 sunt,
868 3418 950 3488 quasi
977 3417 1022 3474 bic
1049 3418 1153 3475 clarius
1173 3420 1359 3490 elucescunt;

771 3488 810 3545 ibi
824 3488 968 3557 inchoata,
979 3489 1025 3545 hic
1043 3489 1234 3547 manifestata.
1252 3490 1361 3549 Videas

770 3575 845 3615 nunc
855 3559 913 3630 illa,
926 3576 960 3616 ac
969 3559 1032 3616 istis
1041 3561 1182 3632 conjunge
1192 3566 1221 3618 et
1233 3575 1271 3634 ap
1292 3560 1360 3622 lica.

771 3630 871 3687 llerito
886 3646 956 3702 ergo
983 3638 1026 3688 est
1052 3631 1107 3688 ista
1126 3631 1189 3689 dies
1210 3647 1267 3704 gau
1292 3632 1311 3689 'i
1331 3639 1362 3691 et

771 3701 978 3771 exsultationis,
986 3702 1132 3760 aclaetitiae
1141 3703 1360 3775 magnanimis.

680 3896 810 3955 otthho

160 4056 243 4110 lesus
255 4052 355 4121 dulcis,
368 4053 416 4123 qui
427 4053 463 4110 de
477 4054 579 4112 ancilla
589 4056 689 4113 humili
704 4057 821 4114 humilis
834 4063 928 4127 natus,
939 4063 966 4115 te
976 4058 1122 4115 humiliter
1132 4063 1231 4117 natum
1242 4059 1361 4118 bumili-

125 4123 302 4206 tatispannis
315 4124 431 4206 involvi,
450 4130 479 4181 et
492 4125 521 4181 in
534 4127 671 4200 praesepio
690 4128 821 4185 reclinari
840 4129 961 4199 voluisti,
978 4130 1015 4186 da
1033 4130 1114 4199 mibi,
1133 4130 1360 4190 clementissime

124 4197 253 4264 Domine,
263 4210 314 4267 per
328 4200 406 4252 tuam
419 4198 641 4255 inenarrabilem
652 4199 829 4256 nativitatem
842 4200 952 4257 renasci
966 4200 996 4257 in
1013 4216 1062 4271 me¹
1073 4217 1155 4259 novae
1166 4205 1232 4260 vitae
1247 4203 1359 4262 sancti·

124 4271 265 4337 tetemet
282 4265 322 4324 sic
341 4266 393 4324 sub
412 4266 512 4324 babitu
532 4273 562 4325 et
583 4269 687 4341 pannis
708 4285 754 4328 me
779 4270 928 4345 religionis
951 4271 1107 4343 humiliari,
1122 4277 1155 4331 ut
1180 4273 1259 4333 inter
1276 4279 1360 4333 arcta
