2790 4912
111 378 154 434 issi
492 385 601 438 l'lllliAE
628 383 746 437 Pieris
773 383 877 439 cliui
904 384 956 437 xli

111 487 234 557 ridebis;
263 505 359 561 surge,
379 504 512 562 propera,
531 490 644 561 festina,
670 496 697 549 et

111 559 182 617 vade
195 560 232 616 ad
248 561 394 632 templum.

150 652 180 687 io
213 632 349 688 Cniusruii
383 650 410 688 iii
442 650 528 690 uiuis
562 651 697 691 accursus

110 718 225 757 abonii.
239 734 271 743 -
285 703 352 760 Cum
363 708 459 760 autern
470 704 639 763 festinanter
649 722 696 762 ve·

109 771 191 854 niens
206 773 342 845 templum
357 775 486 843 intraret,
502 781 530 833 et
544 777 696 834 Dominum

110 844 230 912 videret,
237 845 332 901 statim
341 863 405 902 euin
415 846 520 918 Spiritu
530 848 696 922 prophetico

111 915 254 995 cognorit.
264 917 369 972 Eadem
382 918 485 990 quippe
501 918 621 990 Spiritus
631 935 697 993 gra·

110 988 160 1053 tia,
182 1002 237 1068 qua
256 987 324 1043 olim
343 996 575 1072 praecognoverat
597 996 696 1048 ventu·

110 1071 185 1125 rum,
199 1063 285 1113 etiam
300 1075 374 1116 nunc
388 1067 558 1131 venientem,
567 1063 698 1134 jamjam-

110 1142 166 1254 ἓυθ
192 1144 256 1184 mox
281 1145 298 1185 a
327 1146 356 1187 se
381 1131 543 1202 videndum,
567 1133 698 1205 cognovit

130 1197 697 1273 allatorem.Etaccelerando‚occurrens

109 1283 202 1396 {funi
229 1271 315 1340 flexit,
338 1279 365 1329 ci
391 1290 455 1330 euin
480 1273 557 1331 inter
581 1275 698 1333 brachia

131 1343 480 1422 ,atrisadoravitbrachia
501 1352 698 1404 uesuaexten-

110 1412 200 1494 ditet
214 1414 380 1484 parentibus
392 1416 446 1473 ait:
458 1417 493 1473 ltli
516 1417 525 1472 i
540 1434 605 1475 eum
620 1418 696 1488 date,

111 1484 178 1565 mibi
197 1484 327 1555 debetur,
343 1486 398 1544 mei
418 1487 504 1545 officii
520 1495 573 1558 est,
588 1489 625 1546 ed
644 1491 696 1546 hoc

110 1569 214 1611 missus
225 1572 298 1625 snm,
309 1558 374 1614 huic
386 1559 522 1631 obsequio
536 1565 697 1617 reservatus

110 1626 188 1681 sumi
206 1629 295 1709 hlater
311 1645 375 1685 vero
391 1629 552 1702 intelligens
567 1631 696 1688 volunta·

110 1701 168 1752 tem
187 1697 259 1766 Filii,
276 1699 400 1770 porrexit
416 1716 481 1757 cuni
497 1701 632 1760 Simeoni.
649 1702 697 1759 llle

109 1768 294 1849 autemlaitus
302 1776 330 1826 et
340 1771 563 1842 exsultans,cum
575 1773 696 1830 maximo

110 1838 206 1920 cordis¹
220 1841 334 1910 gaudio,
349 1841 378 1898 in
395 1842 476 1899 ulnas
491 1860 568 1913 suas,
583 1849 611 1901 et
624 1843 697 1901 inter

110 1909 227 1966 brachia
242 1927 307 1968 eum
322 1913 453 1985 suscepit.
470 1915 492 1972 0
507 1930 591 1986 quain
606 1917 696 1973 beatae

111 1994 223 2049 manus,
240 1998 303 2053 quae
330 1985 453 2041 Verbum
477 1988 540 2042 vitae
564 1986 696 2059 palpave-

109 2056 185 2120 runt,
201 2057 228 2108 et
245 2053 317 2109 ulnae
357 2071 399 2111 uae
419 2055 512 2128 ipsum
530 2059 697 2130 amplexata

110 2123 191 2202 sunit
210 2125 321 2206 Etcum
337 2070 460 2183 inarum
475 2127 505 2183 in
521 2129 602 2184 ulnas
617 2145 695 2185 acce-

110 2198 381 2276 pisset,snrrexit,et
394 2213 457 2254 mox
473 2205 602 2257 senectus
614 2199 695 2271 fugit,

110 2277 143 2318 ac
155 2267 291 2348 iuvenilis
311 2267 390 2340 rigor
409 2275 437 2325 et
453 2269 587 2327 tortitudo
604 2271 694 2328 attuit.

110 2335 211 2406 Magna
229 2338 275 2392 hic
293 2339 402 2395 Domini
420 2346 556 2412 potestas,
570 2343 620 2399 sed
639 2359 696 2399 non

792 515 819 549 ιι
831 492 958 549 Suiiioais
966 506 1107 548 muricus.
1117 521 1148 531 -
1157 493 1193 547 lit
1202 490 1350 546 benedixit

753 578 878 635 quoque,
905 570 934 620 et
959 561 1086 619 laudavit
1110 564 1206 626 Demm
1236 561 1348 634 gratias

752 636 863 705 agendo
889 650 941 707 pro
966 637 1045 690 tanto
1064 632 1218 701 beneflcio,
1237 632 1349 689 scilicet

752 706 788 762 de
815 704 980 788 impletione
1009 702 1219 777 promissionis,
1248 719 1282 760 ac
1310 703 1347 762 de

751 778 925 835 exhibitione
945 777 1124 843 salvationis3
1141 780 1168 831 et
1185 774 1250 831 viso
1270 775 1347 832 Red-

751 854 891 921 emptore,
919 846 1050 904 aeriens
1078 845 1283 903 revelationem
1318 848 1346 902 in

752 926 861 977 secreto
884 863 997 991 iiaiigo
1024 917 1077 977 sibi
1103 918 1218 985 iactam,
1239 917 1346 975 dicit.-

751 994 830 1051 Nune
847 992 967 1046 dimittis
985 1006 1092 1046 sonum
1111 994 1197 1053 mam,
1220 991 1346 1053 Domine,

752 1063 899 1119 secandam
912 1062 1023 1117 terbum
1038 1065 1114 1116 tuam
1127 1063 1158 1116 iii
1166 1076 1237 1131 paee
1252 1079 1262 1116 ε
1278 1065 1345 1131 quia

752 1135 881 1189 viderant
908 1133 981 1189 oculi
1010 1135 1064 1187 mei
1090 1131 1222 1189 Saiatore
1257 1136 1344 1195 tuum,

753 1211 820 1272 etc,
855 1220 887 1260 er
907 1208 1008 1261 totum.
1026 1205 1075 1271 Te,
1092 1203 1195 1273 inquit,
1211 1203 1343 1270 Domine,

752 1220 888 1333 benedico
899 1293 906 1331 :
919 1272 1069 1347 promissio
1081 1279 1129 1329 tua
1138 1273 1283 1345 completa
1290 1278 1341 1340 est,

752 1347 924 1419 completum
938 1351 983 1402 est
997 1351 1025 1402 et
1038 1344 1212 1401 desiderium
1227 1359 1340 1401 meum:

753 1419 819 1546 guia
839 1417 921 1474 rideo
946 1417 1088 1473 Christum
1109 1414 1241 1473 Salutare
1263 1420 1340 1471 tuuin

777 1490 904 1546 ominum
920 1503 1025 1557 menni,
1047 1491 1130 1545 lesus
1146 1486 1222 1542 enini
1241 1487 1339 1544 Saloa-

753 1567 795 1617 tor
808 1561 867 1617 siie
881 1562 1016 1616 salutaris
1030 1558 1245 1629 interpretatur.
1258 1557 1338 1613 Vide·

752 1637 818 1689 runt
838 1631 952 1704 quidem
971 1629 1045 1687 oculi
1062 1628 1158 1687 carnis
1177 1628 1335 1693 hominem

752 1703 803 1760 sed
828 1702 902 1759 oculi
927 1701 1031 1758 mentis
1054 1705 1251 1772 cognorerunt
1277 1714 1338 1756 euin

752 1790 814 1831 esso
843 1776 941 1831 Deum.
969 1771 1092 1830 Dimittis
1120 1786 1201 1842 ergo,
1231 1769 1261 1826 id
1289 1774 1338 1835 est,

752 1845 877 1902 dimittes
895 1845 939 1902 rel
956 1843 1092 1912 dimittas,
1115 1847 1146 1898 ut
1164 1840 1338 1924 intelligatur

752 1917 887 1989 optative,
916 1916 945 1972 id
976 1920 1029 1982 est,
1060 1913 1168 1970 utinam
1202 1912 1338 1978 dimittas,

749 1988 808 2059 jam
825 2003 899 2044 nunc
912 1991 940 2043 et
953 1988 989 2044 de
1004 1989 1110 2052 cetero,
1123 1999 1239 2040 servum
1250 1989 1339 2050 tuum,

752 2059 841 2127 abire,
856 2058 886 2114 in
901 2074 980 2131 pace,
994 2061 1022 2112 et
1032 2055 1068 2113 de
1082 2057 1135 2112 hac
1147 2055 1207 2111 rita
1219 2053 1340 2111 transire

751 2130 781 2186 iri
806 2129 900 2186 cordis
922 2129 1027 2200 quiete,
1047 2126 1209 2199 quieturum
1229 2127 1261 2181 in
1282 2125 1340 2182 sinu

751 2201 883 2258 Abrahae.
904 2199 989 2268 Quasi
1008 2213 1107 2257 secure
1135 2195 1258 2266 morior,
1280 2196 1341 2268 quii

751 2288 875 2344 praesens
890 2278 943 2340 cst,
960 2278 987 2327 et
1010 2270 1038 2326 in
1054 2268 1181 2343 proximo
1197 2283 1342 2346 passurus,

751 2360 807 2415 quo
840 2343 975 2400 redimar.
1009 2341 1121 2399 Sciebat
1150 2354 1237 2410 quani
1269 2339 1343 2396 beati

110 2404 204 2464 minor
219 2409 279 2480 ejus
291 2410 379 2467 claret
390 2411 610 2481 humilitas.Qui
624 2414 695 2470 coelo
751 2415 824 2471 oculi
854 2413 901 2485 qni
932 2414 1075 2470 Christum
1108 2414 1205 2467 essent
1232 2409 1347 2475 risuri;

109 2481 242 2561 terraque
254 2497 309 2537 non
322 2482 441 2554 capitur,
450 2485 596 2566 grandaevi
607 2484 696 2541 hoini-
751 2491 779 2542 et
800 2485 865 2542 ideo
883 2486 974 2542 donec
993 2483 1072 2539 illum
1091 2482 1210 2549 videret,
1226 2481 1349 2538 nolebat

109 2563 154 2604 nis
169 2550 242 2633 ulnis
257 2559 397 2625 gestatum
414 2571 461 2626 qui
476 2556 555 2628 prius
572 2555 695 2628 seipsum
751 2562 842 2612 morte
861 2554 987 2612 dissolvi.
1010 2557 1072 2610 llox
1093 2559 1188 2610 autem
1209 2557 1241 2608 ut
1265 2551 1347 2619 vidit,

110 2618 695 2709 serrevixpotarat‚nuncleiiterPuerum
751 2629 868 2754 optabat
891 2626 962 2683 solvi
987 2641 1004 2683 a
1027 2639 1156 2752 corpore,
1179 2622 1258 2679 etin
1281 2622 1353 2679 sinu

110 2690 203 2749 terens
219 2697 348 2753 exsultat.
365 2699 427 2769 lpse
442 2713 518 2754 enini
553 2701 696 2756 ortabata
751 2699 872 2755 Arahae
907 2713 1007 2770 pacem
1045 2697 1083 2752 ha
1102 2710 1160 2751 ere.
1199 2694 1356 2750 Laetanter

110 2776 167 2832 quo
182 2767 359 2846 portabatur,
375 2774 404 2823 et
416 2769 468 2893 'im
483 2715 570 2826 variis
586 2769 696 2826 virtutis
751 2769 826 2826 enini
846 2769 1019 2826 descendere
1041 2766 1154 2823 volebat
1169 2764 1205 2820 ad
1221 2764 1353 2822 limbum

111 2846 169 2888 snae
182 2850 277 2914 omnia
292 2843 385 2918 portat
391 2856 399 2907 ;
414 2855 422 2893 i
436 2841 461 2894 le
474 2842 606 2909 portabat
620 2840 697 2899 Chri·
751 2845 874 2913 patrum,
904 2856 936 2896 ex
961 2855 1016 2912 quo
1038 2837 1145 2895 sciebat
1164 2834 1358 2893 Salvatoreiin

110 2906 185 2959 stum
198 2906 450 2986 inhumanitatem
462 2925 518 2980 qno
529 2913 697 2982 portabatur
731 2967 735 2976 ,
751 2918 858 2968 natum.
884 2911 939 2969 Sed
954 2909 1097 2982 quomodo
1117 2910 1145 2963 in
1158 2922 1230 2979 pace
1245 2906 1355 2962 dimit-

110 2987 162 3043 per
180 2974 366 3033 divinitatem.
383 2978 534 3050 Eleganter
551 2981 639 3052 igitur
653 2982 695 3037 di·
751 2982 830 3051 titur,
858 2998 921 3039 cum
948 2997 1049 3038 omnes
1083 2985 1149 3035 tnnc
1177 2981 1361 3035 sternerent.

110 3048 186 3099 ctum
210 3051 252 3101 est
277 3067 285 3102 :
309 3050 399 3104 Scaea
415 3052 531 3105 Puerum
554 3054 695 3123 portabat,
751 3053 855 3109 lectum
880 3069 963 3110 suum
987 3051 1017 3108 in
1037 3049 1183 3108 tenebris?
1202 3051 1235 3106 ln
1261 3063 1355 3120 pace,

110 3115 181 3169 Puer
204 3122 294 3198 cutem
319 3135 408 3177 senem
434 3123 553 3190 repebat.
577 3124 696 3180 terebat
751 3124 853 3206 inquit,
870 3124 984 3196 quietis,
999 3139 1056 3180 non
1070 3121 1099 3178 in
1112 3137 1180 3193 pace
1197 3119 1362 3176 fruitionis

110 3199 195 3242 senex
215 3188 356 3269 Christum
376 3191 530 3262 infantem,
551 3193 598 3266 qni
617 3193 695 3250 illurn
751 3196 812 3252 Dei.
829 3199 899 3251 Ecce
921 3195 1034 3253 Simeon
1050 3193 1192 3265 perfectus
1209 3191 1275 3260 init,
1295 3193 1357 3246 ha-

109 3258 226 3339 regebat
241 3277 274 3343 in¹
285 3268 430 3320 senectute
445 3265 606 3337 degentem.
622 3265 696 3321 Felix
751 3267 822 3324 bens
835 3267 920 3323 vitam
933 3266 962 3321 in
976 3265 1123 3338 patientia,
1137 3267 1165 3320 et
1177 3267 1305 3318 mortem
1315 3261 1357 3317 in

110 3329 224 3410 quidem
247 3333 360 3391 Simeon
379 3334 443 3405 iste,
457 3335 504 3420 qni
527 3353 583 3392 non
605 3336 696 3393 solum
751 3337 902 3394 desiderio.
919 3337 997 3394 ideo
1019 3352 1098 3407 ergo,
1118 3333 1275 3390 secundnm
1291 3334 1362 3388 lte-

110 3400 216 3484 iidere,
234 3406 284 3461 sed
303 3406 389 3463 etiam
409 3409 551 3465 Christum
567 3407 597 3463 in
612 3424 696 3464 carne
750 3409 825 3472 dorii,
843 3408 871 3464 in
896 3407 1065 3479 quibusdam
1088 3403 1202 3477 perlecti
1226 3404 1355 3460 luerunt.

110 3480 215 3529 meruit
238 3480 368 3546 portare!
394 3479 470 3535 Felix
496 3478 625 3546 nimium,
648 3479 695 3549 qni
751 3486 845 3552 patres
858 3478 968 3536 Veteris
983 3475 1209 3545 Testamenti,ut
1222 3473 1305 3530 Novi.

108 3545 218 3624 tantam
238 3548 460 3606 consolationem
482 3550 594 3618 meruit,
611 3565 695 3621 quam
790 3571 818 3607 in
843 3552 952 3607 Taueni
973 3551 1109 3607 Ciiiiisruii
1131 3564 1163 3602 iii
1188 3561 1341 3601 aninumr

110 3612 343 3674 desideraverunt
370 3621 542 3678 Patriarchae
571 3626 600 3678 et
626 3623 695 3677 Pro·
750 3639 915 3678 romaricus
936 3638 996 3683 onii
1020 3636 1079 3676 sisi
1105 3634 1278 3674 necessaria.
1308 3647 1342 3656 -

108 3683 212 3766 phetae,
236 3691 264 3742 et
286 3705 348 3769 ‘non
372 3692 555 3764 acceperunt!
580 3694 613 3748 Et
639 3708 694 3747 non
750 3693 802 3760 Qui
829 3692 888 3749 vult
915 3697 1012 3748 tenere
1034 3692 1130 3747 lesuin
1153 3688 1288 3744 manibus
1313 3693 1342 3742 et

109 3753 226 3811 dubium
246 3773 314 3838 quin
335 3777 366 3817 ex
386 3762 547 3836 hujusmodi
565 3762 695 3834 amplexu
749 3763 915 3835 amplexari,
935 3764 1010 3819 etin
1030 3777 1100 3834 pace
1119 3759 1235 3827 dimitti,
1261 3756 1339 3814 omni

107 3825 175 3882 iesu
190 3827 301 3911 Christi·
313 3832 415 3889 multas
427 3833 635 3890 consolationes
650 3850 694 3890 re-
748 3833 846 3890 labore
873 3835 990 3903 nitatur,
1016 3838 1048 3889 ut
1074 3833 1177 3889 habeat
1202 3828 1340 3902 Spiritum

109 3904 225 3978 ceperit,
240 3906 266 3955 el
279 3905 434 3974 singularia
447 3905 618 3961 charismata
633 3920 695 3976 gra·
748 3905 863 3973 ducem;
881 3907 1033 3976 veniatque
1048 3905 1076 3959 in
1088 3901 1257 3970 Jerusalem,
1272 3914 1340 3956 con-

108 3972 222 4025 tiarum.
239 3973 319 4028 Unde
338 3980 367 4029 et
382 3976 450 4032 dicit
466 3977 692 4038 doctortlraecus.
748 3976 888 4033 versando
919 3976 949 4033 in
977 3974 1155 4043 coelestihns;
1187 3971 1282 4029 veniat
1309 3970 1339 4025 in

108 4040 184 4164 qnod
209 4041 327 4123 infantis
351 4044 495 4103 ineffabile
514 4048 601 4120 jubar
621 4047 693 4104 adeo
748 4048 896 4119 templum,
921 4046 1045 4120 aptando
1072 4061 1102 4102 se
1125 4043 1255 4116 exemplo
1273 4040 1338 4097 illo·

108 4109 259 4191 ilustraiit
274 4123 424 4185 senem,nt
439 4133 573 4188 processu
588 4123 644 4174 tein
666 4134 695 4174 o·
748 4135 810 4175 rum
832 4118 861 4175 in
884 4118 986 4190 quibus
1009 4117 1119 4173 habitat
1143 4118 1227 4181 Deus,
1249 4113 1338 4183 suspi-

108 4196 159 4263 ris,
173 4182 266 4266 lutura
279 4202 342 4242 mox
356 4188 409 4245 sibi
424 4189 527 4245 tierent
542 4194 619 4245 nota.
657 4205 694 4245 on
749 4190 850 4259 raudo,
865 4195 894 4246 et
907 4205 990 4246 unani
1004 4187 1138 4260 petendo,
1153 4192 1184 4243 ut
1197 4184 1339 4241 inhabitet

108 4267 201 4310 minus
218 4255 314 4336 lelrces
334 4265 411 4330 sunt,
427 4259 474 4333 qui
488 4276 545 4318 non
562 4259 695 4317 viderunt
749 4276 861 4333 semper
884 4259 914 4317 in
936 4260 1020 4318 doino
1043 4256 1170 4326 Domini;
1196 4258 1339 4336 exspectet

107 4329 137 4379 θῑ
151 4325 342 4387 crediderunt,
750 4331 899 4388 Dominum
935 4337 964 4389 et
997 4330 1151 4388 edientiiin
1183 4328 1256 4402 ejus.
1292 4326 1336 4383 Sic
