2790 4912
358 292 531 348 subdolus
559 294 592 347 lb
619 294 729 349 hovas
756 294 994 353 cohrvsnlrlo
1249 300 1294 354 ³19

63 401 132 461 vibet
162 401 302 474 cogitare.
323 399 434 458 Sulllcit
449 400 537 458 ,enim
562 400 644 459 nobis

63 474 201 556 »mantis
220 471 358 545 temporis
373 471 521 553 cogitati03
538 472 643 543 lutura,

63 548 245 673 ffivncerta
269 550 346 611 sunt,
364 544 558 614 relinquamus
574 547 642 601 Deo.

130 619 229 673 Patria
247 616 375 672 Cantor:
397 633 411 667 a
432 617 524 686 Supra
545 614 643 687 prohi-

63 684 118 745 buit
130 686 354 744 sollicitudinem
367 685 498 742 vitiosam
519 687 555 742 de
570 702 643 758 prm·

63 759 196 826 tentibus,
208 774 272 829 quae
291 757 400 813 scilicet
414 762 479 813 sunt
496 756 581 814 unius
592 773 642 813 an-

64 826 101 885 ni:
122 828 209 887 semel
240 828 318 885 enim
350 827 380 883 in
406 843 481 884 anno
510 827 641 897 serimus,

67 900 198 968 metimus,
214 904 243 956 et
254 899 425 971 colligimus,
439 899 516 956 unde
532 904 560 955 et
573 916 643 972 prae-

68 971 148 1028 sentia
177 971 259 1043 quasi
291 970 439 1039 dicuntur;
471 969 518 1027 hic
547 977 642 1027 autem

70 1043 185 1113 prohibet
212 1041 432 1099 sollicitudinem
462 1041 497 1098 de
529 1042 641 1111 lutnris,

71 1114 138 1171 utda
153 1113 196 1169 his
217 1129 280 1185 quae
300 1118 363 1184 post
381 1128 489 1169 anuum
512 1112 640 1169 veniunt.

73 1184 102 1242 lle
113 1184 153 1241 his
165 1184 244 1241 enim
258 1200 322 1256 quae
338 1189 473 1256 procurat
485 1183 582 1239 divina
594 1201 640 1239 or-

72 1252 170 1324 dinatio,
190 1272 250 1311 non
277 1254 412 1311 convenit
438 1254 597 1311 sollicitari.
613 1255 641 1311 Si

74 1340 127 1399 ago
139 1326 337 1455 providentia·
357 1334 406 1382 lua
431 1327 506 1381 ultra
534 1342 641 1407 anuum

75 1404 138 1454 exten
158 1400 224 1466 ilur,
244 1398 304 1469 jam
330 1414 359 1453 m
385 1396 518 1454 vitiosam
540 1397 642 1453 sollici-

75 1468 178 1526 vminem
205 1468 346 1536 vertitur;
372 1474 404 1525 nl
428 1468 564 1538 abbatis,
594 1468 642 1541 qui

76 1551 143 1612 laque
163 1541 193 1596 in
214 1538 329 1597 tertium
350 1555 458 1596 anunm
485 1540 643 1596 reservavit

77 1622 207 1668 emonam.
223 1610 389 1682 CuJusmodi
403 1610 536 1668 homiues
557 1612 642 1667 modo

76 1687 220 1760 tepulams
234 1682 390 1753 sapientes,
402 1698 466 1739 cum
481 1687 577 1738 tamma
593 1699 641 1739 ve-

75 1759 134 1809 nant
146 1752 368 1823 contranmiui
388 1752 573 1825 prohibitum,
594 1753 640 1825 qui

74 1825 184 1882 orauit
201 1830 310 1882 tantum
330 1840 426 1881 curam
466 1824 639 1881 raesentium.

71 1889 134 1953 lates
155 1896 243 1978 etiam
262 1895 298 1977 de
317 1898 375 1951 Deo
394 1840 539 1965 dilffidunt,
557 1901 585 1951 et
604 1897 640 1951 ob

68 1958 110 2024 loc
127 1967 278 2025 miserrimi
300 1972 366 2022 sunt
391 1986 400 2022 ε
422 1987 437 2017 »
461 1968 522 2023 haec
543 1969 640 2022 Petrus

64 2032 161 2095 &aba
171 2038 285 2095 Undeet
296 2040 501 2107 chrysostomus
513 2057 546 2093 :a
560 2038 639 2105 Quod

63 2114 148 2167 tutem
162 2109 327 2165 dictumest
342 2109 448 2165 :nolite
463 2107 589 2180 cogitare
604 2109 640 2164 de

63 2180 189 2248 aestino,
199 2179 257 2237 scio
268 2196 320 2252 ego
331 2195 384 2236 nec
393 2180 492 2236 audire
504 2179 638 2252 aliquem,

63 2262 104 2310 tec
119 2251 238 2310 omniuo
257 2267 382 2308 servare.
399 2252 470 2308 Cum
496 2251 572 2308 enim
588 2268 638 2307 ne-

63 2336 106 2394 {ue
134 2339 217 2380 orare
244 2338 297 2395 pro
327 2321 372 2378 his
397 2323 559 2394 jubeamur,
586 2339 638 2378 nos

63 2411 136 2453 »mne
150 2394 276 2451 studium
289 2409 357 2465 erga
367 2394 429 2450 haec
442 2394 637 2465 expendimus,

63 2471 80 2525 vt
100 2466 137 2524 de
155 2466 201 2522 his
218 2465 338 2536 singulis
360 2463 511 2538 cogitando
537 2481 637 2522 eonsu-

63 2539 166 2595 nimur.
181 2536 237 2594 Sed
254 2543 391 2608 quantam
407 2536 437 2592 in
460 2537 505 2592 his
523 2552 586 2607 quae
601 2537 638 2592 ad

64 2624 155 2682 orpus
170 2612 238 2665 sunt
255 2623 353 2664 curam
372 2607 559 2678 ostendimus,
575 2614 637 2664 tan-

63 2696 110 2737 am
128 2679 160 2735 in
180 2678 375 2751 spiritualibus
396 2680 536 2736 habemns
558 2678 637 2735 incu-

63 2750 135 2819 iam,
155 2749 213 2806 imo
231 2750 315 2821 longe
334 2749 420 2805 etiam
440 2751 577 2822 majorem
598 2768 604 2805 :
622 2770 636 2802 s

63 2837 113 2879 iaec
140 2822 355 2890 chrysostomus.
373 2822 436 2877 Non
461 2822 521 2878 vult
542 2828 637 2878 autem

63 2891 191 2950 lominus
215 2891 251 2948 de
268 2892 361 2948 lutnro
381 2908 434 2948 nos
455 2908 518 2948 esse
537 2891 637 2949 sollici-

63 2980 106 3033 os,
125 2969 272 3034 tamquam
299 2961 369 3019 certi
397 2962 432 3019 de
459 2963 553 3020 lutura
580 2963 638 3019 vita

63 3034 150 3103 imus,
167 3034 234 3105 quia
250 3050 342 3105 neque
362 3034 397 3090 de
436 3033 550 3091 raesenti
566 3035 635 3090 certi

63 3110 79 3163 it
106 3105 201 3163 securi
226 3120 335 3161 snmus.
361 3107 440 3161 Une
465 3106 633 3162 Aaselmus:

63 3199 67 3229 i
81 3178 198 3234 Putate
217 3175 342 3247 quotidie
361 3174 541 3245 moriturum,
558 3181 587 3232 et
601 3177 636 3233 de

63 3247 178 3306 cunno
192 3263 251 3303 non
266 3247 415 3319 cogitabis.
433 3265 447 3301 v
460 3247 538 3305 Unde
551 3255 580 3304 et
591 3250 637 3305 Se·

63 3335 117 3377 veeo
132 3339 142 3374 ε
159 3342 173 3370 o
191 3317 288 3376 Omnis
304 3318 365 3376 dies
385 3318 457 3375 sicut
479 3318 578 3375 ultima
593 3323 636 3374 est

63 3390 220 3449 ›rdinanda
238 3409 252 3442 u
267 3390 376 3448 suflicit
388 3406 456 3460 ergo
468 3389 550 3446 nobis
564 3405 635 3462 prae·

63 3461 140 3520 entis
158 3461 292 3532 cogitatio
307 3461 459 3533 temporis,
475 3462 635 3518 lutnrorum

63 3547 160 3601 ruram,
179 3547 243 3603 qnae
275 3530 384 3589 incerta
410 3537 464 3601 est,
492 3531 635 3604 relinqua·

63 3619 123 3661 nus.
137 3605 282 3661 crastinus
291 3606 363 3659 enim
372 3604 575 3660 dieseolliet'tus
583 3606 637 3658 erit

63 3676 173 3747 ibtipsa',
189 3674 277 3731 idest
294 3674 353 3747 ipse
367 3674 451 3731 allert
469 3673 635 3732 sollicitudi-

63 3761 117 3805 vem
133 3760 215 3802 suam
234 3761 341 3813 secum,
362 3744 431 3818 qnia
455 3750 567 3818 tempus
591 3746 636 3802 lu·

63 3833 148 3876 urum
169 3815 285 3874 habebit
302 3816 520 3874 sollicitudinem
539 3831 636 3885 suam,

63 3886 105 3946 ibi
123 3903 281 3961 congruam
297 3894 326 3944 et
344 3887 479 3958 debitam,
495 3887 569 3944 sicut
586 3903 636 3961 pa·

63 3963 92 4017 et
108 3959 186 4032 quod
205 3975 239 4016 ex
261 3959 416 4016 variatione
433 3958 569 4031 temporis
592 3975 639 4014 oe·

63 4034 171 4089 *urrant
188 4029 266 4088 varia
283 4031 387 4102 fienda,
408 4030 444 4087 de
463 4030 564 4102 quibus
579 4030 637 4086 sul-

63 4101 111 4160 lcit
129 4107 198 4159 tune
213 4101 359 4159 sollicitari
378 4116 442 4159 eum
461 4100 571 4158 venerit
593 4116 639 4158 eo·

63 4188 116 4231 ¹um
130 4174 214 4230 hora.
232 4174 271 4230 hc
290 4173 313 4230 si
328 4173 404 4230 dicat
419 4191 426 4229 :
444 4173 513 4229 Cum
528 4173 639 4229 lulurus

63 4244 112 4303 lies
132 4244 291 4318 advenerit,
306 4245 341 4304 de
364 4244 425 4318 ipso
446 4243 593 4317 curabitis,
610 4248 639 4299 et

701 417 759 457 uon
774 405 859 471 ante3
874 400 946 458 sicut
961 401 1036 460 euim
1051 403 1220 464 hodiernam
1233 408 1291 464 sol-

702 471 878 529 licitudinem
908 490 965 530 non
995 474 1149 545 interdico,
1175 477 1216 534 ita
1239 494 1292 536 nec

701 543 867 625 crastinam,
887 549 1037 616 poslqnam
1062 548 1202 605 crastinus
1229 549 1292 607 dies

701 615 860 671 advenerit.
879 618 912 671 Et
925 618 1081 674 secundum
1097 620 1151 675 hoe
1171 621 1198 676 in
1216 636 1290 693 prae·

701 685 794 754 dictis
810 687 864 742 hoc
879 703 984 743 nomen
998 689 1136 746 sollicitus
1151 691 1221 747 dicit
1239 707 1292 748 an-

699 757 833 813 xietatem
855 758 994 828 avaritiae,
1020 776 1083 831 qnae
1109 777 1223 834 semper
1249 768 1293 820 est

700 827 834 909 fugienda
848 845 854 882 :
868 829 912 885 hic
928 829 1132 889 discretionem
1144 833 1293 905 providen-

699 903 757 965 tiae,
772 915 834 969 quae
859 901 893 954 de
916 903 1103 971 praesentibus
1121 905 1230 962 nonde
1248 905 1291 962 lu-

699 969 770 1025 turis
783 975 826 1025 est
842 971 982 1027 habenda.
996 972 1037 1030 Sit
1050 990 1118 1047 ergo
1134 976 1292 1033 hodiernus

699 1040 760 1097 dies
781 1041 816 1096 de
831 1057 861 1097 se
876 1041 1014 1099 sollicitus
1033 1048 1241 1117 tautummodo,
1261 1054 1289 1105 et

699 1128 758 1167 non
779 1112 814 1168 de
841 1112 897 1168 alio
915 1130 922 1168 ι
937 1115 1049 1183 Sufficit
1066 1116 1142 1173 euim
1161 1120 1220 1173 diei
1232 1136 1290 1175 ma·

699 1185 762 1238 litio
774 1200 835 1244 svau,
851 1183 879 1238 id
891 1189 934 1240 est
945 1185 1061 1242 cuilibet
1073 1189 1194 1259 tempori
1206 1190 1289 1246 labor

698 1259 726 1310 el
756 1254 893 1325 latigalio,
910 1256 1057 1313 calamitas
1085 1262 1113 1313 et
1142 1260 1286 1330 contritio,

698 1325 780 1382 dolor
795 1335 823 1382 et
836 1325 962 1394 tristitia,
973 1327 1089 1384 allliclio
1103 1334 1130 1385 ct
1141 1331 1285 1401 augustia,

698 1396 858 1454 sollicitudo
881 1404 910 1454 et
922 1414 1000 1455 cura.
1019 1400 1097 1456 Unde
1117 1401 1225 1458 malitia
1240 1402 1286 1459 hic

699 1467 811 1536 dicitur,
827 1484 882 1524 non
900 1470 1007 1525 malum
1031 1471 1121 1542 culpae
1136 1472 1213 1543 quod
1226 1473 1285 1544 agi·

699 1555 771 1607 mus,
792 1540 842 1596 sed
870 1541 976 1597 malum
993 1558 1084 1612 poeum
1111 1543 1186 1614 quod
1210 1543 1284 1616 pati·

698 1626 777 1666 mur:
795 1611 824 1666 iu
850 1616 925 1668 statu
950 1613 1024 1668 enim
1041 1613 1211 1671 iunocentiae
1226 1631 1286 1671 non

696 1680 866 1764 indiguisset
896 1684 982 1739 homo
1004 1683 1052 1740 tali
1081 1684 1284 1742 sollicitudine.

696 1754 735 1808 Ac
747 1770 769 1808 si
785 1753 874 1810 dicat:
890 1756 950 1809 Non
965 1761 1076 1827 oportet
1086 1757 1162 1827 quod
1174 1757 1286 1813 laboret

696 1824 837 1894 cogitatus
860 1824 895 1880 ad
918 1825 1082 1882 habendum
1100 1827 1164 1885 vilae
1190 1843 1287 1884 neces-

696 1895 781 1964 saria,
810 1895 942 1966 diemque
962 1897 1127 1968 praeveniat,
1155 1899 1222 1971 qnia
1249 1899 1286 1957 ad

696 1966 750 2022 hoc
772 1966 877 2023 sullicit
894 1966 1028 2040 diesque
1051 1969 1212 2027 necessaria
1236 1987 1284 2028 su·

696 2053 773 2094 mere
807 2044 955 2107 ueneat,
983 2055 1046 2096 cum
1071 2041 1147 2097 enim
1175 2058 1226 2114 pro
1254 2059 1285 2099 se

696 2054 1285 2196 suamhaicatsollicitudinemmonopor·

695 2185 735 2235 tet
753 2182 859 2261 evidere
875 2183 970 2238 aliam.
990 2184 1045 2239 Cur
1059 2200 1127 2255 ergo
1143 2185 1282 2242 malitiam

696 2251 821 2319 malitiae,
839 2252 964 2309 laborem
981 2254 1083 2322 labori,
1095 2271 1192 2311 curam
1208 2271 1283 2312 curae
1316 2286 1320 2295 ·

694 2324 886 2393 superaddere
910 2323 1001 2379 velis?
1025 2326 1087 2379 Non
1111 2324 1206 2395 itaque
1228 2342 1280 2396 pro

694 2393 870 2463 malignitate
894 2393 1010 2463 ponitur
1030 2393 1077 2448 hic
1095 2395 1214 2463 malitia,
1230 2396 1282 2451 sed

693 2479 744 2534 pro
763 2464 860 2518 labore
884 2470 912 2518 et
935 2462 1059 2519 miseriae.
1082 2465 1126 2520 Sic
1144 2464 1220 2521 enim
1237 2466 1279 2522 di·
1362 2528 1365 2533 ,

694 2550 757 2590 cere
768 2534 892 2590 solemus
904 2551 911 2588 ε
924 2533 1013 2589 multa
1024 2533 1098 2591 uiala
1109 2534 1192 2592 hodie
1205 2536 1282 2607 passi

693 2620 802 2672 sumus,
819 2605 932 2675 quando
953 2604 1048 2674 aliquo
1065 2621 1168 2677 magno
1184 2605 1282 2664 labore

693 2677 736 2732 vel
753 2675 868 2732 miseria
888 2676 1049 2746 fatigamur.
1072 2676 1150 2733 Unde
1166 2678 1282 2747 Chryso·

692 2754 795 2804 stemus
824 2765 833 2802 ε
862 2771 875 2795 «
903 2746 1039 2803 Malitiam
1069 2763 1137 2803 vero
1165 2747 1281 2805 hicnon
1332 2755 1335 2762 '

694 2818 899 2890 malignitatem
914 2823 1005 2884 vocat,
1022 2818 1072 2875 sed
1095 2818 1240 2877 miseriam
1254 2825 1283 2876 et

693 2891 829 2947 laborem.
848 2889 924 2947 Sicut
943 2889 1031 2958 enim,
1049 2906 1113 2947 eum
1133 2890 1201 2948 alibi
1216 2891 1285 2948 dicit

693 2961 835 3034 Scriptura
849 2979 855 3017 :
870 2964 903 3019 Si
917 2964 969 3017 evit
992 2964 1096 3019 molum
1120 2966 1150 3020 in
1171 2966 1286 3021 ciuitate

692 3050 775 3103 quom
797 3037 928 3090 Dominus
944 3050 998 3089 noa
1014 3037 1092 3103 feeit,
1113 3051 1170 3092 non
1189 3036 1282 3094 avari-

692 3105 761 3161 tiam
789 3104 941 3176 siguillcal,
973 3121 1007 3160 ac
1034 3105 1159 3178 rapinas,
1188 3124 1283 3180 neque

691 3175 790 3232 talium
826 3177 961 3246 uidquam
980 3175 1060 3231 aliud
1074 3177 1213 3245 omuin03
1231 3178 1282 3236 sed

691 3263 740 3303 eas
756 3192 881 3317 proiecto
898 3247 943 3317 pla
964 3261 1080 3316 as,quae
1092 3246 1226 3303 divinitus
1237 3247 1280 3302 in·

691 3318 829 3384 feruntur,
846 3316 881 3371 de
900 3262 1003 3387 quiffius
1018 3333 1131 3373 rursum
1156 3316 1282 3388 loquitur

692 3404 742 3458 per
763 3387 866 3443 isaiam
888 3387 1059 3457 Prophetam
1082 3390 1166 3455 :Epo
1183 3390 1278 3442 Domi·

692 3474 779 3514 aas...
791 3461 898 3525 (uaeas
910 3474 1015 3539 pacem.
1028 3464 1053 3513 et
1062 3473 1157 3513 ercam
1167 3459 1280 3515 malum.

691 3531 787 3600 Neque
800 3528 876 3585 enim
889 3530 935 3585 hvc
947 3528 1084 3585 malitiam
1096 3527 1187 3585 voluit
1200 3528 1283 3586 inlel-

692 3600 758 3672 ligi;
777 3600 827 3657 sed
841 3599 1017 3673 pestilentias
1041 3601 1167 3671 prolecto
1186 3605 1214 3658 et
1237 3601 1282 3658 la·

692 3688 762 3743 mes,
779 3678 929 3744 ceteraque
941 3671 1115 3743 hujusmodi,
1129 3687 1193 3743 qnae
1208 3673 1285 3730 mala

692 3760 756 3800 esse
770 3748 906 3815 putantur
919 3758 936 3799 a
950 3742 1080 3815 plurimis
1091 3761 1098 3811 ;
1110 3744 1149 3800 ita
1161 3742 1208 3800 hic
1217 3761 1286 3817 qno·

692 3831 747 3942 flue
762 3815 900 3871 malitiam
918 3829 969 3885 pro
996 3813 1152 3872 allliclione
1175 3815 1282 3889 posuit,

713 3887 790 3942 icens
819 3902 826 3942 ε
851 3887 963 3956 Sufficit
995 3886 1052 3941 diei
1079 3888 1192 3943 molitio
1218 3903 1282 3944 suo.

692 3956 765 4013 Nihil
781 3956 856 4012 euim
866 3955 906 4012 ila
919 3956 1049 4013 dolorem
1065 3955 1150 4014 inlert
1165 3958 1281 4030 anima,

692 4035 723 4084 ut
736 4027 896 4084 sollicitudo
912 4034 940 4084 et
951 4043 1039 4084 cura:
1057 4048 1071 4082 v
1087 4031 1149 4086 haec
1161 4032 1278 4102 Chryso-

692 4105 804 4155 stomus.
836 4101 933 4170 ltaque
952 4115 1010 4156 nou
1035 4100 1116 4158 labor
1135 4105 1164 4156 el
1186 4098 1281 4172 provi-

692 4170 790 4227 dentia
808 4171 970 4240 damnatur,
988 4171 1039 4228 sed
1058 4175 1182 4228 mentem
1204 4185 1278 4241 prae·

692 4243 790 4300 locans
806 4244 932 4301 caralit
949 4242 1026 4315 ideo,
1042 4248 1073 4301 ut
1092 4241 1161 4299 dicit
1177 4242 1277 4312 Augu-
