2790 4912
121 362 151 419 St
519 360 629 414 rutum
656 363 773 417 l'lllllS
800 362 905 416 Gll'Ul'
932 363 954 415 x

121 473 186 530 ideo
199 470 230 527 in
242 485 338 528 eremo
351 484 410 525 non
419 466 705 538 circumcidebantur,

120 545 170 603 ubi
189 543 242 599 soli
267 542 330 597 sine
346 537 483 597 Gentibus
502 540 708 596 conversaban-

121 621 178 672 tur.
196 613 361 680 -Quarto,
381 609 410 667 in
426 609 583 666 remedium
597 612 706 682 peccati

121 683 280 757 originalis,
294 687 323 739 et
333 683 370 738 ad
383 681 593 753 repressionem
607 698 708 738 concu-

119 755 266 830 piscentiae
299 751 432 810 carnalis.
452 754 523 809 Data
557 757 601 808 est
621 756 706 809 etiam

104 825 299 886 -circumcisio
314 824 343 881 iii
354 824 591 897 praeparationem
611 839 707 881 susec-

120 899 226 973 ptionis
253 895 330 966 tldei,
360 895 426 967 quia
453 894 630 951 circumcisio
665 901 709 952 est

120 972 252 1043 quaedam
265 967 402 1040 professio
415 965 544 1023 ltlosaicae
558 966 630 1036 legis
646 982 707 1023 scr·

121 1042 234 1109 vandm,
257 1038 329 1096 sicut
348 1042 377 1095 et
396 1036 556 1164 Baptismus
575 1044 619 1094 est
641 1054 708 1110 pro·

122 1113 209 1170 lessio
229 1110 299 1182 legis
320 1112 432 1181 Evange
446 1111 506 1178 icae,
521 1116 550 1165 ct
572 1124 625 1181 per
644 1125 708 1180 pro·

121 1183 275 1242 sessionem
304 1180 381 1238 illam
422 1181 644 1252 disponebantur
672 1181 709 1236 ad

123 1254 216 1314 istam.
245 1250 425 1312 circumcisio
459 1250 545 1323 igitur
571 1250 708 1324 praeteriti

122 1325 260 1398 temporis
278 1324 444 1381 mandatum
464 1323 527 1392 luit,
546 1328 575 1380 et
594 1325 709 1395 signum

122 1395 256 1471 promissi
283 1394 409 1463 Christi,
438 1410 524 1466 quain
546 1409 644 1465 usque
672 1394 709 1450 ad

123 1471 266 1528 Christum
289 1467 415 1540 oportuit
432 1466 630 1523 auctoritatem
656 1466 708 1521 ba·

123 1541 216 1609 bere,
244 1544 277 1595 ut
304 1536 414 1595 tamdiu
439 1542 589 1606 curreret,
618 1537 708 1593 donec

122 1618 289 1669 nasceretur
308 1608 466 1681 promissus
487 1609 630 1676 Abrabam
653 1624 709 1679 quo

32 1724 35 1729 -
123 1688 202 1752 nato,
217 1687 245 1738 et
270 1678 459 1761 promissione
479 1678 605 1750 impleta,
625 1694 709 1751 opor·

121 1756 178 1811 tuit
198 1749 442 1809 circumcisionem
467 1755 497 1806 et
520 1748 633 1876 εἰὶηυω
647 1765 712 1875 pro-

122 1822 268 1882 missionis
281 1837 400 1878 cessare.
419 1820 499 1877 Unde
512 1821 548 1876 lie
569 1826 600 1877 at
613 1837 645 1877 cu
660 1820 711 1877 tris

122 1894 253 1969 petrinis,
270 1892 336 1964 quia
348 1897 428 1964 petre
444 1897 504 1947 eret
520 1893 655 1949 Ulirtstas.

160 1970 175 2022 5
204 1967 296 2022 Dscsii
323 1981 453 2019 rariores
494 1980 613 2020 incursa
641 1981 710 2027 eccs

124 2036 257 2094 Carisius
273 2051 422 2090 ciricuiicini
436 2051 544 2091 voieir.
563 2066 598 2075 -
616 2035 712 2091 Voluit

125 2112 222 2166 autem
239 2105 366 2164 Christus
382 2105 547 2161 circumcidi
569 2121 601 2161 eii
616 2105 711 2162 causis

125 2178 419 2252 pluribus‚tamquam
435 2176 457 2233 si
473 2181 547 2233 esset
561 2175 628 2248 Legi
643 2178 709 2234 sub·

122 2254 226 2323 jactus.
244 2250 351 2316 Primo,
367 2253 397 2304 ut
411 2248 576 2305 ostenderet
594 2264 624 2304 se
648 2265 710 2304 esse

125 2322 274 2393 degenere
283 2321 416 2387 Abrahae,
426 2318 473 2391 qui
485 2318 711 2376 circumcisionis

125 2392 292 2449 mandatum
307 2391 425 2463 accepit,
442 2396 469 2446 et
487 2390 531 2447 cui
548 2391 584 2447 de
600 2391 710 2447 Christo

124 2464 309 2537 repromissio
335 2462 410 2518 lacta
437 2468 490 2519 est.
514 2494 549 2502 —
568 2463 709 2532 Secundo,

125 2540 156 2592 ut
169 2536 298 2608 patribus
314 2533 497 2603 assimilatus,
510 2533 617 2591 ludaeis
631 2533 711 2590 satis-

47 2630 53 2658 τ
125 2607 229 2676 iacere,
249 2622 282 2662 ac
302 2606 466 2662 scandalum
486 2610 514 2662 et
531 2620 644 2662 omnem
660 2621 709 2660 ex-

125 2677 303 2735 eusationem
327 2679 356 2733 in
380 2692 410 2733 se
432 2693 490 2733 non
511 2675 658 2744 credendi,
682 2680 711 2732 et

126 2765 191 2805 cum
207 2765 264 2804 non
280 2746 436 2819 recipiendi
450 2747 518 2818 ipsis
530 2748 664 2804 auferret.
676 2778 711 2788 —

125 2821 270 2886 Tertio,ut
287 2820 389 2890 Legem
404 2823 579 2886 veterem,et
592 2818 712 2875 circum·

127 2889 276 2957 cisionam,
291 2904 375 2959 quam
392 2890 466 2944 Deus
479 2888 710 2961 instituerat,ap-

126 2961 277 3034 probaret,
297 2974 331 3015 ac
358 2974 422 3015 cam
446 2966 585 3028 sanctam,
604 2961 711 3031 justam

127 3035 156 3087 et
187 3031 291 3086 bonam
333 3029 418 3086 luisse
457 3035 639 3087 monstraret.
677 3063 712 3072 —

127 3102 245 3170 Qiiart0,
261 3104 292 3157 ut
308 3099 477 3157 obedientius
497 3106 526 3157 et
544 3101 713 3158 humilitatis

127 3174 278 3241 virtutem,
308 3172 392 3228 nobis
421 3188 472 3228 suo
500 3173 714 3230 commendaret

127 3243 266 3316 exemplo,
285 3247 458 3316 preceptum
489 3243 582 3316 Lagis,
601 3245 646 3301 cui
673 3254 714 3301 ia-

126 3331 192 3372 men
205 3316 348 3388 subjectus
363 3332 422 3372 iioii
434 3320 506 3384 erat,
521 3316 710 3374 observando.

125 3419 161 3430 —
171 3387 325 3456 Quinto,ut
340 3389 443 3459 Legem
453 3387 628 3459 quamdcdit
636 3387 711 3458 aliis,

126 3458 212 3515 etiam
227 3458 287 3529 ipse
301 3458 444 3530 impleret,
460 3458 548 3531 etqui
568 3459 598 3516 in
612 3458 711 3515 simili·

125 3529 223 3585 tudine
243 3529 336 3585 carnis
357 3528 478 3602 peccati,
495 3546 552 3587 nori
571 3534 666 3587 autem
683 3532 711 3586 in

124 3615 209 3656 carne
221 3599 327 3670 peccati
341 3606 466 3670 venerat,
476 3602 645 3670 remedium,
655 3617 710 3673 quo

125 3685 191 3726 caro
221 3671 328 3741 peccati
356 3672 487 3729 mundari
514 3677 710 3740 consueverat,

124 3757 182 3797 non
199 3746 357 3822 respueret.
384 3775 420 3784 -
443 3745 537 3811 Sexto,
570 3748 600 3800 ut
629 3744 712 3815 Legis

125 3827 197 3867 onus
216 3828 246 3866 in
271 3828 301 3868 se
326 3812 479 3883 sustinens,
500 3814 572 3872 alios
592 3829 610 3870 a
628 3814 711 3887 Legis

123 3882 304 3952 onere,quod
314 3890 428 3954 portare
439 3885 712 3957 nequiverant,libe·

122 3957 211 4022 caret,
231 3955 298 4024 quia
324 3957 416 4021 foetus
444 3960 485 4011 est
508 3958 559 4012 aad
584 3959 710 4029 Leuant

123 4040 167 4080 eoa
184 4026 234 4094 qui
251 4025 302 4079 sud
318 4027 388 4094 Lege
406 4032 484 4082 erent
502 4028 655 4086 redimeret.
675 4057 710 4070 -·

123 4097 264 4167 Septimo,
292 4102 324 4151 ut
351 4112 401 4167 pro
430 4097 513 4154 nobis
540 4099 709 4167 sanguinein

123 4181 205 4223 suum
220 4182 277 4222 non
291 4167 382 4223 solum
406 4168 435 4223 in
457 4173 541 4227 aetate
558 4169 643 4240 virili,
660 4172 710 4227 scd

123 4236 209 4319 ctiam
228 4236 395 4319 inviolantia
410 4239 542 4297 tunderet
556 4246 584 4297 et
600 4247 709 4315 tempe·

122 4314 194 4366 stive
208 4315 267 4381 pati
281 4308 429 4384 inciperet.
445 4311 611 4383 -Octavo,
628 4319 660 4370 ut
679 4312 709 4370 in

763 466 960 525 severitatem
983 466 1077 523 carnis
1100 467 1236 522 humana
1258 469 1351 523 osten·

762 539 853 608 deret,
868 544 897 595 et
908 536 1059 596 baereticos
1072 536 1120 609 qui
1136 537 1270 594 dixerunt
1289 553 1349 595 eum

762 627 821 668 non
837 626 935 668 verum
952 624 1065 681 corpus,
1079 609 1129 665 sed
1141 607 1349 681 phantasticum

762 683 907 750 habuisse,
932 680 1128 738 contunderet.
1145 712 1180 721 —
1210 681 1304 750 Nono,
1324 686 1350 736 ut

763 752 932 821 castitatem,
945 768 1008 824 quae
1017 767 1034 808 a
1044 750 1264 808 circumcisione
1274 755 1350 807 actus

762 823 839 881 illius
854 822 976 880 membri
1003 828 1056 893 est,
1078 825 1307 889 commendaret,
1325 828 1350 878 et

763 893 1022 968 concupiscentiam
1047 894 1194 951 carnalem
1217 894 1351 966 reproba·

762 971 816 1023 ret.
837 996 872 1008 -
892 966 1017 1035 Decimo,
1038 971 1067 1022 ui
1091 965 1120 1021 in
1145 967 1208 1037 ipso
1227 964 1349 1021 carnalis

763 1036 938 1095 circumcisio
961 1037 1059 1106 linem,
1083 1042 1112 1092 et
1129 1035 1288 1108 spiritualis
1306 1053 1349 1092 ex-

764 1108 876 1166 ordium
896 1109 1025 1177 haberet,
1045 1114 1074 1164 et
1086 1124 1139 1164 nos
1158 1108 1220 1164 lore
1236 1106 1350 1179 spiritu-

763 1180 847 1238 aliter
866 1179 1109 1237 circumcidendos
1129 1181 1350 1245 demonstraret,

764 1255 795 1309 ut
811 1252 888 1308 enim
907 1251 1059 1377 Apostolus
1080 1253 1122 1306 ait
1141 1268 1148 1305 :
1168 1253 1249 1306 Finis
1272 1251 1350 1318 Legis

765 1325 922 1382 cenatum
961 1322 1104 1392 justitium
1123 1324 1199 1377 cmiii
1217 1321 1349 1377 credend.

799 1400 816 1450 6
830 1396 982 1451 Birrisiios
1003 1410 1223 1449 eincuiicisiounii
1236 1409 1352 1449 svums-

762 1465 1008 1522 vm.-llodierno
1022 1467 1117 1536 itaque
1131 1464 1177 1521 die
1189 1469 1285 1520 cessat
1297 1463 1352 1520 cir-

763 1536 909 1605 cumcisio,
926 1542 955 1593 et
973 1536 1111 1593 habemus
1129 1551 1181 1607 pro
1200 1550 1236 1592 aa
1255 1535 1351 1607 Bapti-

764 1623 867 1676 smum,
897 1607 946 1680 qui
974 1612 1018 1663 est
1046 1606 1162 1679 majoris
1190 1605 1293 1678 gratiae
1323 1613 1351 1662 et

764 1677 883 1737 minoris
897 1694 1006 1760 poenae3
1023 1694 1088 1761 nam
1101 1678 1193 1759 gratia
1213 1677 1353 1760 baptismi

765 1766 967 1822 superveniens
991 1766 1084 1806 carnis
1105 1765 1353 1806 circumcisionem

765 1820 921 1891 evacuavit,
935 1821 1185 1892 quemadmodum,
1197 1821 1292 1877 liuctu
1305 1821 1355 1876 ad-

765 1893 906 1961 veniente,
925 1895 1011 1949 llores
1029 1891 1175 1960 decidunt,
1190 1899 1218 1948 et
1240 1906 1355 1948 marce·

764 1970 857 2023 scunt.
872 1964 952 2021 Unde
966 1965 1112 2032 crepemus
1125 1983 1134 2018 z
1148 1984 1162 2014 a
1177 1963 1261 2031 Quod
1278 1963 1356 2035 apud

765 2052 818 2093 nos
832 2035 908 2093 valet
919 2051 993 2106 aqua
1012 2033 1205 2106 Baptismatis,
1222 2034 1280 2091 lioc
1293 2037 1355 2102 egit

764 2107 840 2179 apud
865 2111 984 2175 veteres,
1005 2107 1047 2163 vel
1067 2122 1119 2178 pro
1142 2105 1273 2178 parvulis
1291 2106 1355 2162 sola

765 2179 847 2249 ssdes,
862 2179 906 2235 vel
921 2193 973 2249 pro
987 2177 1142 2249 majoribus
1156 2175 1245 2233 virtus
1261 2177 1355 2234 sacri·

765 2249 833 2317 licii,
842 2249 886 2305 vel
900 2265 950 2321 pro
962 2249 1016 2316 his,
1027 2248 1074 2320 qui
1085 2264 1119 2304 er
1129 2247 1216 2320 stirpe
1225 2248 1356 2305 Abrabae

764 2320 942 2394 prodierunt,
963 2319 1127 2392 mysterium
1156 2319 1355 2376 circumcisio·

765 2394 819 2448 nis.
839 2413 853 2442 ii
882 2393 924 2461 Et,
951 2391 1107 2448 secundum
1133 2391 1246 2456 Bedem,
1276 2389 1354 2448 idem

764 2463 899 2520 auxilium
916 2462 1069 2519 curationis
1089 2464 1117 2517 in
1137 2464 1210 2534 Lege
1229 2461 1355 2519 circuni-

765 2533 845 2604 cisio,
856 2539 955 2591 contra
967 2533 1113 2606 originalis
1127 2531 1235 2604 peccati
1247 2533 1357 2589 vulnus

764 2605 905 2679 praestitit,
921 2607 998 2676 quod
1013 2622 1087 2661 nunc
1101 2603 1263 2686 Baptismus
1279 2609 1354 2661 tem-

764 2694 834 2750 pore
847 2676 946 2749 gratiae
960 2677 1080 2745 contest,
1095 2675 1149 2732 nisi
1163 2675 1241 2748 quod
1254 2675 1357 2732 introi-

765 2755 812 2805 tus
825 2748 855 2805 in
875 2763 995 2819 reguum
1017 2748 1141 2805 nondum
1160 2748 1276 2817 patebat
1296 2746 1356 2803 cir·

765 2819 906 2887 cumcisis,
919 2825 949 2874 ut
958 2819 1042 2875 modo
1056 2818 1213 2890 baptizatis.
1228 2820 1267 2875 At
1284 2834 1357 2874 vero

765 2907 823 2947 non
836 2891 928 2947 solum
945 2891 1104 2961 Baptismus
1124 2891 1178 2946 boc
1202 2889 1283 2958 tacit,
1301 2890 1356 2945 sed

766 2962 851 3019 etiam
879 2960 1020 3033 passionis
1048 2960 1207 3033 adjunctio,
1235 2977 1301 3033 quea
1328 2960 1353 3016 si

766 3032 972 3090 circumcisioni
987 3033 1121 3104 adjuncta
1130 3038 1215 3100 esset,
1226 3037 1256 3089 et
1269 3031 1354 3088 mmi-

765 3103 831 3162 liter
845 3103 884 3160 ibi
903 3104 995 3160 lieret.
1014 3106 1080 3160 ldeo
1096 3110 1190 3161 autem
1211 3102 1242 3159 in
1263 3119 1354 3160 carue

765 3175 896 3248 praeputii
919 3175 1006 3231 fiebat
1025 3174 1213 3243 circumcisio,
1232 3172 1304 3257 quia
1320 3173 1354 3231 in

765 3253 846 3320 parte
864 3247 912 3303 illa
938 3246 1029 3319 magis
1048 3245 1280 3318 concupiscentia
1298 3245 1354 3302 do-

766 3317 901 3386 minatur,
916 3333 968 3390 per
990 3333 1075 3390 quam
1089 3316 1228 3388 originale
1244 3331 1354 3389 pecea-

765 3393 825 3446 tum
840 3395 1023 3516 propagatur.
1037 3389 1089 3446 Ubi
1104 3404 1172 3460 ergo
1184 3386 1354 3469 viapeccati

764 3460 840 3589 {sti
862 3458 871 3515 i
885 3466 950 3532 apte
964 3459 1132 3533 signabatur
1139 3463 1247 3532 peccati
1255 3474 1353 3517 reine-

785 3547 853 3587 inin.

800 3626 815 3675 7
836 3605 1004 3673 ltloniinirsii,
1022 3619 1085 3666 enin
1102 3619 1143 3657 sir
1162 3602 1356 3658 mneoucisio‘l

764 3704 800 3756 ·'.'
822 3673 1003 3756 significatur
1022 3681 1116 3730 autem
1137 3689 1188 3745 per
1200 3673 1354 3730 circumci-

765 3761 875 3801 sionem
901 3760 1006 3814 carnis,
1034 3744 1212 3802 circumcisio
1232 3745 1353 3814 mentis,

764 3831 821 3943 aua
836 3816 990 3872 mundatur
1000 3818 1095 3872 anima
1106 3832 1124 3873 a
1136 3814 1231 3884 vitiis;
1245 3815 1353 3872 etideo

784 3888 902 3945 ebemus
914 3887 1156 3944 circumcisionem
1172 3885 1354 4014 sgiritualem

764 3957 793 4014 in
811 3958 946 4016 omnibus
960 3958 1037 4016 intus
1051 3963 1080 4015 et
1094 3963 1173 4016 extra
1208 3958 1307 4027 abere,
1323 3963 1356 4014 at

764 4045 798 4086 eii
814 4029 891 4086 omni
906 4035 985 4102 parte
1003 4030 1188 4103 spiritualiter
1207 4027 1286 4085 vitiis
1299 4028 1356 4085 cir·

765 4100 883 4157 cumcisi
897 4116 970 4157 esse.
982 4101 1170 4160 Circumcisus
1181 4098 1257 4157 euim
1271 4100 1356 4159 Chri-

764 4177 825 4229 stus
839 4177 893 4241 est,
911 4178 943 4228 ut
957 4172 1055 4230 omnia
1067 4178 1249 4245 peccatorum
1264 4170 1353 4228 vitio·

764 4259 885 4316 rumque
895 4245 1039 4316 supertlua
1050 4244 1195 4301 hominem
1209 4241 1352 4300 abscinde

766 4330 797 4372 re
813 4329 830 4371 a
844 4329 874 4372 se
886 4314 1132 4385 debeie‚doceret.
1146 4312 1240 4385 Unde,
1254 4313 1355 4386 inquit
