2790 4912
476 246 519 301 DS
545 248 714 305 nirtislto
740 250 873 307 nolttltl.
1253 250 1299 306 187

71 351 286 427 npetetjanua
297 347 381 433 regni
395 350 529 423 coelestis,
544 365 574 410 et
585 352 651 411 adi·

73 428 114 484 tu
123 422 154 481 in
168 422 286 491 coelum,
302 437 351 493 qui
365 422 522 495 proeclusus
537 423 590 480 luit
602 425 653 482 bo-

74 494 136 557 nini
148 510 201 568 per
215 498 376 575 peccmum.
397 495 476 551 Unde
491 496 650 565 chrysosto-

78 582 150 627 m
171 588 186 618 n
203 564 351 637 Siquidem
374 564 407 621 in
430 565 492 637 ejus
512 566 651 639 baptismo

79 636 156 713 sputi
171 642 239 693 sunt
253 635 330 704 coeli,
344 640 375 692 ut
386 635 477 693 diseas
489 637 575 694 etiam
586 652 651 694 cuni

80 716 107 769 tu
120 707 272 781 baptizaris
296 708 351 764 boc
377 706 558 765 invisibiliter
576 707 650 777 sieri,

79 780 129 855 lun
138 782 195 837 heo
211 784 239 835 te
249 777 287 836 ad
302 778 405 835 coelum
420 784 550 847 vocante,
566 778 652 836 nihil-

141 850 172 909 in
187 854 265 907 terra
284 865 435 906 commune
459 851 566 908 babere
586 866 652 907 sua-

138 938 164 979 e.
178 942 194 973 n
219 923 255 977 Et
271 920 400 978 iterum:
422 940 436 975 n
453 920 527 978 Dicit
544 926 651 991 autem,

85 1000 195 1067 ntum
211 998 256 1049 est
269 993 384 1061 coelum,
394 997 539 1063 tamquam
554 993 652 1050 bacte-

85 1078 127 1123 ιι
136 1062 274 1121 reclusum
286 1063 394 1120 fuisset.
407 1065 471 1121 lam
483 1068 578 1121 autem
592 1062 652 1120 ori·

86 1132 223 1209 imperno
237 1140 267 1190 et
280 1132 380 1191 infimo
388 1134 418 1190 in
426 1151 516 1192 unum
524 1134 652 1203 redacto,

85 1208 177 1263 clano
204 1204 342 1263 existente
366 1204 494 1262 omnium
523 1208 650 1275 Pastore,

87 1275 169 1335 ouium
180 1276 283 1349 patuit,
299 1282 328 1334 et
341 1276 427 1333 homo
446 1277 580 1335 terricola
591 1276 652 1334 ovis

190 1352 236 1404 tus
249 1354 294 1404 est
306 1348 432 1420 Angelis.
442 1368 457 1401 ι)
472 1348 551 1406 Unde
563 1354 590 1405 et
604 1351 653 1405 lle·

125 1438 160 1476 :s
188 1435 239 1476 esu
253 1424 351 1476 autem
366 1419 507 1493 baptizato
524 1424 552 1476 et
569 1435 653 1476 oran·

89 1492 247 1563 hapertum
258 1497 300 1547 est
312 1490 430 1560 coelum3
440 1490 506 1563 quia
516 1491 653 1548 dumcor·

127 1559 134 1574 ⁵
161 1561 321 1620 bumilitate
337 1562 473 1619 Dominus
483 1561 574 1619 undas
586 1564 651 1620 lor-

131 1632 138 1645 '
163 1632 260 1702 subiit,
277 1632 433 1691 divinitatis
451 1649 510 1690 suae
525 1634 653 1706 potentia

90 1703 137 1761 mli
159 1705 242 1762 nobis
269 1706 375 1777 januas
399 1704 512 1777 pandit3
528 1705 652 1775 dumque

87 1774 293 1833 erohnoxiairi
315 1775 576 1847 entibustingitura
597 1775 651 1843 uis,

83 1848 196 1929 qtposita
217 1792 364 1919 quoniam
394 1846 485 1904 noxiis
505 1862 588 1918 romp
609 1862 653 1903 aea

79 1920 238 1992 utingintur
260 1919 347 1990 ignea
370 1936 378 1974 :
401 1938 415 1972 r
431 1918 492 1975 baeo
515 1919 600 1975 Beda.
621 1920 652 1973 ln

72 1978 124 2045 Boc
149 1991 235 2047 etiam
264 1989 351 2061 quod,
376 1992 444 2048 Jesu
463 1989 605 2061 baptizato
624 1994 653 2045 et

65 2061 176 2131 mn,
191 2060 295 2117 ciclum
313 2066 442 2132 apertum
463 2066 521 2130 est,
541 2059 653 2132 signid-

63 2132 147 2189 taur
156 2131 233 2205 quod
247 2132 339 2188 oratio
352 2131 450 2188 mundi
461 2137 488 2188 et
498 2131 588 2189 sancti
603 2132 654 2187 bo-

63 2200 266 2331 gninisstgsoelum
280 2207 420 2284 penetrat.
441 2204 537 2260 Orarit
557 2206 652 2259 autem

63 2329 132 2402 m
145 2273 652 2427 ,paririsiensis

63 2420 109 2473 nt
119 2417 206 2473 nobis
225 2417 326 2472 orandi
342 2417 473 2473 ordinem
488 2421 516 2474 et
531 2433 652 2474 necessi-

63 2491 174 2545 hiem:
196 2486 338 2557 ordinem,
365 2489 432 2559 quia
448 2489 484 2545 ad
501 2489 555 2545 boc
575 2488 651 2561 quod

63 2556 176 2627 monet
191 2558 296 2627 oratio,
308 2559 508 2631 oportetprius
518 2558 650 2617 mundari

63 2633 91 2687 et
103 2629 246 2702 baptizari
268 2645 353 2701 quam
378 2646 478 2699 orere3
496 2630 649 2688 necessita-

63 2698 134 2769 leni,
152 2700 221 2772 quia
239 2700 417 2772 baptismalis
436 2701 529 2773 gratia
542 2702 600 2758 indi
622 2704 650 2758 et

63 2770 291 2845 perorationem
312 2772 492 2841 conservam
511 2778 539 2829 et
553 2778 584 2828 ut
602 2718 652 2829 fia-

63 2846 105 2901 ret
118 2842 281 2914 exemplum
292 2844 370 2971 Quod
385 2843 415 2899 in
428 2843 592 2916 receptione
608 2859 651 2899 sa·

63 2918 287 2982 crementorum,
318 2915 384 2972 ebet
397 2914 650 2972 menshominisin

63 2984 152 3042 ileum
184 2984 299 3041 elevari.
328 2986 408 3042 Unde
437 2986 514 3042 idern
539 2987 614 3042 Beda
640 3004 649 3042 ε

63 3054 171 3124 round
180 3055 360 3128 lesus,cujus
373 3057 469 3113 omnia
479 3073 542 3129 quae
558 3056 650 3114 Patris

63 3125 409 3208 mut,baptizntusorasse
421 3128 650 3197 memoratur,ad

63 3197 649 3267 nosiniormandosactumnondubitatur,

63 3266 167 3340 quibus
177 3274 242 3341 post
256 3269 400 3325 lavacrum
411 3269 603 3341 baptismatis,
620 3276 651 3326 ut

63 3338 127 3397 nula
143 3338 208 3395 coeli
233 3339 385 3412 pandatur,
408 3339 472 3397 ideo
488 3358 545 3397 non
560 3341 650 3398 otiose

63 3408 227 3478 vivendum,
243 3412 294 3467 sed
309 3410 438 3494 iejuniis,
458 3411 589 3484 precibus
607 3418 650 3468 at-

63 3495 116 3553 que
146 3481 337 3555 eleemosynis
366 3489 409 3539 est
446 3482 649 3552 insistendum3

63 3550 139 3625 quia,
152 3551 206 3609 etsi
230 3559 347 3625 peccata
360 3560 426 3610 sunt
440 3553 536 3610 omnia
559 3554 587 3610 in
601 3558 652 3610 Ba-

63 3621 166 3695 ptismo
181 3623 285 3693 luata,
300 3641 359 3681 non
380 3624 473 3681 adhuc
487 3632 582 3681 tamen
608 3629 651 3682 est

63 3693 160 3750 narnis
176 3693 317 3766 fragilitas
332 3695 462 3753 solidata.
476 3698 557 3763 Nam,
569 3696 649 3767 quasi

63 3766 185 3822 hansito
198 3766 270 3822 mari
282 3768 378 3838 rubro,
393 3767 570 3838 gratulamur
583 3769 650 3824 sub-

63 3848 174 3892 mersos
206 3837 372 3909 AEgyptios,
402 3838 452 3894 sed
482 3837 512 3894 in
538 3838 650 3895 deserto

63 3906 651 3965 mnndanaeconversationisbostesoccur-

63 3982 128 4034 runt
149 3977 211 4047 alii,
236 3979 295 4049 qui,
316 3980 388 4036 duce
411 3978 514 4037 Christi
546 3979 650 4051 gratia,

63 4051 158 4104 nostro
174 4049 278 4107 sudore
298 4049 457 4119 vincantur,
477 4051 568 4107 donec
586 4067 652 4123 per·

63 4117 211 4176 ueniamus
229 4121 266 4177 ad
285 4120 407 4193 patriam
420 4135 434 4177 ·:
451 4142 466 4172 »
486 4122 547 4178 baec
565 4123 650 4178 Beda.

100 4210 132 4248 ic
150 4192 207 4249 Sne
233 4209 324 4249 srscrn
352 4209 480 4251 connisa
507 4210 652 4250 nnmnunir

707 356 831 414 Srinirns
845 355 976 413 Saucius.
986 385 1021 395 —
1034 356 1071 411 nt
1082 353 1223 413 documii
1230 359 1295 431 spt-

705 430 779 485 n‘tus
791 429 908 486 Sanetus
920 424 1069 482 visibiliter
1079 429 1217 498 corporali
1229 445 1293 502 spe·

707 501 757 563 cic,
778 503 850 555 sicut
870 498 994 554 columba
1016 499 1048 552 in
1068 500 1170 569 ipsum,
1190 514 1223 555 ac
1246 516 1293 558 re·

707 569 814 641 quierit
829 585 914 641 super
928 584 1004 637 eom,
1020 568 1123 625 sedens
1139 586 1225 642 super
1243 586 1294 629 ea·

707 645 759 713 put
778 639 875 713 ipsius.
902 641 1064 708 Descendit,
1088 639 1215 713 inquam,
1235 657 1295 699 non

707 727 760 784 per
787 710 929 783 gratiam,
960 710 1028 782 quia
1055 710 1148 782 prinio
1175 711 1295 772 instanti

708 782 900 854 conceptionis
914 797 973 838 suae
996 781 1097 853 plenus
1111 781 1164 839 init
1187 782 1295 856 Spiritu

709 854 828 921 Sancto,
846 853 896 909 sed
913 852 1060 909 descendit
1087 852 1115 909 in
1130 852 1211 925 signo
1226 852 1294 911 risi·

709 924 769 1007 bili,
778 931 807 982 et
817 926 870 981 hoc
885 927 953 1051 mi·
1096 994 1102 1006 .

708 997 891 1053 indicandum
906 1012 979 1063 aus,
1000 994 1076 1066 quod
1095 1011 1198 1068 inipso
1218 999 1295 1053 esset

707 1066 1294 1194 glenitudogrntimsecundo,adinnuon·

728 1154 776 1195 um
788 1139 863 1209 quod
877 1141 906 1194 in
919 1137 1060 1209 Baptismn
1073 1138 1157 1194 datur
1171 1136 1293 1209 Spiritus

942 923 986 979 lici
998 922 1108 981 ratione
1120 941 1128 979 ι
1138 925 1244 1006 primo,
1257 923 1296 982 ad

709 1206 1293 1290 Sanctusaccedentibusnontlcte;tertio,

708 1280 745 1338 ad
765 1280 975 1337 ostendendum
992 1279 1068 1349 quod
1091 1278 1151 1350 ipse
1170 1284 1224 1348 est,
1244 1293 1293 1351 qui

708 1351 907 1425 perspiritum
922 1352 1055 1407 Sanctum
1068 1349 1202 1423 baptizat,
1210 1364 1292 1405 mun·

708 1423 804 1480 dando
830 1439 848 1478 a
872 1421 965 1478 sorde.
983 1420 1120 1491 Apparuit
1144 1424 1239 1476 autem
1261 1418 1294 1477 in

708 1492 849 1567 corporali
871 1494 964 1564 specie
986 1492 1135 1558 columbae,
1173 1494 1293 1547 uatenua

708 1565 806 1622 mitem
821 1570 849 1620 et
863 1562 1019 1645 simplicem
1039 1561 1100 1618 sine
1123 1506 1187 1617 iefle
1201 1557 1294 1617 omni·

709 1653 765 1709 que
778 1635 968 1693 amaritudine
980 1650 1044 1690 eum
1056 1649 1127 1702 esse,
1137 1638 1164 1690 et
1177 1646 1230 1688 nos
1240 1646 1293 1704 per

708 1706 955 1764 mansuetudinem
983 1705 1116 1776 colligere
1148 1718 1214 1760 eum
1242 1718 1293 1785 ye-

708 1780 796 1847 nisse,
821 1794 907 1849 seque
936 1783 1100 1833 mansuetos
1117 1780 1145 1831 ct
1170 1773 1294 1855 humiles

708 1850 869 1907 inhabitare
883 1848 1056 1905 ostenderet.
1075 1846 1141 1903 Ideo
1156 1844 1243 1903 etiam
1260 1858 1293 1901 in

709 1922 846 1979 columboe
862 1920 955 1992 specie
967 1917 1107 1991 apparuit,
1117 1920 1148 1973 ut
1159 1916 1189 1972 in
1201 1913 1294 1999 homi·

708 1994 793 2050 nibus
823 1990 995 2049 habentibus
1020 1989 1187 2047 charitatem
1216 1989 1291 2069 Dei,

707 2081 771 2137 qum
786 2064 927 2136 praecipue
941 2062 970 2118 in
985 2062 1116 2118 columba
1133 2064 1186 2130 cst,
1203 2059 1221 2115 S
1242 2074 1292 2114 iri·

708 2142 768 2193 tuni
786 2139 921 2193 Sanctum
938 2150 999 2190 csse
1016 2132 1190 2202 designaret.
1236 2127 1292 2186 nde

708 2209 912 2277 chrysostomus
929 2224 937 2261 ε
955 2226 968 2257 a
983 2206 1048 2261 ldeo
1060 2210 1156 2259 autem
1171 2199 1292 2274 Spiritus

708 2279 828 2336 Sanctus
845 2275 968 2349 speciem
991 2274 1130 2356 columban
1156 2270 1292 2399 i¹¹⁵⁰issi¹2

707 2348 841 2421 quoniam
868 2364 928 2419 prae
960 2347 1091 2401 omnibus
1121 2343 1237 2399 ammah
1259 2356 1293 2398 us

707 2422 768 2477 haec
780 2420 880 2476 cultrix
893 2423 935 2474 est
949 2414 1105 2472 charitatis.
1122 2413 1227 2469 Omnes
1243 2427 1293 2468 au-

706 2497 764 2549 tem
779 2488 888 2572 species
899 2486 1104 2560 justitiae,quas
1114 2484 1221 2540 habent
1235 2496 1293 2538 ser·

706 2562 733 2619 ri
757 2564 807 2618 Dei
833 2560 862 2615 in
889 2557 1019 2624 veritate,
1041 2559 1160 2626 possunt
1185 2552 1292 2609 babere

706 2631 780 2690 servi
800 2627 905 2687 diaboli
929 2628 957 2683 in
977 2624 1175 2705 simulatione}
1200 2621 1292 2679 solam

705 2708 800 2761 autem
813 2698 980 2758 charitatem
996 2695 1090 2777 Sancti
1102 2694 1223 2777 Spiritus
1234 2707 1293 2774 non

725 2779 800 2832 otest
832 2771 994 2827 immundus
1029 2767 1145 2839 spiritus
1172 2769 1290 2823 imitari.

705 2791 772 2903 ideo
799 2859 867 2915 ergo
896 2843 968 2898 hanc
999 2842 1153 2921 privatam·
1167 2833 1292 2910 speciem

705 2914 851 2974 charitatis
866 2913 920 2971 sibi
935 2912 1058 2970 serravit
1081 2911 1202 2985 Spiritus
1217 2909 1291 2966 San·

706 2994 777 3058 ctus,
805 2987 872 3059 quia
891 3002 943 3058 per
972 2983 1078 3042 nullius
1098 2980 1292 3040 testimonium

705 3059 746 3116 sic
760 3058 940 3131 cognoscitur
953 3056 1002 3114 ubi
1021 3061 1065 3113 est
1083 3055 1205 3129 Spiritus
1224 3054 1293 3135 San·

706 3135 778 3200 ctus,
795 3131 866 3188 sicut
885 3146 936 3202 pcr
954 3129 1076 3201 gratiam
1101 3127 1258 3184 charitatis.
1275 3145 1289 3174 r

705 3203 739 3258 Et
751 3204 906 3259 secundum
915 3202 1047 3257 eumdem
1059 3201 1290 3267 chrysostomum,

705 3274 857 3345 respondet
880 3272 966 3327 etiam
992 3278 1095 3350 tigurae·
1111 3265 1221 3347 Veteris
1239 3266 1292 3320 Tc·

705 3343 848 3400 stamenti.
857 3341 1016 3399 Sicutcnim
1029 3341 1056 3394 in
1068 3339 1173 3393 diluvio
1183 3334 1291 3414 colum·

706 3416 742 3471 ba
759 3429 910 3485 apparens,
931 3417 959 3468 et
977 3426 1087 3466 ramum
1104 3407 1220 3463 virentis
1237 3402 1290 3459 oh·

705 3501 748 3540 rae
774 3484 917 3551 deserens,
947 3480 1071 3538 ostendit
1095 3481 1207 3549 signnm
1233 3474 1290 3531 cle-

705 3554 820 3611 mentiae
841 3553 901 3622 Dei,
918 3553 962 3610 bis
984 3551 1031 3624 qui
1051 3548 1156 3607 residui
1178 3548 1291 3630 luerunt

706 3642 739 3682 ex
753 3625 835 3696 aquis
848 3624 956 3692 diluvii,
972 3629 1001 3679 ct
1013 3637 1127 3679 omnem
1140 3621 1218 3701 orbis
1236 3623 1293 3701 ter·

706 3691 1293 3772 rarumtranquillitatemaununtiavitpitn

706 3773 736 3826 et
754 3784 839 3837 nunc,
855 3767 885 3823 in
901 3765 1055 3837 Baptismo,
1072 3764 1189 3821 veniens
1203 3764 1292 3834 Spiri-

706 3844 753 3896 tus
772 3841 890 3896 Sanctus
905 3840 957 3894 sub
974 3837 1113 3894 columhae
1128 3833 1232 3907 specie,
1250 3847 1294 3889 os·

707 3910 800 3967 tendit
817 3910 930 3980 signum
940 3908 1043 3964 divinae
1054 3908 1222 3976 clementiae,
1236 3920 1294 3978 qua

707 3981 811 4038 virtute
828 3980 1009 4062 baptismatis
1023 3985 1051 4036 et
1065 3986 1182 4052 peccata
1198 3976 1294 4036 remit·

707 4051 751 4121 tit,
765 4056 794 4108 et
803 4059 925 4123 gratiam
940 4053 1095 4118 conl'ert,cl
1108 4053 1291 4130 liberatorem

707 4122 791 4180 nobis
814 4123 1025 4192 demonstrans,
1042 4137 1093 4194 pro
1112 4139 1191 4180 ramo
1210 4119 1292 4177 olivae

707 4194 890 4267 adoptionem
905 4194 1030 4252 divinam
1051 4195 1151 4266 generi
1166 4195 1292 4251 humano
