2790 4912
136 272 185 327 iol

149 375 216 459 qula
231 374 323 434 inanis
340 376 442 448 gloria,
456 381 484 433 et
498 377 617 435 avaritia
629 377 666 434 ad
680 377 724 434 in-

144 461 234 505 vicem
245 464 275 504 se
284 448 412 520 gignunt.
423 467 438 501 u
449 448 577 506 Christus
587 466 654 506 vero
668 449 728 506 dia-

144 517 241 575 bolum
256 519 285 575 in
306 519 459 576 tentatione
517 521 551 575 las
567 520 723 593 superavit;

142 594 172 645 et
183 590 388 660 hocquondam
397 589 425 646 in
435 535 515 646 idolii
524 591 644 659 Belis,et
657 593 724 649 dre·

141 659 514 732 conispraellguratumluit.
542 666 572 720 ln
582 662 726 734 Babylone

139 730 217 788 enim
233 733 340 788 idolum
356 732 430 789 Betis
437 749 488 805 pro
497 735 555 790 Deo
570 735 724 804 colebatur,

141 804 217 874 quod
233 804 353 860 multum
368 805 517 861 comedere
527 809 556 861 et
570 805 667 862 bibere
681 806 710 862 di

144 874 280 941 eebatur;
307 875 382 946 quod
400 875 500 933 Daniel
523 876 670 945 destruxit,
698 883 726 933 et

144 946 307 1026 secerdotes
334 947 396 1018 ejus
435 946 588 1005 interemit.
618 948 724 1005 ibidem

139 1020 224 1072 ettam
253 1016 283 1072 in
310 1021 445 1089 spetunca
473 1021 558 1076 draco
585 1019 723 1088 latitabat,

136 1101 221 1214 guem
239 1104 311 1158 gens
328 1094 473 1159 tamquam
492 1093 580 1147 Deum
601 1092 723 1148 aestima-

159 1164 199 1227 at,
209 1160 255 1215 cui
268 1160 401 1217 sacerdos
410 1161 523 1219 statutis
537 1162 616 1218 horis
629 1163 723 1219 citrum

136 1230 292 1298 offerebat;
314 1231 411 1288 Daniel
434 1238 529 1290 autem
549 1251 672 1291 massam
689 1237 723 1291 de

138 1301 202 1374 pice
224 1308 252 1357 et
274 1302 356 1373 adipe
371 1309 400 1360 et
422 1304 487 1377 pilis
505 1306 636 1375 coniecit,
652 1312 681 1361 et
694 1306 723 1362 in

138 1388 174 1429 os
188 1373 320 1430 draconis
335 1373 440 1447 injecit.
450 1378 538 1444 Quam
552 1393 615 1433 cum
629 1393 723 1433 come·

144 1442 186 1500 dit
202 1444 296 1501 statim
312 1452 356 1501 est
366 1453 493 1519 eruptus,
507 1452 535 1504 et
551 1448 591 1504 sir.
607 1455 723 1521 uterque

144 1514 307 1586 devorator,
327 1522 356 1573 et
373 1519 489 1590 gulosus
511 1536 562 1592 per
579 1519 723 1576 Danielem

140 1591 185 1643 est
202 1588 382 1657 destructus;
401 1594 430 1646 et
449 1589 515 1646 ideo
530 1591 626 1648 Daniel
645 1591 724 1648 Chri·

141 1662 216 1713 stum
233 1659 401 1730 designavit,
412 1661 460 1733 qui
475 1661 661 1718 tentationem
676 1678 725 1733 gu-

142 1726 178 1784 lae
203 1731 354 1801 superavit.
376 1733 571 1802 -Secundo,
597 1734 725 1790 Christus

142 1798 229 1882 etiam
248 1801 393 1873 superarit
418 1802 562 1861 diabolum
588 1803 617 1861 in
636 1810 725 1862 tenta-

138 1873 218 1926 trone
232 1874 382 1944 superbia,
399 1879 427 1930 et
439 1881 492 1930 troo
511 1876 724 1948 praefiguratum

140 1940 193 1996 luit
206 1942 272 1997 olim
290 1943 317 1998 in
329 1944 427 2013 David,
440 1953 469 2000 et
478 1962 547 2001 nece
562 1948 659 2003 Goliae.
672 1950 725 2003 Go-

139 2008 411 2093 liossuperbissime
431 2015 466 2071 de
491 2016 656 2074 tortitudine
674 2035 725 2075 sua

140 2095 172 2136 se
197 2089 325 2151 jactarit,
351 2099 434 2153 quem
463 2085 551 2142 David
577 2088 664 2145 lunda
688 2090 725 2145 ad

141 2155 249 2234 terram
264 2154 377 2225 dejecit,
392 2161 420 2213 et
440 2157 554 2228 proprio
570 2159 665 2230 gladio
680 2159 724 2216 in·

142 2224 263 2280 terserit.
278 2225 372 2282 Golias
382 2227 463 2299 gigas
472 2228 593 2299 figuram
609 2231 724 2303 superbi

139 2297 218 2377 tenet
237 2297 375 2367 Luciferi3
392 2299 478 2356 David
502 2309 596 2358 autem
616 2308 723 2373 pastor,

141 2380 192 2448 qur
204 2367 279 2424 huuc
295 2371 457 2441 prostravit,
471 2374 598 2430 Christus
613 2375 723 2445 est,qui

139 2453 171 2494 ιιι
188 2440 344 2497 tentatione
360 2443 501 2515 superbia
516 2444 662 2502 humiliter
676 2445 724 2501 tri-

138 2511 296 2582 umphavit.
311 2545 346 2555 -
361 2514 466 2583 Tertio,
482 2516 609 2572 Christus
623 2517 721 2574 diabo-

136 2579 198 2637 lum
214 2582 244 2638 in
259 2584 415 2643 tentatione
426 2587 553 2643 avaritiae
566 2588 721 2659 superavit,

137 2653 212 2722 quod
226 2661 254 2709 et
268 2656 356 2711 David
372 2655 400 2711 in
424 2674 493 2716 ncce
516 2659 606 2716 leonis
621 2665 650 2716 et
664 2659 721 2716 ursi

136 2724 339 2847 granguravit.
357 2728 412 2783 Leo
426 2735 454 2784 et
472 2746 557 2786 ursus
573 2730 721 2787 avaritiam

160 2796 310 2862 gurabant,
322 2797 388 2865 quia
396 2800 551 2857 auterendo
564 2801 617 2857 sibi
628 2818 720 2872 ovem,

137 2877 202 2918 eam
221 2867 430 2945 perpetrabant.
439 2871 626 2928 Davidautem
639 2889 720 2930 ovem

140 2947 222 3013 suam
237 2950 371 3005 eripiens,
383 2944 513 3009 raptores
523 2940 678 3013 interiecit3
693 2951 721 3000 et

137 3003 277 3083 Dhrrstus.
295 3017 428 3076 superata
452 3012 607 3069 tentatione
628 3016 719 3070 arari-

138 3077 197 3142 ttae,
213 3075 345 3153 Salonam
362 3094 378 3133 a
396 3095 425 3134 se
440 3080 548 3151 rejecit.

174 3165 206 3201 en
223 3147 262 3201 lla
276 3149 443 3207 lucanorum
455 3169 568 3210 accessu
583 3171 615 3209 nr
634 3172 720 3212 storu-

137 3232 277 3274 rrosrrorm
291 3237 478 3279 rnursmoumt
493 3225 610 3282 Cnmsrr.
627 3231 719 3297 -Et,

138 3289 249 3362 abjecto
269 3291 375 3349 scilicet
395 3296 509 3364 Salano,
524 3313 581 3353 ecee
606 3315 721 3354 occesse-

140 3370 206 3417 runt
219 3366 330 3433 tripete,
340 3374 364 3420 et
377 3370 519 3438 tamquam
531 3368 628 3426 rictori
641 3374 729 3426 mini-⁴

138 3434 265 3489 emebant
275 3439 314 3501 ei3
328 3435 378 3501 sic,
392 3438 439 3509 qui
452 3439 581 3509 viriliter,
595 3457 723 3567 pugnan-

137 3501 289 3561 decontra
309 3506 466 3577 diabolum,
491 3510 577 3567 trium
620 3514 721 3581 averit,

137 3571 297 3654 ministerio
305 3585 331 3633 et
340 3579 483 3637 consortio
497 3529 669 3654 Angeiitrum
682 3582 722 3639 di-

138 3655 210 3724 gnus·
225 3651 286 3726 eut.
312 3649 351 3704 De
368 3650 556 3709 tentationum
576 3669 643 3711 vero
659 3671 723 3726 sug·

137 3716 325 3796 gestierubus,
349 3719 389 3775 sic
407 3722 476 3779 dicit
490 3726 720 3793 chrysostomus:

141 3784 250 3865 “an
269 3788 393 3846 breviter
407 3794 633 3867 perstringamus
653 3797 721 3866 quid

139 3855 298 3935 significent
323 3861 424 3918 Christi
446 3869 625 3924 tentationes.
643 3870 720 3939 leju-

137 3939 216 3981 mum
231 3931 275 3983 est
287 3930 459 3992 abstinentia
469 3936 609 3995 reimalae.
627 3939 720 4006 Quan-

136 3994 175 4051 do
204 4013 271 4054 iero
297 4002 360 4070 quis
388 4002 505 4064 inllatus
531 4010 615 4067 luerit
639 4010 720 4081 quasi

139 4074 263 4138 sanctus,
278 4071 379 4128 ductus
398 4080 441 4130 est
459 4081 538 4149 quasi
569 4097 654 4153 super
675 4088 719 4138 te·

142 4144 235 4209 ctum;
255 4148 283 4197 ct
310 4143 371 4199 haec
385 4147 504 4205 tentatio
523 4152 651 4223 sequitur
665 4153 720 4225 pri-

135 4223 223 4283 mam,
247 4213 382 4286 quoniam
411 4216 529 4278 victoria
553 4224 719 4282 tentationis

500 273 610 328 rums
637 246 759 327 renus
787 270 896 324 cnrnr
922 268 1002 322 xxu

781 373 981 450 gloriationem
994 375 1141 446 operatur,
1148 378 1180 431 et
1194 373 1316 435 lltcaun
1380 390 1391 426 ·.

779 446 903 505 ctantiae.
919 447 995 517 Fuge
1009 460 1079 516 ergo
1094 445 1295 505 exaltationem
1312 483 1317 494 .
1338 517 1339 520 Ἴ

779 519 835 587 dis,
849 524 877 575 et
894 534 950 575 non
963 515 1218 588 patierisruinam.
1231 521 1264 574 ΑἸ

779 597 874 648 autem
890 587 996 646 montis
1005 592 1049 644 est
1062 589 1210 661 processio
1224 592 1260 647 ab
1271 590 1326 647 al'o
1386 579 1395 612 ¹

779 662 845 718 dine
862 659 1024 717 divitiarum
1039 665 1067 716 et
1081 659 1176 741 gloria
1190 661 1274 733 hujus
1294 691 1295 707 ι
1311 697 1312 704 .

779 733 819 802 di,
839 749 902 806 quae
921 732 957 788 de
975 732 1111 802 superbia
1127 732 1226 788 cordis
1249 733 1286 789 d>
1304 767 1321 782 .,

779 805 830 860 dit.
852 826 866 855 n
893 804 938 861 Sic
961 802 1048 859 etiam
1072 800 1140 858 dicit
1171 806 1336 863 tremuere

780 897 795 929 ι
809 875 862 944 Qui
892 878 1022 947 quartam
1045 873 1235 931 tentationem
1257 876 1292 933 de
1317 889 1320 923 t

780 948 857 1004 mino
878 963 936 1003 nou
961 945 1041 1016 legit,
1057 945 1176 1016 ignorat
1190 946 1290 1019 Script
1325 979 1326 986 .

780 1035 845 1090 quas
867 1018 945 1087 dicit,
961 1017 1036 1089 quod
1058 1019 1165 1073 militia
1183 1023 1224 1073 est
1238 1021 1295 1073 nite

777 1094 861 1146 minis
873 1093 1075 1161 superterram.
1086 1088 1238 1159 Apostolus
1258 1112 1297 1138 ιιι
1319 1125 1320 1134 .
1336 1147 1340 1154 ,

778 1161 847 1217 dicit
862 1177 926 1218 eum
941 1159 1028 1216 luisse
1051 1165 1188 1215 tentatum
1210 1176 1281 1232 perr
1309 1191 1311 1198 ι

776 1250 829 1305 pro
840 1232 1025 1288 similitudine
1039 1233 1143 1301 absque
1156 1242 1276 1302 peceato.
1287 1253 1302 1283 ι
1333 1284 1347 1298 ,Ἴ

817 1310 850 1360 ab
866 1306 922 1362 Cum
936 1320 1051 1359 neuram
1068 1319 1204 1359 ronanam
1219 1303 1331 1361 Donum

779 1406 813 1417 -
828 1377 923 1432 Voluit
937 1379 1032 1431 autem
1042 1373 1172 1431 Christus
1188 1373 1288 1430 tentari
1309 1402 1310 1411 ι

780 1447 859 1504 ribus
875 1463 908 1503 ex
918 1445 1011 1503 causis
1023 1444 1133 1517 :prima
1141 1451 1198 1513 est,
1210 1460 1256 1501 sec
1282 1470 1301 1493 ιι
1349 1485 1353 1490 .,

781 1520 951 1587 Greqorium,
971 1522 1002 1575 ut
1015 1532 1067 1589 per
1080 1532 1163 1572 suam
1178 1516 1287 1573 renuti
1302 1543 1321 1563 r·
1349 1539 1353 1560 .-

780 1606 833 1646 nos
865 1606 882 1646 a
910 1587 1015 1645 nostris
1041 1587 1188 1655 liberaret,
1218 1587 1288 1645 sicut
1330 1619 1350 1631 ν

780 1677 860 1717 suam
876 1666 997 1716 mortem
1012 1675 1093 1716 nosa
1106 1665 1206 1716 nostra
1222 1658 1357 1717 liberarit.

779 1763 809 1773 —
829 1732 959 1790 Secunde
973 1736 1027 1802 est,
1040 1731 1197 1787 seeundum
1212 1732 1362 1795 ιὶιιινιη,ι

779 1808 810 1860 ut
821 1808 920 1886 cautos
933 1818 986 1859 nos
1003 1802 1119 1872 laoeret,
1135 1818 1171 1858 ne
1186 1801 1293 1859 seilicet
1333 1811 1336 1844 ι

779 1878 1369 2026 tittttltltttttttttltltttffi.

780 2016 923 2074 immunis.
940 2019 973 2072 Et
985 2017 1050 2073 ideo
1062 2023 1127 2088 post
1137 2016 1368 2087 Baptismum,d

779 2094 894 2161 accepto
919 2087 1024 2160 Spiritu
1048 2089 1163 2156 Sancto,
1183 2086 1289 2143 tentari
1314 2099 1356 2143 ve·

778 2160 842 2227 luit,
860 2165 891 2216 ut
908 2159 1069 2215 ostenderet
1090 2158 1168 2230 quod
1182 2154 1355 2214 sanctificatis
1373 2195 1374 2198 ι

779 2233 870 2303 major
884 2246 979 2302 pugna
993 2230 1141 2286 incumbit.
1151 2261 1188 2271 -
1201 2228 1298 2287 Tertia
1307 2230 1355 2297 ul,

778 2302 932 2359 secuudum
947 2304 1145 2371 Auqustimem,
1163 2306 1195 2357 ut
1218 2300 1301 2357 nobis
1314 2314 1357 2357 ax·
1374 2346 1377 2357 .

779 2373 904 2445 emplum
920 2372 1067 2446 pugnandi
1088 2372 1181 2440 daret,
1201 2378 1232 2429 et
1245 2388 1298 2454 per
1307 2371 1356 2429 bes

778 2462 831 2501 nos
849 2444 1014 2513 instrueret,
1029 2448 1058 2500 et
1080 2449 1112 2499 ut
1130 2450 1208 2500 esset
1227 2443 1358 2500 Mediator

778 2533 836 2572 non
847 2516 939 2572 solum
968 2533 1000 2572 er
1013 2514 1200 2588 adjutorium,
1214 2515 1265 2571 sed
1277 2512 1358 2571 etiam

777 2603 829 2659 per
845 2533 1013 2659 erempiirm.
1029 2616 1064 2629 -
1078 2587 1185 2654 Quarta
1196 2593 1254 2653 est,
1268 2600 1360 2642 seeun-

777 2660 844 2714 dum
860 2660 1088 2728 chrysostomum,
1099 2665 1132 2714 ιιι
1144 2673 1198 2714 nos
1212 2657 1360 2725 animaret,

777 2736 808 2785 ut
825 2729 934 2786 scilicet
952 2746 1036 2786 nemo
1058 2730 1191 2785 turbetur
1215 2731 1253 2785 de
1274 2731 1362 2785 mnte-

776 2800 902 2856 tionibus
932 2807 1037 2873 praeter
1066 2816 1145 2872 spem
1176 2799 1361 2867 irruentibus,

776 2873 844 2928 dum
859 2872 945 2930 etiam
960 2871 1103 2930 Christum
1118 2870 1196 2927 ridet
1208 2871 1293 2929 subdi
1305 2874 1363 2927 ten·

775 2943 943 3001 tationibus.
961 2943 1112 3011 -Quinta
1131 2950 1185 3011 est,
1206 2941 1362 2999 secundum

774 3017 905 3080 Leonum,
936 3019 968 3070 ut
996 3013 1142 3071 diabolum
1169 3012 1309 3082 vinceret,
1335 3014 1363 3069 et

773 3085 912 3142 vincendo
931 3086 994 3158 ejus
1012 3085 1145 3142 virtutem
1164 3090 1193 3140 et
1214 3085 1362 3141 audaciam

774 3156 952 3228 reprimeret.
973 3187 1008 3197 -
1029 3158 1113 3213 Sexta
1131 3162 1187 3225 est,
1204 3156 1362 3212 secundum

774 3229 950 3300 Apostolum,
970 3232 1001 3284 ut
1019 3226 1135 3284 tentatis
1151 3226 1259 3283 melius
1283 3225 1363 3283 mise·

776 3299 844 3367 reri,
865 3304 895 3355 et
918 3301 1040 3371 compati
1056 3298 1152 3367 sciret,
1173 3303 1202 3354 et
1227 3297 1313 3355 nobis
1327 3296 1363 3355 de

775 3386 827 3426 sua
844 3370 1042 3428 misericordia
1059 3385 1138 3450 spem
1162 3370 1283 3438 laceret,
1298 3366 1363 3442 qnia

776 3442 861 3497 homo
883 3447 1010 3524 tentatus
1033 3441 1143 3524 laertius
1163 3440 1363 3521 misereturel

775 3516 1363 3667 tttttttttitillantium

776 3659 843 3711 ret:
860 3657 912 3711 luit
926 3672 1000 3713 emm
1016 3660 1141 3713 tentatus
1156 3661 1256 3712 statim

776 3727 812 3782 do
837 3728 890 3783 luit
913 3726 1081 3799 baptizatus,
1100 3728 1215 3799 quando
1236 3743 1256 3783 a
1300 3730 1361 3783 alte

774 3797 860 3853 Flius
870 3804 913 3855 est
925 3798 1093 3871 appellatus,
1108 3799 1224 3870 quando
1237 3797 1362 3871 Spiritus

775 3870 894 3926 Sanctus
903 3869 931 3926 in
946 3869 1039 3942 specie
1051 3870 1190 3927 columbae
1200 3882 1360 3942 supereum

774 3940 888 4008 mansit,
904 3940 1018 4012 quando
1031 3942 1133 3998 coelum
1149 3941 1204 3997 sini
1225 3946 1361 4014 apertum

773 4011 836 4079 luit,
856 4013 969 4084 quando
988 4013 1177 4085 quadraginta
1201 4013 1306 4070 diebus
1333 4016 1361 4070 et

773 4085 903 4140 noctibus
914 4084 1068 4156 ieiunavit3
1084 4093 1115 4143 ut
1134 4100 1185 4158 per
1200 4086 1257 4142 boe
1275 4084 1360 4142 detur

773 4152 987 4227 intelligi‚quod
1001 4155 1024 4211 si
1036 4156 1138 4229 aliquis
1150 4162 1293 4224 tentatur,
1301 4170 1358 4213 non

773 4232 889 4299 propter
921 4232 976 4283 troo
1000 4233 1045 4286 est
1070 4229 1167 4287 minus
1195 4243 1214 4285 a
1240 4233 1358 4300 peceato
