2790 4912
220 361 312 423 0000
339 360 426 417 rust
453 360 558 416 lasus
583 358 754 415 Inventus
780 360 839 414 EST
866 359 899 414 ltt
927 360 1069 415 inusto.
1226 364 1268 420 tar

63 468 132 541 ique
142 467 349 540 consanguinei
364 472 392 525 et
406 465 489 526 amici
505 484 621 526 concur·
713 469 860 527 roCnmsm
867 484 989 524 munaus
998 484 1112 527 orrida.
1121 499 1154 511 ·—
1163 469 1270 533 Exinde

63 547 108 610 mt,
123 547 152 599 et
168 541 205 598 ad
223 540 396 597 visitandum
410 556 460 597 eos
472 539 619 597 festinant.
674 555 765 612 usque
784 539 821 596 ad
839 538 1040 596 duodecimum
1059 556 1167 599 aunum
1186 543 1269 616 pueri

63 611 89 670 si
114 619 210 670 autem
224 612 379 695 'Nazareth
405 616 564 695 remanent,
593 616 622 668 et
674 612 753 694 Jesu,
770 626 829 668 non
845 609 948 692 legitur
962 610 1070 694 aliquid
1084 613 1120 669 de
1135 612 1208 685 ipso,
1224 615 1269 672 vel

63 683 621 838 tettttttttttttdttttt
675 683 1270 838 tect,022¹tttt1t¹tttttztttt

63 828 165 884 ilaris
180 827 300 894 filando,
318 831 347 883 et
362 825 482 894 suendo,
496 830 526 883 et
539 825 621 893 alias,
677 830 720 883 est
733 825 796 882 ions
808 840 923 906 parvus,
937 825 974 881 ad
990 841 1073 897 quem
1086 829 1207 884 Domina
1219 826 1269 885 nli·

63 898 231 971 routpotuit
253 896 402 965 laboravit,
426 912 460 953 ac
478 896 622 954 nihilomi-
678 896 792 968 quando
811 897 880 963 mat,
901 901 929 952 et
956 896 1067 968 dequo
1094 914 1165 970 puer
1184 901 1269 958 iesus

63 969 169 1026 nuscirca
180 969 280 1026 Fitium
294 984 378 1026 suum
390 966 513 1040 diligens
525 973 554 1025 et
566 967 623 1025 sol·
678 971 844 1040 frequenter
861 982 966 1038 aquam
986 968 1146 1039 hauriebat,
1162 976 1191 1027 et
1209 973 1268 1029 Us-

63 1040 117 1098 teia
136 1041 198 1098 tuit.
222 1042 258 1098 Ut
282 1037 421 1096 enimait
445 1040 621 1096 Anactmus:
678 1039 715 1096 tri
738 1037 928 1106 ministrabat,
950 1042 1048 1110 utpote
1069 1040 1117 1111 qui
1139 1041 1270 1100 subditus

63 1113 125 1168 atter
140 1116 181 1169 est
196 1111 293 1182 aliqua
306 1109 435 1178 scientia,
456 1127 519 1183 quae
534 1109 625 1184 possit
678 1109 720 1168 itli
740 1115 811 1167 erat.
836 1112 892 1166 Pro
914 1110 1032 1166 summis
1056 1128 1123 1183 ergo
1148 1112 1269 1198 deliciis,

63 1188 192 1256 penetrare,
210 1199 264 1240 nec
282 1181 456 1254 eloquentia,
474 1198 537 1254 quae
554 1198 624 1255 -pos-
679 1182 821 1239 interdum
847 1197 951 1252 aquam
979 1181 1078 1239 tribuit
1101 1200 1159 1240 suae
1186 1186 1269 1242 Matri

63 1253 89 1310 s‘t
99 1254 253 1336 praedicare,
273 1260 380 1326 quanta
401 1253 560 1312 dulcedinis
581 1270 625 1311 sc·
680 1252 728 1327 qui
742 1252 901 1333 detescam
919 1252 995 1308 omni
1011 1253 1100 1310 carni.
1117 1255 1169 1313 Ubi
1183 1255 1271 1315 etism

64 1323 153 1383 tuate
167 1328 197 1382 Β.
214 1325 400 1398 Virgotdaria
415 1326 567 1384 Parvulum
584 1325 626 1382 io·
680 1325 823 1383 herbasrn
833 1338 910 1393 agris
921 1322 1044 1394 collegit,
1054 1325 1090 1382 de
1138 1325 1201 1384 'bus
1210 1330 1271 1385 ita·

64 1395 124 1465 terit,
142 1403 244 1468 quanta
267 1396 415 1469 diligentia
432 1397 628 1469 obsequioque
682 1402 726 1453 ter
747 1394 824 1478 olera
840 1393 1005 1476 conficeret.
1026 1395 1107 1477 Ρεςίρ
1128 1402 1158 1453 at
1174 1398 1272 1471 hujus·

65 1465 256 1538 Adolescentem,
291 1474 319 1525 et
352 1468 382 1524 in
419 1470 508 1526 robur
536 1467 629 1526 etatis
683 1467 760 1525 modi
775 1469 889 1522 servitia
899 1466 981 1521 Matri
995 1465 1271 1539 humitisDominus3

66 1540 192 1608 notuerit
214 1541 375 1597 vadentem.
398 1542 433 1596 Et
457 1546 489 1597 ut
508 1539 630 1613 ipsamet
683 1554 742 1596 uon
759 1536 834 1593 euim
850 1537 972 1593 habebat
985 1536 1072 1593 alium
1089 1538 1271 1610 servientem,

67 1606 148 1667 edun
176 1611 286 1668 devotae
339 1627 449 1668 ersouae
483 1611 630 1679 revelavit,
685 1610 728 1667 vel
738 1610 887 1691 juvantem
902 1607 931 1664 in
941 1608 1167 1667 necessitatibus.
1179 1613 1211 1666 ln
1222 1610 1273 1669 hu·

68 1679 177 1739 euodes
200 1699 265 1740 curn
290 1627 390 1739 mitum
414 1699 497 1740 suum
521 1683 631 1767 gremio
687 1678 1020 1751 mititatesetempcstive
1032 1697 1163 1738 exercere
1175 1680 1272 1755 coepit,

68 1751 204 1833 obtereret,
218 1769 277 1825 prae
292 1753 381 1811 nimie
396 1755 556 1812 devotionis
565 1754 631 1811 dut·
687 1754 724 1811 de
735 1768 791 1825 qua
809 1752 989 1824 postmodnm
1001 1767 1060 1834 prae
1073 1752 1175 1810 ceteris
1187 1753 1273 1812 virtu·

68 1820 148 1893 oedme,
165 1832 248 1898 caput
263 1841 346 1883 suum
364 1824 450 1897 copiti
467 1823 530 1883 Filii
547 1825 633 1882 accli-
687 1824 762 1882 tibus
778 1823 938 1895 gloriando,
953 1822 1022 1879 dixit
1038 1843 1046 1878 :
1063 1827 1164 1881 Discite
1181 1841 1200 1881 o
1218 1841 1271 1891 me,

68 1903 123 1964 tius,
132 1902 224 1953 tantas
236 1896 376 1969 lacrymas
386 1897 498 1965 effudit,
507 1903 538 1955 ut
550 1900 634 1968 caput
688 1899 756 1968 quio
764 1899 841 1951 mitis
849 1912 920 1960 sum,
932 1901 957 1951 ct
968 1897 1081 1952 humitis
1092 1897 1181 1952 corde.
1192 1897 1272 1955 Unde

67 1964 166 2042 ettotam
180 1970 243 2038 ejus
263 1969 364 2026 taciem
379 1969 512 2040 lacrymis
528 1967 635 2026 amoris
688 1969 852 2025 dussimus:
864 1989 879 2018 «
891 1966 964 2023 Nihil
978 1967 1273 2026 vesanitatisaestimes

66 2044 153 2117 neret,
161 2045 188 2096 et
197 2040 450 2098 dicebetzosalus
460 2045 489 2097 et
499 2039 635 2112 gaudium
688 2038 739 2097 tibi
759 2054 948 2107 accessurum,
964 2037 987 2094 si
1007 2055 1072 2095 cum
1090 2039 1166 2112 apud
1183 2041 1271 2098 Naza-

63 2114 140 2167 Utmoe
158 2111 246 2168 meaet
270 2111 337 2179 Quis
359 2112 420 2168 haec
439 2111 568 2181 audiens,
591 2110 635 2167 vel
688 2110 752 2167 reth
764 2126 881 2193 puerum
892 2110 967 2167 iuter
980 2125 1083 2181 pueros
1097 2112 1271 2185 contemple-

63 2185 134 2238 unte
146 2187 284 2250 tractans,
300 2199 330 2239 se
349 2198 367 2239 a
385 2183 519 2255 iacrymis
532 2181 637 2256 poterit
689 2181 776 2250 ris,s1
791 2184 994 2266 obsequentem
1003 2183 1096 2252 Matri,
1105 2182 1129 2239 si
1143 2182 1270 2256 operanti

63 2252 209 2311 numeret
223 2275 238 2305 »
252 2255 314 2311 haec
327 2257 483 2311 nescimus.
690 2253 806 2311 nutritio
823 2259 1005 2312 assistentem
1019 2253 1166 2312 intuearis.
1184 2274 1199 2305 »

589 2431 719 2490 onemo

77 2575 183 2634 osesu
197 2575 359 2645 mitissime,
376 2575 474 2648 quide
490 2574 608 2649 Virgine
626 2579 710 2632 natus
724 2574 754 2630 in
772 2578 868 2647 partes
886 2573 996 2701 AEgypti
1016 2572 1168 2643 secessisti,
1188 2587 1218 2630 et
1235 2592 1271 2632 an

131 2652 161 2704 to
176 2653 304 2716 vocatus,
320 2647 469 2704 interram
483 2647 569 2705 lsrael
584 2645 704 2715 rediisti,
722 2660 826 2702 revoca
840 2661 896 2713 me,
941 2644 1047 2713 omine,
1063 2659 1178 2700 servum
1191 2648 1272 2703 tuum

74 2735 109 2777 vn
122 2724 155 2775 tu
169 2719 317 2775 oculorum
331 2723 445 2775 tuorum
458 2718 489 2775 in
498 2722 616 2792 AEgypto
631 2719 716 2791 hujus
728 2714 802 2773 exilii
817 2717 985 2789 projectum,
1004 2715 1033 2771 in
1046 2716 1131 2787 hujus
1145 2716 1272 2788 peregri-

63 2789 168 2848 etionis
182 2789 309 2846 tenebris
327 2790 480 2859 exulatum,
500 2791 536 2847 ab
552 2789 661 2870 AEgypti
683 2787 819 2861 partibus,
839 2804 856 2844 a
877 2787 1029 2844 mundaum
1050 2787 1273 2845 conversationis

63 2861 172 2920 mebris
186 2862 272 2918 reduc
286 2877 415 2933 corpore,
430 2862 516 2918 reduc
530 2866 637 2930 mente,
653 2861 783 2918 reducet
799 2860 943 2916 voluntate
960 2877 967 2914 ε
984 2859 1027 2916 iac
1042 2874 1087 2915 me
1106 2858 1174 2916 vitia
1193 2859 1273 2917 dese·

63 2948 118 3003 erc,
137 2939 168 2990 et
177 2932 214 2989 ad
223 2932 341 2989 virtutes
350 2931 472 2990 transire
486 2938 515 2989 et
527 2932 558 2988 in
568 2937 674 2990 terram
684 2930 880 3004 promissionis
888 2947 933 2988 me
943 2930 1070 3003 digneris
1080 2929 1271 3001 introducere,

63 3004 129 3062 todo
147 3004 216 3072 fide,
231 3020 292 3076 spe,
308 3008 337 3061 et
347 3004 496 3075 charitate,
511 3003 541 3061 in
554 3004 650 3061 iuturo
664 3019 731 3060 vero
746 3018 787 3073 re,
805 3002 910 3076 specie,
929 3002 1139 3075 glorificatione
1154 3007 1184 3061 et
1198 3002 1272 3061 veri-

63 3079 114 3134 ste.
130 3075 236 3133 Amen.

555 3330 691 3404 CAPUT
705 3331 768 3402 XV

78 3553 119 3600 ΒΕ
141 3554 179 3601 80
197 3554 277 3608 QUOD
296 3555 474 3603 susumus
490 3554 643 3601 namstr
663 3554 694 3600 nt
711 3551 894 3611 mussabant,
914 3552 952 3597 ΕΤ
969 3551 1116 3599 mvsttnus
1132 3552 1187 3599 EST
1204 3553 1234 3599 itt

599 3634 726 3681 canto.
763 3678 765 3682 Α

555 3821 637 3878 Lucae
651 3835 713 3893 cap.
730 3822 765 3877 11.

82 4051 93 4088 ι
110 4027 173 4097 Quo
189 4044 273 4084 seusu
293 4027 425 4084 Camsrus
439 4043 564 4083 cerussa
578 4043 643 4082 n1c1·
691 4024 987 4095 secundumanimam,
1000 4024 1277 4084 sicutcrevitsecun·

63 4100 119 4160 unt
138 4130 176 4142 -
194 4101 266 4156 Puer
292 4104 382 4155 ouum
404 4101 486 4156 Jesus
508 4099 643 4154 crescebat
690 4095 759 4154 dum
776 4112 888 4168 corpus,
910 4096 974 4155 ideo
997 4097 1093 4155 subdit
1117 4097 1193 4170 quod
1216 4103 1280 4155 erat

63 4175 259 4243 tangmento,
276 4175 302 4227 et
318 4171 535 4238 confortabatur,
555 4169 585 4226 in
601 4168 641 4225 ri·
687 4169 786 4239 plenus
801 4171 949 4239 sapientie.
967 4169 1073 4226 scilicet
1089 4173 1225 4241 quantum
1240 4167 1279 4226 ed

63 4259 115 4301 ore
128 4241 248 4308 scilicet,
266 4246 405 4313 quantum
422 4240 460 4298 ad
475 4255 588 4312 corpus.
608 4241 643 4297 Et
689 4238 829 4308 animam3
845 4244 871 4296 et
885 4243 979 4310 oratio
1005 4244 1056 4297 Uei
1079 4246 1138 4296 erat
1159 4242 1190 4294 ia
1217 4239 1278 4303 itio,

63 4330 82 4373 e
100 4315 168 4388 quis
181 4312 356 4385 imaginetur
373 4311 414 4370 ita
436 4327 501 4370 eum
520 4310 643 4370 crevisse
689 4309 797 4369 scilicet
811 4319 948 4384 quantum
961 4312 998 4369 ad
1010 4317 1169 4383 utrumque.
1186 4307 1278 4380 Unde,
