2790 4912
438 343 480 396 bt
507 343 592 399 tucn
620 347 739 401 bouill
767 349 798 401 li
827 346 1003 400 nutriuit.
1295 347 1342 399 lit

143 448 220 520 ioseph
236 445 355 503 multum
376 461 463 503 senex
483 445 513 504 in
534 451 694 522 AEgyptum,

142 517 695 650 ttlttllthttulttfflhthh

143 662 202 742 ¹valle
213 660 329 732 longam.
348 660 458 717 Dicitur
473 608 639 735 enimpquod
658 666 694 721 ad

142 731 297 790 stercusoris
309 737 377 789 sunt
389 732 541 790 duodecim
553 734 596 791 rel
610 735 693 807 quin·

141 802 208 861 decim
218 803 305 871 dietae,
318 819 371 875 pro
383 803 425 860 eis
438 809 532 861 autem
547 804 620 863 torte
634 812 695 863 erat

141 873 232 933 duorum
249 873 389 932 mensium
410 874 454 931 vel
473 875 606 948 plurium.
624 880 693 935 Fue-

31 1008 34 1013 ,
142 951 191 1024 runt
201 950 293 1016 antem,
308 951 340 1003 ut
355 945 470 1015 dicitnr,
505 963 537 1003 er
550 948 694 1006 desertum

140 1014 248 1094 illudper
258 1016 334 1089 quod
348 1015 400 1098 tilii
410 962 692 1100 israeitransierunt,

140 1099 164 1141 1n
199 1088 532 1160 oetqnadragvntaanms
542 1096 691 1148 steterunt.

25 1162 30 1173 “
174 1227 179 1238 1
216 1158 692 1232 omododevictusecumportando

138 1225 193 1285 laone
222 1231 269 1287 nt?
283 1230 336 1288 Ubi
351 1230 438 1287 etiam
455 1237 484 1288 et
499 1235 641 1303 quomodo
657 1234 692 1290 de

138 1305 201 1356 nocte
214 1302 424 1375 hospitabantur
442 1307 471 1359 et
489 1302 693 1374 quiescebant?

137 1365 194 1426 llam
206 1373 271 1429 enim
287 1373 389 1430 domos
404 1372 434 1429 in
452 1373 502 1430 illo
518 1376 631 1432 deserto
647 1376 690 1432 in-

136 1440 266 1500 veniebant.
283 1446 452 1516 compatere
466 1461 535 1517 ergo
552 1447 605 1515 eis3
624 1447 692 1519 quia

135 1502 197 1567 labor
209 1515 335 1582 diitlcilis,
351 1531 471 1588 magnus
492 1523 521 1573 et
536 1517 582 1574 lon
604 1535 647 1587 us,
663 1523 692 1575 et

25 1654 29 1659 .
135 1578 180 1658 ltu
191 1583 270 1670 Puero
287 1603 373 1660 quam
393 1586 477 1659 ipsis;
495 1594 524 1645 et
541 1534 612 1646 varie
627 1606 690 1646 curn

22 1672 26 1679 ·
133 1658 307 1731 01⁸3etadJnva
321 1663 435 1729 portare
447 1674 568 1730 puerum
580 1663 688 1727 lesum,

132 1722 156 1797 tl
166 1737 188 1779 ln
200 1729 323 1786 omnibus
340 1730 442 1801 quibus
457 1730 576 1803 poteris,
590 1731 691 1788 exhibe

130 1799 165 1845 0¹⁸
178 1797 368 1875 ministerium.
397 1802 458 1857 Non
488 1802 572 1859 debet
600 1802 690 1859 videri

10 1890 12 1933 ;
128 1860 196 1946 ”this
211 1870 291 1952 labor
311 1870 509 1943 poenitentiam
531 1889 616 1944 agere
639 1889 690 1945 pro

15 1950 18 1955 ·
124 1930 198 2021 ”this
209 1942 284 2014 ipsis,
299 1958 350 2015 pro
370 1942 472 2014 quibus
491 1944 573 2001 labor
596 1949 691 2001 tantus

120 1995 154 2053 “b
166 2009 220 2070 alhs
236 2019 264 2071 et
281 2029 299 2071 a
318 2013 421 2071 talibus
436 2019 465 2071 et
482 2015 567 2072 toties
587 2020 631 2071 est
645 2032 690 2072 as-

114 2073 244 2154 metns.
261 2085 341 2142 Unde
359 2087 531 2142 anselmus:
551 2109 565 2138 ι(
581 2086 642 2143 Noli
662 2087 691 2143 in

109 2130 690 2240 ‘uinedimtionelugienteminAEgyptum

93 2207 262 2312 fehuquere
277 2227 308 2284 in
319 2234 465 2284 comitatu.
480 2229 611 2300 inspiciat
628 2246 692 2286 ocu-

105 2278 153 2340 ⁸¹⁸
168 2297 319 2381 devotionis
329 2299 476 2370 parvulum
485 2302 583 2357 lesum
593 2300 690 2357 dulces

80 2341 273 2449 PQinmnllas
290 2369 422 2440 gloriosae
440 2370 576 2442 Virginis,
592 2371 690 2428 llatris

71 2419 690 2538 spedulcitersurgentem,etmammillas

68 2507 689 2609 ¹,ifflternaslllnalimoretraetantem.qud

56 2602 691 2733 nglidsuavius‘itlerneillumquiimmen-

82 2702 144 2782 ¹¹³
160 2730 217 2793 est,
230 2725 357 2796 parvulis
369 2725 493 2781 brachiis
507 2727 543 2782 ad
561 2733 690 2783 materna

85 2789 170 2854 Qlla
201 2795 385 2922 pendentem,
412 2802 441 2852 et
471 2796 548 2853 dicas
580 2815 587 2852 ε
615 2797 688 2854 felix

114 2581 162 2639 Ru
175 2582 355 2655 jucundius?
378 2583 450 2651 Quid
473 2584 690 2641 delectabilius?

54 2836 171 2937 RQ,
212 2866 380 2939 eliciorque,
405 2867 472 2924 dum
501 2867 581 2925 illum
607 2869 689 2925 video

25 2972 29 2981 ·
54 2916 185 2998 ‘inem
201 2953 286 3008 reges
303 2938 452 2995 voluerunt
468 2938 574 3007 videre,
590 2946 618 2995 et
633 2956 690 2995 non

56 2987 244 3069 *iderunt
257 3008 363 3080 Dignus
377 3014 421 3066 est
435 3009 506 3078 visu,
523 3010 570 3080 qui
584 3010 691 3093 specio-

65 3073 138 3141 ⁸tns
169 3085 218 3138 est
241 3080 334 3137 iorma
359 3096 418 3153 prae
444 3081 511 3137 tiliis
531 3083 687 3138 hominum.

65 3135 200 3227 (logita
212 3156 243 3208 et
254 3150 391 3224 recogita,
405 3168 461 3223 quo
473 3153 579 3221 animo,
593 3160 620 3209 et
635 3169 691 3224 qua

73 3222 276 3298 cogitatione
294 3224 443 3280 tenebatur
462 3223 511 3280 illa
528 3224 691 3280 dulcissima

77 3288 192 3356 Mater
222 3295 294 3365 ejus,
321 3309 385 3349 cum
414 3294 495 3351 illum
529 3295 690 3362 Dominum,

79 3366 213 3428 tantum
232 3381 265 3422 ac
284 3364 424 3421 tantillum
440 3366 467 3421 in
483 3366 607 3422 brachiis
621 3366 690 3432 suis,

87 3438 246 3497 exsultans
261 3440 289 3492 et
303 3436 378 3504 lata,
392 3440 517 3506 teneret;
534 3454 597 3493 cum
610 3437 647 3506 ei,
661 3447 692 3493 ut

90 3507 245 3568 infantulo
271 3507 416 3580 gestienti,
435 3507 565 3565 dulcibus
587 3507 691 3565 osculis

93 3597 126 3639 tc
157 3579 358 3649 frequentibus
386 3580 594 3651 congauderet,
626 3595 689 3635 cum

95 3667 165 3710 eum
185 3650 391 3721 lacrymantem
412 3665 498 3732 super
517 3666 610 3721 genna
629 3666 689 3715 sna,

98 3722 208 3796 quibus
220 3725 333 3793 poterat
346 3721 468 3777 modulis
479 3723 689 3789 consolaretur;

97 3809 165 3852 cum
179 3790 304 3863 denique
319 3791 383 3847 aliis
397 3798 482 3864 atque
499 3792 562 3849 aliis
578 3791 689 3858 studiis,

98 3865 136 3923 ed
156 3879 222 3935 quac
238 3862 329 3944 ipsam
346 3868 476 3919 materna
494 3863 585 3935 pietas
602 3863 690 3919 inlor-

97 3936 252 4003 mabat,e1
287 3950 319 3989 ro
334 3934 503 4006 qualitatum
521 3933 690 3990 vicissitudi-

98 3949 692 4064 nibusseduiivblandireturltemulterius

97 4077 261 4135 notandum
280 4080 334 4144 est,
350 4075 472 4147 qualiter
487 4076 576 4133 llaria
594 4076 624 4133 in
647 4076 692 4132 via

752 453 872 509 hensum
882 450 911 507 in
924 449 980 520 via,
989 454 1017 507 et
1027 449 1231 507 adolescentuli
1246 451 1341 523 cnjus-

751 524 817 580 dam
842 521 981 579 beneflcio
1006 526 1145 593 ereptum.
1167 524 1233 577 Erat
1259 521 1294 590 is,
1310 526 1342 578 ul

751 594 859 663 dicunt,
875 592 1011 665 principis
1028 592 1171 649 latronum
1189 593 1275 661 filius,
1292 592 1340 664 qui

750 665 1040 739 praedapotitus,cum
1049 663 1341 720 Parvuluminllatris

750 737 858 810 grevmo
877 735 1043 809 aspexisset,
1057 741 1135 792 tanta
1152 735 1181 790 in
1197 752 1259 807 ejus
1274 751 1339 806 spe-

750 807 907 865 ciosissimo
927 807 1006 864 vultu
1023 807 1184 878 splendoris
1204 809 1338 879 majestas

750 879 890 952 apparuit,
901 883 932 935 ut
944 894 1009 935 eum
1023 895 1108 949 supra
1122 877 1266 934 hominem
1280 893 1338 934 non

749 949 1216 1022 esseambigens,incalescensque
1227 964 1337 1017 amore,

749 1022 924 1095 amplexatus
944 1026 987 1077 est
1010 1037 1085 1077 eum.
1107 1022 1165 1076 Et:
1185 1020 1217 1088 0,
1233 1019 1336 1147 inquit,

748 1093 912 1150 beatIssime
936 1093 1129 1163 parvulorum,
1157 1091 1179 1146 si
1203 1091 1258 1147 alin
1307 1105 1338 1146 se

748 1169 860 1236 tempus
879 1163 1013 1221 obtulerit
1040 1179 1151 1218 rursum
1172 1161 1335 1229 miserendi,

748 1239 815 1292 tunc
826 1240 967 1291 memento
979 1233 1046 1301 mei,
1059 1239 1088 1289 et
1100 1234 1185 1303 hujus
1200 1230 1336 1304 temporis

748 1305 806 1362 noli
823 1304 966 1362 obliviscit
986 1307 1091 1360 Ferunt
1106 1304 1181 1359 hunc
1196 1302 1336 1360 latronem

748 1377 845 1445 luisse,
857 1375 904 1503 qui
916 1375 951 1431 ad
964 1376 1108 1431 dexteram
1123 1373 1234 1429 Domini
1248 1373 1337 1429 cruci-

748 1448 832 1516 fixus,
845 1453 965 1504 aterum
982 1446 1227 1517 blasphemantem
1246 1444 1335 1500 corri-

747 1519 817 1591 puit,
837 1518 936 1575 dicens
953 1535 960 1573 :
977 1521 1070 1587 Neque
1091 1521 1122 1571 tu
1144 1519 1222 1571 times
1239 1519 1334 1581 neom,

747 1592 821 1662 qaod
839 1593 869 1646 in
884 1589 977 1645 endem
991 1589 1168 1644 damnatione
1182 1603 1220 1641 es.
1236 1590 1272 1642 Et
1286 1603 1335 1642 nos

747 1663 858 1732 quidem
881 1663 977 1730 iuste5
1009 1662 1052 1714 hic
1078 1674 1140 1714 vero
1169 1660 1241 1713 nihil
1267 1659 1336 1713 meti

746 1738 840 1802 gessit.
857 1734 1014 1790 Conversus
1033 1747 1100 1786 vero
1120 1729 1155 1785 ad
1173 1728 1334 1797 Dominum,

747 1821 812 1860 eum
822 1804 849 1859 in
864 1804 923 1871 illa,
936 1818 998 1875 quae
1012 1801 1041 1858 in
1058 1801 1179 1857 Parvnlo
1192 1799 1334 1871 apparuit,

747 1874 860 1932 intuens
876 1875 1035 1946 majestate,
1051 1872 1125 1945 pacti
1143 1871 1186 1927 sui
1202 1887 1261 1926 non
1277 1869 1334 1926 im-

746 1962 856 2003 memor
872 1964 879 2001 :
898 1950 1040 2008 Memento,
1062 1942 1165 2015 inquit,
1187 1945 1250 2006 mei,
1269 1942 1334 1998 dam

745 2021 851 2073 veneis
874 2020 904 2072 in
927 2033 1041 2085 reqnum
1064 2022 1150 2071 tuum.
1174 2017 1271 2084 ltaque
1297 2013 1334 2068 ad

745 2087 919 2146 incentivum
943 2089 1059 2155 amoris,
1075 2088 1127 2143 hac
1153 2101 1209 2142 non
1234 2083 1334 2140 inutile

745 2160 869 2218 arbitror
883 2159 922 2216 uti
939 2159 1082 2231 opinione,
1100 2163 1210 2214 remota
1229 2153 1333 2210 nihilo·

746 2232 840 2288 minus
855 2229 932 2287 omni
949 2229 1110 2287 affirmandi
1125 2226 1285 2284 temeritate
1299 2242 1331 2282 :u

745 2304 806 2359 haec
823 2304 976 2358 Anselmue.

781 2397 797 2447 9
813 2377 852 2429 Da
865 2380 934 2428 'risen
952 2388 1094 2427 ruanonuu
1111 2372 1332 2425 Bnrnnsnnnrrn·

746 2462 810 2501 aun.
833 2476 868 2485 —
884 2444 1010 2499 llerodes
1032 2447 1137 2506 autem,
1159 2455 1222 2494 cum
1247 2437 1332 2507 blagi,

746 2532 818 2586 quos
844 2515 1003 2570 aestimabat
1028 2528 1080 2582 per
1106 2513 1235 2565 eamdem
1259 2508 1333 2563 viam

745 2601 938 2656 regressuros,
951 2585 987 2639 ad
1002 2597 1067 2639 eum
1086 2597 1142 2636 non
1159 2585 1334 2634 reverteren-

746 2662 802 2724 tur,
813 2662 840 2712 et
855 2655 924 2710 nihil
938 2654 991 2711 sibi
1005 2651 1212 2715 renuntiarent,
1224 2648 1334 2720 putavit

746 2745 795 2784 eos
815 2726 923 2782 visione
946 2727 1035 2782 stellae
1059 2725 1203 2794 deceptos,
1218 2727 1246 2776 et
1268 2737 1333 2779 eru·

746 2799 840 2855 bnisse
853 2799 964 2859 adeum
980 2796 1084 2864 redire,
1094 2800 1122 2851 et
1135 2794 1199 2850 ideo
1213 2791 1334 2848 cessavit

746 2887 763 2927 a
778 2870 861 2927 Pueri
877 2868 1060 2952 inquisitione
1071 2885 1077 2935 ;
1090 2867 1133 2923 vel
1149 2871 1189 2922 tot
1206 2872 1233 2920 et
1248 2863 1333 2920 tantis

746 2942 977 3015 occupationibus
1003 2939 1080 3012 regia
1100 2954 1168 2995 cura
1188 2936 1332 2992 distende·

745 3015 840 3083 batur,
854 3020 883 3070 ut
899 3031 915 3070 a
931 3013 1013 3070 Pueri
1029 3010 1211 3082 inquisitione
1226 3013 1334 3064 averte·

746 3090 824 3142 retur
839 3087 883 3141 vel
898 3084 1092 3167 impediretur.
1110 3081 1165 3138 Sed
1180 3095 1243 3135 cum
1259 3082 1334 3149 post·

747 3157 862 3213 modum
879 3158 990 3212 audiret
1010 3170 1072 3224 quae
1088 3153 1115 3207 in
1133 3152 1237 3220 templo
1254 3154 1334 3219 gesta

746 3235 851 3295 essent,
873 3227 940 3297 quid
962 3226 1075 3282 Simeon
1095 3221 1206 3285 alluerit,
1222 3227 1250 3274 et
1267 3219 1334 3289 quid

746 3302 828 3354 llnna
839 3295 1060 3369 prophetaverit,
1073 3299 1149 3356 tunc,
1162 3292 1237 3369 lama
1249 3289 1334 3369 Pueri

747 3369 805 3425 nati
821 3372 976 3433 crescente,
989 3366 1118 3420 turbatus
1130 3377 1162 3416 ex
1176 3362 1231 3425 ins,
1244 3375 1334 3429 magns

746 3439 848 3495 timuit.
877 3441 951 3493 Tunc
979 3435 1066 3505 igitur
1093 3432 1212 3487 llerodes
1238 3431 1334 3485 videns

746 3512 876 3580 quoniam
904 3510 1003 3563 illusus
1032 3511 1100 3560 esset
1123 3521 1140 3559 o
1162 3505 1269 3571 blopis,
1298 3502 1334 3558 ad

746 3580 838 3652 ipsum
865 3595 922 3635 non
952 3576 1152 3644 redeuntibuS,
1178 3578 1268 3630 iratas
1295 3578 1335 3629 est

745 3653 826 3707 ualde
839 3670 847 3705 ε
862 3659 920 3707 tum
936 3654 1052 3722 propter
1071 3648 1113 3704 sui
1130 3650 1334 3716 contemptum,

746 3729 805 3780 turn
824 3728 941 3794 propter
966 3721 1097 3777 timorem
1119 3715 1269 3774 amittendi
1291 3732 1335 3772 re-

745 3811 832 3921 gnum
841 3812 849 3862 3
858 3793 922 3850 ideo
933 3793 968 3849 de
981 3797 1072 3849 morte
1085 3805 1237 3862 puerorum
1254 3788 1337 3868 Beth-

756 3865 945 3922 ehemitarum
970 3862 1111 3930 tractavit,
1134 3867 1165 3918 ut
1190 3876 1255 3916 cum
1279 3858 1336 3914 illis

746 3937 923 3994 occideretur
946 3935 994 3992 ille
1022 3934 1068 4006 qui
1095 3932 1256 4003 incognitus
1281 3928 1335 3986 sibi

747 3999 1335 4078 luit.Putabatenimquodsiomnespueri

747 4079 955 4147 occiderentur,
971 4095 1055 4143 unus,
1073 4091 1156 4147 quem
1179 4073 1335 4144 quaeiehat,

101 4148 288 4222 apprehensa
313 4151 366 4216 est,
386 4163 449 4204 cum
469 4162 557 4220 puero
576 4150 654 4216 Jesu,
677 4165 694 4204 a
748 4150 869 4207 evadere
892 4166 950 4206 non
970 4153 1081 4222 posset;
1103 4163 1159 4202 non
1180 4144 1336 4207 aestimans,

101 4219 274 4278 latronibus.
285 4217 408 4291 Opinare
421 4235 519 4275 verum
531 4235 605 4288 esse,
616 4220 693 4291 quod
748 4220 857 4290 infelix,
869 4220 1001 4293 quianon
1013 4218 1217 4277 cstconcib'um,
1231 4230 1284 4268 non
1298 4218 1337 4266 est

99 4290 215 4362 dicitur,
226 4305 292 4348 eum
301 4305 365 4348 esse
372 4306 390 4347 a
398 4290 556 4349 latronibus
566 4306 694 4364 compre-

749 4295 971 4365 sapientiarum
998 4295 1038 4346 est
1066 4287 1215 4359 prudentia
1243 4289 1338 4339 contra
