2790 4912
92 244 140 298 222

95 365 238 409 conversa
250 351 295 406 est
308 346 339 404 in
353 346 451 403 vinum
459 345 557 402 divina
566 345 679 403 virtute.

94 423 158 481 lion
176 419 279 478 dicitur
290 418 335 476 hic
347 417 423 489 quod
433 416 530 488 aliqua
544 417 631 475 rerba
644 416 681 474 ad

94 493 150 551 hoc
174 491 284 559 dixerit,
302 489 375 546 sicut
396 487 426 545 in
444 487 681 545 transsubstanti-

94 564 192 623 atione
211 562 293 636 panis
307 566 336 618 et
356 559 415 617 vini
430 559 459 616 in
473 561 581 632 Corpus
598 575 681 616 suum

94 641 124 694 et
136 634 308 716 Sanguinem
316 650 324 702 ;
335 631 386 688 sed
395 630 508 688 occulta
522 630 626 712 virtute
640 632 682 687 di-

92 706 219 764 vinitatis
239 706 293 760 hoc
310 707 443 774 operatus
458 707 510 758 est.
529 703 595 759 Sine
612 717 680 773 ergo

92 776 170 836 omni
190 776 288 844 verbo,
311 774 374 831 sola
394 773 508 831 Domini
522 773 679 841 voluntate,

92 848 122 906 in
149 847 289 920 optimum
316 845 412 902 vinum
439 860 514 916 aqua
541 860 680 901 conversa

90 924 151 988 est;
181 934 244 976 cum
274 923 370 974 tamen
396 915 453 974 alia
479 914 630 984 miracula,
651 922 681 973 et

90 991 190 1058 verbo,
207 995 236 1047 et
249 994 325 1045 tactu
340 1003 489 1061 corporeo,
503 992 533 1045 et
548 987 681 1061 aliquan-

90 1059 128 1121 do
143 1063 212 1118 lietu
227 1059 388 1133 perfecerit.

16 1186 25 1193 .
126 1137 144 1190 6
158 1134 248 1189 Visun
267 1147 432 1188 maecumsn
447 1147 605 1188 rnonucrmi
619 1148 684 1187 ran-

90 1219 144 1261 cun
161 1218 374 1261 menrrnrcnmo.
399 1232 434 1245 ·-
450 1205 486 1258 Et
500 1203 569 1258 dicit
586 1205 625 1258 eis
638 1205 683 1259 Jc·

89 1290 158 1333 sua:
173 1278 289 1332 Haterite
298 1291 380 1339 nuuc,
388 1278 415 1330 et
428 1275 500 1342 terte
513 1275 683 1330 architricli-

90 1362 136 1403 no.
157 1349 189 1403 ln
214 1348 267 1402 hoc
287 1346 343 1402 dno
366 1350 502 1402 notantur
519 1363 527 1402 :
547 1345 681 1417 primum,

90 1417 224 1475 discretio
249 1416 372 1484 Domini,
397 1416 463 1489 quia
489 1416 582 1488 primo
606 1417 683 1473 misit

90 1489 184 1561 magis
215 1488 388 1557 honorabili,
416 1504 470 1546 nec
497 1487 527 1544 in
551 1487 606 1544 hoc
630 1488 682 1545 luit

90 1576 280 1632 personarum
293 1565 425 1632 acceptor
440 1559 518 1631 quia,
527 1560 681 1617 secundnm

88 1632 287 1700 Aesquilinum,
319 1647 376 1688 non
397 1646 462 1688 cum
489 1631 620 1688 homines
641 1630 682 1687 di-

89 1716 173 1760 verso
195 1702 280 1759 modo
299 1718 350 1775 pce
366 1701 424 1759 suis
440 1702 576 1774 gradibus
591 1703 680 1759 hono-

89 1789 199 1842 ramus,
214 1779 281 1831 tunc
297 1773 453 1832 timendum
466 1779 520 1842 est,
532 1790 567 1830 ne
585 1790 682 1901 Kerso-

88 1859 142 1901 nas
156 1845 338 1916 accipiamus.
356 1876 388 1886 --
398 1845 571 1913 Secundum,
609 1844 679 1901 umi-

87 1914 154 1972 litas
168 1916 296 1981 Domini;
307 1914 373 1997 qnia
383 1921 460 2041 patet
473 1917 550 1986 quod
564 1916 681 1972 sedebat

88 1985 174 2056 longe
189 1988 224 2042 ab
248 1986 381 2042 architem
393 1986 452 2055 ino,
469 2002 534 2042 curn
550 1987 678 2042 diceret:

88 2057 170 2113 Ferte
185 2055 237 2122 illi,
250 2055 330 2126 quasi
343 2057 380 2112 ab
395 2072 429 2112 co
443 2062 564 2124 remoto,
576 2062 604 2113 et
616 2073 680 2113 cum

88 2125 136 2183 ille
149 2126 262 2182 sederet
280 2126 309 2182 in
327 2125 417 2197 magis
432 2127 590 2184 honorabili
606 2128 679 2198 loco,

88 2195 233 2326 colliffiitur
247 2197 322 2269 quod
339 2197 476 2255 Dominus
485 2198 587 2255 ueiens
602 2200 681 2256 sede·

89 2283 122 2326 re
148 2271 155 2324 i
178 2268 197 2337 i,
214 2285 267 2326 nec
289 2270 369 2341 iuxta
383 2285 458 2338 eum,
472 2270 555 2341 elegit
573 2269 612 2328 ibi
627 2272 680 2328 hu·

90 2340 231 2398 miliorum
247 2341 348 2399 locum.
365 2341 529 2399 Triclinium
546 2348 589 2399 eat
602 2343 680 2399 locus

89 2411 139 2470 ubi
153 2417 219 2469 sunt
234 2418 292 2470 tres
313 2413 428 2471 ordines
442 2430 617 2481 mensarum,
635 2431 679 2471 se·

88 2487 214 2543 cundum
229 2485 336 2556 gradus
351 2485 513 2558 superiores
524 2491 553 2542 et
568 2486 680 2542 interio-

88 2569 135 2612 res
149 2556 344 2614 ordinatarum
363 2575 370 2614 :
389 2557 461 2614 sicut
479 2557 551 2615 solet
566 2562 635 2614 esse'
649 2556 678 2613 in

87 2627 246 2684 refectoriis
275 2628 484 2700 religiosorum.
512 2631 560 2686 Et.
576 2627 680 2684 dicitur

87 2697 241 2755 triclinium
257 2715 274 2755 a
294 2700 398 2771 tripiici
416 2700 516 2757 ordine
530 2700 677 2767 lectorum,

85 2783 172 2839 super
186 2784 257 2839 quos
270 2770 408 2839 sedendo,
421 2772 619 2828 recumbentes
634 2787 679 2827 co·

85 2846 248 2902 madebant.
267 2845 433 2904 hilmenim
453 2850 560 2917 Graece,
581 2852 678 2905 lectum

83 2916 182 2973 Latine
202 2916 353 2985 significat.
375 2920 445 2974 Nam
465 2918 632 2990 antiquitus,
648 2920 685 2975 in.

85 2984 166 3042 lectis
181 2987 314 3043 sedentes
328 2992 356 3044 et
370 2989 569 3045 accumbentes
583 3005 676 3045 come-

83 3055 153 3138 dere
171 3057 310 3125 solebant,
322 3064 353 3114 ut
367 3074 400 3114 ex
420 3058 518 3115 labore
532 3060 676 3131 fatigatio·

83 3142 140 3198 ms,
173 3127 289 3185 interim
320 3129 388 3186 dnm
428 3129 508 3187 cibus
544 3130 675 3197 sumitur,

83 3200 214 3258 membra
228 3201 421 3274 quiescerent;
437 3200 543 3259 ntideo
559 3201 589 3257 in
607 3202 679 3259 Seri·

82 3272 176 3346 pturis
185 3272 317 3331 dicuntur
330 3273 512 3331 comedentes
528 3275 676 3330 accumbe·

82 3360 125 3415 rc,
146 3345 189 3401 vel
211 3347 389 3415 recumbere,
411 3362 461 3402 seu
484 3345 675 3414 discumbere,

80 3419 159 3545 gued
188 3423 231 3475 est
259 3417 340 3490 quasi
368 3417 491 3489 Jacendu
511 3418 673 3474 comedere.

105 3488 296 3545 rchitriclinns
317 3493 414 3546 autem
431 3493 475 3545 est
490 3488 621 3561 princeps
647 3495 675 3545 et

79 3557 188 3629 primas
215 3558 340 3630 triclinii,
369 3559 398 3616 id
427 3564 471 3617 est
496 3559 673 3632 principalis,

80 3630 111 3684 et
139 3627 247 3710 primus
266 3629 340 3687 inter
355 3630 538 3689 convivantes
563 3631 594 3688 in
622 3631 672 3687 tri·

81 3696 185 3754 clinno.
212 3700 247 3754 Et
274 3701 423 3772 probabile
451 3702 598 3773 estquod
628 3704 671 3760 iu·

81 3767 136 3826 erit
153 3769 256 3840 aliquis
277 3772 410 3831 sacerdos
424 3771 500 3830 illius
521 3779 578 3829 tem
600 3773 671 3843 oris,

80 3838 130 3969 gui
157 3841 264 3911 nuptiis
285 3843 433 3913 intererat,
449 3845 487 3901 ad
500 3789 671 3926 beneiicen·

100 3926 158 3975 um,
174 3916 203 3968 et
216 3912 253 3968 ad
268 3915 474 3973 ostendendum
490 3916 612 3989 qualiter
624 3916 673 3973 de·

79 3980 166 4040 beant
188 3985 355 4056 procedere,
381 3988 536 4045 secundnm
565 3988 670 4059 Legem

79 4057 109 4111 et
122 4058 229 4112 statuta
247 4055 402 4114 seniorum.
418 4058 512 4116 Voluit
526 4075 594 4131 ergo
614 4061 669 4117 Do·

78 4123 171 4209 minus
184 4132 291 4208 noster,
307 4130 383 4200 qnod
396 4128 582 4257 principalior
595 4130 671 4188 inter

77 4210 222 4270 convivas,
234 4213 327 4272 primo
342 4199 378 4259 de
393 4214 460 4258 rme
472 4200 492 4258 11
504 4206 668 4275 ugustaret,

462 240 572 296 rnrun
599 242 720 298 rearis
747 224 853 295 cirnr
879 238 953 293 xxv

738 348 769 403 ut
782 342 962 417 praesidentis
974 341 1118 402 sententia
1129 344 1303 417 acceptabitur

737 420 824 484 esset,
845 419 875 473 et
901 430 934 472 ex
966 413 1057 487 ipsius
1080 416 1300 480 commendatione

737 486 1005 544 miraculumnotius
1018 487 1162 544 fleret.Sie
1174 486 1299 551 etiamne

737 559 875 616 debemus
894 562 992 615 nostra
1007 557 1194 616 examinatori
1208 560 1298 632 praba

737 630 852 699 offerre,
866 629 904 687 ad
925 631 1108 702 probandum
1121 646 1167 687 ea„

737 704 1299 842 sllblldillddllifmid

830 815 838 830 .
1192 791 1206 829 c
1290 824 1293 829 ,

736 861 789 901 nus
803 861 906 915 equum
917 847 1135 913 utnumsuctum,
1151 843 1182 900 id
1196 850 1243 912 est,
1252 861 1297 905 nu·

737 921 827 973 tatam
847 915 878 972 in
898 914 1005 985 vinum,
1020 922 1047 972 et
1067 932 1123 972 non
1140 917 1298 975 embolim

737 993 817 1052 esset,
840 986 948 1044 scilicet
972 1002 1025 1059 per
1053 985 1158 1043 Christi
1182 986 1296 1059 vinoun,

738 1065 818 1115 ooeat
836 1074 976 1131 sponsum,
992 1056 1074 1129 qnasi
1093 1058 1131 1115 ad
1150 1058 1297 1129 arguendam

739 1129 843 1203 ipsum,
853 1135 879 1188 et
889 1131 959 1187 dicit
972 1132 998 1185 ei
1012 1130 1222 1193 conmutatum,
1236 1128 1296 1188 ratio

740 1202 813 1260 natis
836 1207 864 1261 et
886 1200 1042 1275 prudenter
1064 1217 1165 1273 agens,
1190 1204 1295 1274 prinus,

739 1274 768 1331 id
783 1279 827 1331 ast
839 1273 869 1330 in
881 1272 1118 1346 pincipio,benum
1131 1277 1224 1329 uinum
1234 1274 1296 1344 pest,

739 1344 967 1413 convivantibus3
990 1343 1058 1427 quia
1076 1350 1143 1401 tunc
1166 1346 1299 1424 sensused

739 1417 860 1474 rivaret
874 1420 967 1489 potest
977 1416 1140 1472 discernere
1153 1415 1298 1472 vinibonte
1347 1420 1354 1453 -'

738 1493 807 1557 tem,
825 1493 854 1545 et
878 1493 1043 1560 acceptare3
1070 1492 1172 1543 etcum
1196 1486 1299 1542 inebriati
1347 1504 1354 1537 η·

737 1563 854 1629 sumam,
879 1565 952 1622 tunc,
968 1552 1099 1645 apponit,
1110 1559 1143 1614 id
1162 1559 1234 1629 quod
1247 1557 1299 1639 dete
1351 1594 1354 1619 ,

737 1634 859 1699 riusest,
876 1630 1017 1687 sciliceta
1057 1646 1147 1697 osius,
1162 1634 1191 1687 et
1208 1627 1300 1686 debbn
1342 1628 1354 1707 *r

737 1703 775 1760 ad
794 1702 1029 1774 mitigationeme
1049 1701 1171 1770 rietatis,
1179 1701 1243 1773 quia
1252 1704 1301 1756 tunc
1352 1722 1354 1729 ·

737 1791 795 1831 non
805 1773 846 1830 sic
858 1773 952 1830 sciunt
961 1773 1126 1831 discernere
1136 1773 1211 1833 inter
1221 1773 1302 1829 benun

737 1853 766 1903 ct
774 1844 908 1903 deterius.
926 1847 967 1901 Tu
982 1849 1084 1909 auten,
1099 1850 1201 1901 contra
1214 1855 1304 1901 constet

736 1916 865 1974 tudinem
876 1915 1216 1984 laciens‚servestietnum
1229 1916 1304 1970 mm

735 2005 823 2060 usque
847 1989 947 2056 adhue,
974 1987 1015 2045 ita
1038 1987 1116 2059 quod
1134 1986 1305 2067 modo‘sapor

736 2061 798 2132 ejus
813 2058 934 2116 discerni
951 2075 1009 2116 non
1023 2063 1127 2132 potest.
1154 2059 1240 2139 Quasi
1253 2057 1307 2113 dice

736 2138 790 2196 ret,
817 2130 962 2202 arguendo
980 2146 1046 2187 eum
1072 2147 1080 2186 t
1108 2131 1270 2186 lnordinate
1288 2127 1308 2182 et

736 2202 933 2274 imprudenter
949 2201 1039 2258 iecisti
1066 2199 1253 2282 contrarium.
1269 2200 1310 2255 lstt

736 2279 842 2343 tamen,
864 2278 896 2331 ut
910 2272 1076 2345 praedictum
1093 2277 1148 2340 est,
1162 2275 1312 2344 ignoranter

735 2346 914 2417 loquebatur.
932 2343 1053 2401 ldinistri
1075 2358 1157 2413 ergo,
1172 2341 1222 2413 qui
1242 2340 1312 2399 dede

735 2423 800 2474 rant
813 2417 909 2474 vinum
922 2416 963 2472 illi
978 2421 1006 2472 et
1015 2414 1089 2482 aliis,
1108 2413 1315 2495 divulgaverunt

736 2488 914 2557 miraculum,
933 2487 1002 2558 quia
1027 2487 1081 2558 ipsi
1098 2486 1232 2542 sciebant
1291 2498 1315 2563 o·

735 2560 819 2615 modo
850 2560 941 2616 iuerat
969 2559 1083 2615 lactum.
1110 2558 1251 2614 Commen
1271 2557 1317 2612 aut

734 2630 944 2687 architriclinus
957 2628 1014 2686 vini
1029 2628 1199 2695 bonitatem,
1218 2630 1316 2708 etpost

734 2701 763 2757 in
783 2701 925 2758 communi
945 2701 1219 2757 commendaverunt
1239 2713 1317 2754 mira·

734 2772 787 2829 cuti
802 2773 967 2830 novitatem.
981 2774 1042 2830 Non
1053 2772 1173 2828 dubium
1181 2769 1252 2842 quin
1267 2784 1318 2826 me·

734 2845 788 2900 lior
814 2848 875 2900 erat
901 2843 1002 2900 mutati
1025 2842 1080 2899 vini
1101 2846 1218 2910 natura,
1242 2854 1319 2922 quan

733 2914 802 2972 nati.
820 2916 898 2972 Unde
912 2915 953 2971 ait
968 2915 1198 2985 chrysostomus:
1218 2934 1235 2964 a
1253 2914 1320 2970 Facti

733 3003 836 3057 aquam
852 2987 882 3042 in
896 2985 1006 3054 rinum;
1023 3002 1081 3042 non
1096 2984 1269 3056 simpliciter
1280 2999 1322 3065 au·

733 3063 790 3113 teni
810 3058 859 3114 sed
875 3057 972 3114 sinum
991 3057 1138 3129 optimum.
1156 3056 1238 3112 Talia
1252 3067 1321 3112 emm

733 3129 836 3186 Christi
851 3128 990 3185 miracula
1003 3128 1092 3185 multe
1113 3127 1158 3183 his
1185 3143 1252 3198 quae
1275 3139 1321 3198 per

732 3216 848 3257 marcum
874 3199 1069 3271 perficiuntur,
1095 3198 1273 3271 speciosiora
1297 3202 1321 3253 et

731 3268 1321 3400 tit⁰stetthttt’ttltttettl‘³¹¹

798 3385 805 3410 l

731 3412 770 3469 ris
800 3358 973 3482 claudicans,
1002 3413 1080 3471 sanis
1107 3413 1259 3470 demonstr
1313 3413 1323 3465 t

731 3485 784 3542 hoc
800 3485 912 3542 melius.
928 3506 944 3537 o
959 3487 993 3541 Et
1004 3485 1107 3542 iterum
1129 3501 1136 3540 :
1154 3505 1170 3535 a
1185 3482 1325 3540 Generale

729 3561 774 3612 est
783 3556 812 3613 in
825 3557 957 3613 omnihus
965 3556 1069 3613 Christi
1084 3552 1324 3626 miraculis,quod

728 3644 842 3699 semper
853 3626 888 3684 ad
904 3627 1013 3699 aliquid
1025 3627 1128 3684 melius
1140 3625 1322 3692 terminatur,

723 3714 814 3769 'quam
839 3705 936 3770 posset
964 3698 1027 3756 fleri
1053 3715 1105 3771 per
1130 3703 1267 3755 naturam
1283 3714 1321 3755 :a

727 3771 790 3827 haec
804 3771 1021 3841 chrysostomus.
1130 3824 1134 3831 .

763 3847 779 3898 8
795 3844 897 3900 &onus
911 3859 993 3900 auses
1004 3858 1183 3899 mancum·
1198 3837 1320 3897 llocmi·

727 3913 867 3982 raculum,
881 3913 1002 3985 primoa
1016 3913 1127 3970 Christo
1145 3913 1252 3968 lactum
1267 3915 1320 3992 est,

726 3986 763 4041 ad
788 3984 1026 4042 manifestandam
1040 3984 1192 4041 ueritatem
1215 3982 1318 4039 dirim·

725 4055 793 4113 tatis
805 4056 834 4113 in
849 4072 883 4113 eo
900 4057 1081 4126 latentem,et
1093 4055 1130 4113 nd
1143 4054 1316 4112 confirman-

726 4128 792 4185 dam
816 4127 1020 4201 discipulorum
1043 4128 1141 4185 iidem.
1157 4128 1192 4183 Et
1206 4127 1262 4182 hoc
1273 4126 1315 4182 est

725 4199 802 4272 quod
820 4198 924 4258 dicitnr
938 4216 945 4255 :
959 4201 1016 4257 Hoc
1028 4201 1097 4268 tecit
1108 4201 1189 4257 iesus
1201 4197 1315 4255 mena
