2790 4912
177 305 344 362 stenelus
371 307 404 362 ln
431 308 541 365 nonve
568 309 819 366 convlnuavlo:
836 311 877 366 Μ
903 313 1002 368 onan.
1031 313 1109 369 uolt.
1220 313 1267 369 ³07

77 436 104 472 xo
115 416 232 473 Sarsina
244 432 360 471 venno.
376 446 412 456 -
425 417 493 472 Post
506 416 560 473 boc
577 434 620 475 se·

53 485 128 558 mitur
140 486 240 559 petitio
255 486 376 559 septima
390 491 418 543 et
437 486 553 543 ultima:
566 490 620 547 Sed

53 559 119 613 ,ileo
131 575 180 614 nos
197 560 313 626 emole,
332 557 439 614 scilicet
463 558 540 614 omni
556 562 619 617 :vel

53 634 129 685 ¹nuato
140 631 216 702 quod
229 629 436 697 contrahimus,
447 628 555 687 scilicet
566 631 620 687 ori·

53 700 133 770 ginali;
164 702 209 758 vel
230 701 341 772 adjecto
369 701 446 772 qued
467 702 618 758 committi-

53 786 106 839 mus,
116 772 222 829 seilieet
234 771 339 829 actuali
352 789 359 841 ;
371 772 414 828 τεΙ
424 771 532 828 indicto
543 774 618 845 quod

53 843 213 913 sustinemus,
243 843 351 899 seilicet
372 842 489 915 poenali,
517 843 546 899 id
575 852 618 901 cst

53 926 116 982 pena
126 915 320 986 consequenti.
336 915 398 983 Vel,
414 915 515 971 amalo
529 917 617 983 omni,

53 981 131 1041 visibili
150 994 177 1044 et
204 985 349 1054 invisibili,
371 986 458 1043 idest
477 988 566 1058 culpae
591 994 619 1044 ct

53 1069 137 1127 pene3
165 1059 220 1125 vel,
249 1074 266 1114 a
291 1058 366 1114 malo
391 1057 479 1125 omni,
512 1058 618 1115 scilicet

53 1131 181 1198 preterito,
197 1128 343 1202 praesenti,
357 1134 443 1200 atque
462 1129 567 1188 luluro.
586 1133 618 1186 Et

53 1202 183 1263 notandum
200 1201 278 1272 quod
293 1203 354 1257 baec
372 1200 471 1272 petitio
494 1216 551 1258 uon
575 1202 617 1257 in-

53 1270 162 1351 lelligitur
181 1273 217 1329 de
232 1273 307 1328 malo
329 1273 419 1354 culpae
437 1273 500 1399 garn
516 1289 616 1345 perpe·

53 1355 119 1420 tratas,
147 1344 216 1416 quia
245 1348 313 1400 tunc
343 1344 434 1400 cornei
458 1350 518 1399 oret
553 1361 616 1400 cum

53 1418 124 1483 imula
137 1415 293 1488 petitione;
311 1417 360 1471 sed
378 1414 467 1487 culpae
484 1415 616 1471 instantis

53 1486 183 1564 erpetrari
209 1485 361 1558 possibilis,
385 1503 403 1542 a
422 1503 479 1557 quo
495 1487 569 1543 malo
585 1487 616 1544 li·

53 1563 118 1619 erari
140 1575 193 1614 nos
210 1559 342 1630 petimus,
358 1573 392 1613 ne
408 1556 539 1614 videlicet
553 1575 616 1630 poc-

53 1647 130 1692 emus.
146 1632 227 1697 ltem,
242 1646 299 1686 non
312 1628 479 1700 intelligitur
492 1630 528 1685 de
540 1631 614 1686 male

53 1720 116 1762 oenae
138 1704 250 1768 luturae,
264 1699 334 1771 quia
353 1706 422 1756 tunc
440 1699 614 1757 coincideret

53 1792 86 1833 ee
99 1774 198 1849 petitio
213 1788 277 1828 cum
297 1771 435 1840 secunda,
451 1772 502 1828 scd
521 1789 612 1844 poenae

53 1845 173 1905 raesentis
183 1842 213 1899 in
226 1849 364 1915 quantum
375 1849 419 1899 est
432 1842 513 1899 nobis
528 1860 614 1901 causa

65 1917 176 1977 occasio
193 1915 294 1971 ruinae.
311 1915 406 1970 Potest
421 1913 507 1971 etiam
523 1916 611 1988 accipi

53 2007 59 2047 e
73 1991 148 2048 malo
162 2003 254 2059 poeuae
265 1987 377 2054 suturae,
392 1984 432 2041 ita
444 1987 521 2057 quod
537 1994 614 2058 peta-

53 2078 87 2119 us
100 2061 141 2118 sic
151 2075 203 2115 uos
219 2057 333 2114 libcrari
347 2057 449 2113 amalo
465 2058 610 2128 praesenti,

65 2149 125 2190 non
141 2132 320 2188 incurramus
335 2129 440 2185 malurn
460 2145 552 2200 poenae
572 2130 584 2184 l
603 2161 614 2171 -

53 2221 104 2261 ree.
121 2206 156 2260 Et
181 2201 216 2256 ab
231 2199 362 2257 omnibus
384 2200 529 2272 praedictis
543 2200 612 2272 peti-

53 2291 85 2333 us
106 2272 233 2339 liberari,
259 2277 386 2338 orantes,
406 2277 434 2327 et
460 2271 612 2353 loquentes

101 2360 191 2402 rsoua
208 2342 351 2399 Ecclesiae.
373 2342 429 2399 Sed
453 2358 503 2414 qux
520 2342 611 2400 vulta

53 2417 103 2475 ais
116 2416 244 2485 liberari,
266 2414 378 2470 studeat
392 2413 474 2470 malis
489 2414 609 2486 proximi

53 2487 153 2561 mpati,
167 2487 233 2559 quia
248 2485 296 2557 qui
317 2485 376 2541 vult
391 2484 544 2555 impetrare
561 2486 611 2541 mi-

53 2559 243 2617 ricordiama
268 2559 337 2625 Deo,
363 2572 480 2614 necessa
509 2563 552 2614 est
578 2561 610 2614 ut

53 2630 154 2688 bibeat
172 2644 234 2686 eam
254 2628 393 2700 proximo.

53 2702 609 2760 eroscnusxoonxrxoxxsDonmxcxrea

53 2791 125 2832 ρεστ
135 2775 232 2830 Amen.
246 2804 277 2813 -
288 2771 395 2829 Deinde
406 2772 535 2844 sequitur
545 2787 610 2827 con-

52 2844 106 2903 vsio
119 2844 206 2901 totius
217 2842 356 2900 orationis
366 2844 531 2915 praemissae,
545 2857 608 2898 cum

53 2917 147 2975 :iturt
170 2917 270 2983 Amen,
298 2915 328 2971 id
353 2920 395 2971 ost
418 2915 489 2971 ssant
511 2912 609 2970 omnia

53 2987 164 3046 aedicto.
173 2988 233 3053 Quo
244 2987 329 3043 verbo
341 2986 514 3042 desidorium
525 3000 609 3041 oran-

75 3057 254 3131 exprimitur,
275 3057 343 3128 quia
363 3063 406 3114 ost
425 3058 542 3113 verbum
558 3073 608 3129 op-

53 3130 136 3188 ‚ivum
172 3134 300 3201 respectu
328 3130 468 3185 bonorum
504 3144 610 3210 praece·

52 3201 158 3271 ntium,
184 3207 211 3257 et
231 3199 338 3273 optatio
352 3199 526 3271 impletiouvs
550 3215 608 3255 em-

53 3288 97 3330 im
120 3271 284 3345 petitorum.
305 3273 364 3328 Hoc
378 3272 496 3327 verbum
521 3273 608 3327 Amen

53 3343 168 3402 dituma
178 3348 299 3412 loanne,
312 3341 378 3415 quia
390 3342 609 3424 Angelicumest

53 3419 90 3473 :ut
116 3420 145 3472 et
168 3417 304 3485 Alleluia,
322 3415 401 3471 nulla
426 3413 608 3542 liugnapra-

53 3502 77 3543 m
100 3485 539 3544 sittransierre.llecautemvcr
560 3500 608 3541 um

53 3575 57 3614 ι
95 3556 607 3638 ebreumetnecGraecusinterpres

53 3644 102 3686 sus
120 3636 166 3685 est
188 3627 381 3701 interpretari.
402 3644 454 3684 nee
475 3629 605 3696 Latinus,

53 3705 132 3773 >pter
154 3701 344 3758 reverentiam
370 3699 535 3769 salvatoris,
557 3699 605 3770 qui

62 3771 292 3828 confirmandam
309 3772 458 3829 veritatem
475 3786 552 3852 saepe
568 3786 603 3827 eo

53 3858 148 3900 usus.
170 3842 215 3900 Sic
229 3843 334 3900 mansit
350 3848 377 3899 et
394 3848 503 3898 nonest
517 3846 604 3898 mter·

53 3918 167 3983 etatum,
188 3918 220 3970 ut
240 3916 379 3971 bonorem
394 3914 514 3969 haberet
527 3913 604 3969 vela-

53 3989 108 4042 rnto
122 3984 241 4054 secreti;
258 4001 314 4041 nou
325 3989 357 4042 ut
371 3990 446 4041 esset
458 3991 604 4055 negatum,

53 4055 121 4112 lue
149 4056 297 4113 vilesceret
321 4057 471 4120 nudatum,
487 4055 606 4111 Ponitur

53 4131 109 4184 lem
127 4129 298 4200 quaudoque
320 4127 514 4196 nominaliter,
530 4126 605 4183 utin

53 4198 190 4328 ocalpgsi,
218 4199 267 4257 ubi
295 4198 413 4255 dieitur:
444 4201 507 4255 llaec
537 4199 606 4254 dicit

53 4287 130 4340 περ
161 4276 204 4330 est
217 4274 343 4342 Veritas5
363 4270 606 4343 quandoquever-

677 418 790 488 naliter,
816 424 848 475 ut
874 418 1042 503 ubicumque
1069 419 1266 480 iuPsalmista

677 490 800 547 dicitur:
826 493 890 546 Fiet
912 494 973 562 plat,
998 491 1073 548 idom
1098 496 1142 549 est
1169 493 1263 564 qued:

677 563 765 618 Amen
779 565 906 630 deremet
917 562 957 619 sic
963 562 1078 634 ponitur
1090 563 1119 620 in
1130 564 1187 620 tiae
1202 580 1266 623 ora·

677 633 797 700 tionum,
808 638 838 689 ut
856 633 912 702 hic;
927 634 1096 706 quandoque
1110 640 1205 692 autom
1217 636 1268 693 ad·

677 705 850 774 verbialiter,
865 710 896 761 ut
915 705 944 761 in
966 705 1116 777 Evangelio
1139 706 1265 765 ubicum-

676 791 731 847 que
747 776 869 832 dicitur:
885 778 983 835 Amen.
998 778 1060 833 dieo
1072 779 1159 847 vobis,
1176 778 1265 836 idest

675 863 741 903 vere
763 852 790 903 et
812 846 944 904 fideliter.
974 849 1064 905 Habet
1084 855 1181 906 autern
1203 850 1266 908 haee

674 917 760 974 dictio
772 921 873 986 Amen,
893 918 986 990 posita
1000 919 1029 975 in
1043 921 1109 990 llne,
1125 920 1265 994 triplicem

675 989 831 1046 elllcaciam
844 992 1022 1046 etvirtutem.
1034 993 1105 1048 Nam
1120 992 1265 1051 concludit

675 1060 844 1130 orationem,
865 1060 942 1132 quia,
959 1063 1114 1119 secuudum
1129 1067 1265 1135 Hierony·

674 1149 758 1201 mum,
787 1139 830 1189 est
854 1131 991 1189 orationis
1015 1133 1204 1216 signaculum,
1234 1138 1264 1192 ut

675 1202 748 1259 sicut
759 1220 810 1275 ρετ
825 1203 1100 1275 sigillumclaudxtur
1110 1206 1262 1332 scriRtura,

673 1273 714 1330 sic
731 1290 782 1346 per
792 1291 875 1331 amen
890 1274 1032 1331 clauditur
1046 1275 1147 1332 oratio.
1188 1279 1264 1333 ecol-

673 1344 735 1415 ligit
749 1345 835 1402 etiarn
850 1345 1047 1414 intentionem,
1064 1362 1131 1402 narn
1146 1348 1261 1430 quando

673 1416 777 1472 dicitur
788 1433 884 1485 amen,
897 1417 1017 1473 intentio
1031 1422 1194 1474 summatim
1208 1418 1263 1476 ler-

672 1491 719 1543 tur
741 1503 826 1560 super
849 1487 945 1545 omnia
961 1489 1169 1559 praecedentia;
1187 1493 1216 1546 et
1238 1488 1262 1547 si

671 1558 778 1630 aliquid
793 1576 825 1616 ex
832 1559 984 1631 fragilitate
999 1561 1123 1617 humana
1136 1577 1188 1633 per
1201 1559 1262 1617 dis·

670 1630 839 1687 tractionem
867 1631 968 1687 mentis
991 1630 1022 1687 in
1046 1631 1174 1689 oratioue
1196 1633 1262 1689 abs-

671 1716 726 1772 que
751 1702 852 1759 actuali
876 1702 1035 1759 intentione
1058 1703 1262 1774 pertransitum

670 1772 764 1840 luerit,
782 1774 818 1830 ad
838 1773 867 1829 id
887 1773 1008 1829 intentio
1030 1774 1104 1830 redit
1118 1774 1258 1831 dicendo:

670 1846 769 1901 Amen.
795 1847 930 1917 lmpctrat
944 1844 1128 1902 nibilominus
1143 1845 1261 1902 exaudi·

670 1915 789 1985 tionem,
805 1921 848 1972 cst
871 1917 947 1972 enim
968 1932 1046 1972 emen
1071 1916 1260 1974 exauditionis

670 1993 737 2044 nota
745 1992 774 2044 et
782 1990 906 2057 signum.
924 1989 1002 2045 Unde
1018 1990 1164 2045 Dabanas:
1181 2010 1195 2040 «
1205 1989 1261 2045 Per

670 2058 722 2115 boc
746 2060 823 2142 quod
843 2059 980 2116 Dominus
1001 2059 1103 2117 dixerit
1123 2059 1261 2129 amerasi·

668 2135 737 2199 enat
751 2131 945 2188 indubitanter
958 2131 1043 2188 illisa
1059 2131 1179 2189 Domine
1194 2148 1260 2188 cou-

669 2196 735 2256 lerri
755 2202 931 2273 omniaque
956 2202 1010 2259 rite
1033 2203 1189 2274 postulant,
1210 2202 1259 2275 qui
1335 2255 1341 2269 ,

668 2272 837 2328 conditionis
865 2273 970 2329 additae
1003 2290 1117 2331 servare
1141 2279 1255 2346 pactum

668 2358 724 2398 non
745 2343 902 2414 negligunt,
919 2360 982 2414 quae
1001 2344 1115 2415 quidem
1131 2343 1255 2400 conditio

667 2420 710 2468 est
729 2413 873 2470 dimittere
892 2414 1069 2471 debitoribus
1088 2414 1205 2484 nostris,
1220 2415 1257 2471 de

668 2499 723 2554 qua
743 2485 849 2541 dictum
878 2489 940 2540 est:
957 2505 971 2534 n
999 2486 1059 2541 baec
1078 2485 1256 2543 lloboaaaO

666 2554 795 2624 Domine,
846 2571 926 2611 arum
961 2561 1004 2612 est
1035 2556 1111 2627 quod
1137 2555 1256 2613 dixerim

665 2641 749 2682 amen
764 2627 807 2682 vel
826 2571 876 2682 gat
898 2626 1032 2708 epta-ndo,
1050 2626 1103 2683 nisi
1127 2631 1160 2684 tu
1179 2627 1257 2687 diras

665 2713 749 2753 amen
765 2697 942 2771 imperando,
961 2698 990 2754 xd
1005 2702 1049 2754 ost
1068 2698 1174 2755 ssatlD
1195 2713 1256 2755 ma·

665 2768 800 2896 finiflcum
827 2774 856 2825 et
886 2768 1113 2826 efficacissimum
1138 2769 1256 2827 verbum

687 2845 725 2909 at,
740 2842 793 2897 boc
808 2840 883 2898 enim
894 2842 981 2898 verbe
994 2846 1034 2909 tu,
1047 2843 1130 2898 Pater
1145 2856 1257 2898 summe

665 2911 694 2968 in
711 2911 862 2985 principio,
877 2913 906 2969 id
921 2918 964 2969 est
983 2912 1014 2969 in
1028 2915 1121 2970 Verbo
1141 2917 1190 2970 tuo
1207 2929 1254 2970 co-

665 2989 772 3041 aeterno
787 2985 884 3042 omnia
898 2984 1011 3054 creasti,
1029 2985 1123 3042 dixisti
1138 2990 1166 3042 et
1178 2985 1254 3043 lacta

665 3060 748 3125 sunt;
764 3057 819 3113 hoc
840 3057 928 3122 etiam
946 3058 1032 3114 verbo
1051 3075 1105 3114 nos
1127 3057 1254 3130 perditos

665 3128 815 3199 reparasti,
828 3129 939 3185 dicente
948 3128 997 3184 illa
1009 3130 1189 3186 sanctissima
1198 3131 1254 3186 Re·

664 3199 805 3270 paratrice
832 3204 931 3256 nostra
954 3200 990 3255 ad
1010 3201 1165 3269 Angelum:
1191 3203 1255 3257 evat

663 3272 888 3325 milisecuadum
904 3270 1014 3324 verbum
1030 3271 1125 3326 tuuml
1141 3270 1162 3325 0
1178 3270 1254 3327 salu·

663 3341 777 3397 tilcrum
792 3342 909 3397 verbum
931 3340 991 3409 nat,
1009 3355 1026 3395 o
1051 3355 1145 3407 amen,
1159 3355 1176 3395 o
1192 3340 1254 3410 nat,

664 3428 680 3468 o
696 3412 813 3468 verbum
828 3409 1054 3482 omnipotentiae,
1069 3410 1187 3467 verbum
1201 3410 1254 3467 rni-

663 3499 703 3539 rae
722 3482 872 3539 efficaciae!
895 3483 955 3553 Eia,
979 3482 1018 3538 mi
1043 3480 1163 3539 Domine
1185 3485 1254 3539 lesu

663 3555 748 3625 bone,
759 3556 885 3611 Verbum
901 3554 1004 3623 Patris,
1020 3554 1130 3626 comple
1146 3557 1177 3611 tu
1191 3570 1254 3612 ora·

662 3625 769 3682 tionem
784 3641 889 3696 meam,
911 3625 1018 3698 pertice
1032 3630 1064 3684 tu
1085 3626 1171 3683 verba
1189 3641 1254 3684 mea

661 3713 713 3769 ρετ
735 3703 763 3754 te
786 3697 892 3756 dietata
907 3701 935 3754 ot
955 3696 984 3753 in
1003 3714 1036 3755 os
1060 3713 1154 3754 meum
1178 3714 1254 3756 com·

662 3770 806 3838 mendata,
821 3770 928 3851 perfice
943 3775 1019 3826 caet
1033 3769 1079 3826 dic
1094 3784 1191 3837 amen,
1206 3770 1254 3827 dic

662 3840 723 3909 fiat,
737 3840 782 3897 dic
797 3840 866 3896 mxlii
882 3839 954 3897 sicut
974 3841 1068 3898 dixisti
1082 3841 1122 3897 illi
1138 3841 1251 3899 mulieri

662 3911 906 3993 Syropboenissae:
932 3915 993 3968 Fiet
1007 3915 1060 3968 tibi
1072 3916 1144 3969 sicat
1156 3916 1210 3969 eis.
1227 3913 1250 3970 0

661 3982 754 4038 dulcis
768 3998 849 4038 amer
865 3986 943 4051 lesu,
966 4001 983 4040 o
998 3983 1088 4041 dulcis
1102 3984 1217 4052 veritas,
1232 3998 1250 4040 e

661 4054 742 4110 dulce
751 4069 871 4121 ameu,o
884 4056 967 4112 dulce
976 4058 1092 4113 verbum
1100 4056 1151 4111 ssat
1167 4073 1173 4111 :
1187 4057 1251 4111 Fiet

660 4127 731 4180 milvi
755 4127 902 4182 seeundum
920 4128 1032 4184 uerbum
1058 4133 1158 4193 tuum;
1187 4125 1249 4195 ilat,

660 4212 755 4254 amen.

699 4288 730 4325 τε
746 4270 908 4328 Pennoses
921 4290 938 4328 n
954 4272 1027 4329 Luca
1041 4285 1153 4325 ouxsss.
1168 4297 1202 4308 -
1217 4269 1251 4324 ut
