2790 4912
320 301 359 353 llll
387 302 570 358 elicitiltl
598 304 729 357 llllllllll.
1117 311 1148 364 ai

63 419 96 459 eu
118 402 304 461 vaticinatum
328 406 430 476 luerat,
452 422 504 479 per
557 407 1148 477 rum.tlt,secuudumbernardummarito

63 489 103 530 iro
124 475 220 531 betam
242 475 406 545 Gentilium,
427 479 503 550 quod
557 479 594 536 ab
615 478 731 537 Oriente
746 478 874 549 veniunt,
889 479 937 552 qui
956 482 1049 538 Solem
1063 482 1147 555 justi-

63 489 135 602 caifa
148 561 183 602 ex
197 548 286 604 Jacob
303 553 332 604 et
346 563 502 620 consurge·
557 549 605 607 tiae
626 565 731 606 novum
749 549 833 607 nobis
852 556 946 608 ortum
965 553 1148 624 annuntiant,

63 633 69 672 ι
93 617 130 673 de
151 617 254 686 lsrael;
275 618 323 675 ubi
342 620 503 677 ostenditur
557 620 685 704 laetisque
704 620 868 680 rumoribus
893 627 983 679 totum
1009 625 1148 682 mundum

63 704 89 744 is
112 703 195 745 uorae
222 689 312 746 stellae
337 690 503 763 apparentis
556 691 728 750 illuminant.
744 694 890 750 Venerunt
907 700 1033 752 autems
1070 695 1148 754 ciali·

65 774 114 815 uui
140 759 245 818 Christi
275 760 428 818 nascentis.
453 762 503 820 lsti
556 767 601 820 ter
623 765 658 821 de
680 762 786 821 linibus
807 765 968 835 Persarum,
988 768 1032 824 lde
1053 784 1146 837 orum,

64 836 128 886 ntes
146 847 250 888 noram
268 832 380 890 stellam
396 848 501 905 cogno·
556 841 585 891 et
598 834 807 904 Chaldaeorum,
824 836 871 893 ubi
884 836 988 894 tluvius
1002 844 1046 894 est
1060 839 1145 909 Saba,

63 917 95 958 ei·
117 902 335 976 inspirationem
364 904 500 973 divinam,
555 922 574 962 a
595 923 652 977 quo
679 911 709 963 et
731 907 832 963 Sabaea
854 907 933 981 regio
958 907 1007 964 illa
1026 908 1144 979 dicitur;

71 982 134 1030 erat
153 991 216 1046 quae
229 991 281 1046 per
295 975 411 1032 Balaam
427 992 500 1048 prae-
552 977 633 1048 jnxta
641 993 727 1049 quam
737 982 781 1034 est
789 976 905 1044 Arabia,
919 977 966 1037 ubi
978 979 1052 1051 Magi
1063 996 1146 1052 reges

63 1051 108 1114 at;
125 1051 154 1102 et
166 1047 229 1103 ideo
242 1049 338 1103 statim
351 1054 501 1104 moverunt
555 1047 643 1106 luisse
660 1054 863 1106 memorantur.
882 1050 952 1106 Sunt
967 1056 1061 1109 autem
1078 1053 1146 1109 Ara·

63 1116 499 1246 bttlitlitltttttlll
553 1118 1147 1263 itataillitttttltttttttt

63 1275 95 1315 us
114 1259 264 1328 duxerant,
282 1265 311 1316 et
329 1276 387 1316 uon
404 1260 499 1318 minus
554 1260 1142 1335 Oriente,dequavidenturblagirenisam

63 1346 92 1386 m
123 1334 238 1401 generis
265 1347 444 1388 successores
471 1337 500 1389 et
553 1331 611 1389 alia
622 1331 800 1390 contermina
810 1333 908 1402 indta,
919 1333 1145 1393 distausaleru·

63 1408 152 1470 erant,
180 1402 255 1459 unde
277 1418 335 1458 nou
354 1418 371 1458 a
388 1403 499 1476 magica
553 1405 643 1460 salem
658 1401 739 1474 quasi
754 1402 840 1460 unius
851 1404 919 1460 anui
933 1404 1046 1473 itinere,
1065 1406 1144 1463 etde

97 1489 115 1529 a
148 1473 344 1544 magnitudine
372 1473 498 1531 scientiae
553 1476 607 1532 bac
621 1474 696 1531 iutra
707 1474 844 1532 tredecim
860 1474 922 1531 dies
939 1491 997 1531 nou
1011 1482 1143 1547 poteraut

63 1549 87 1599 it
107 1544 192 1615 Magi,
213 1547 293 1616 quasi
313 1544 341 1600 iu
360 1545 499 1618 sapientia
553 1545 661 1603 venire.
678 1545 758 1603 Unde
774 1548 937 1615 Remigius:
960 1568 974 1597 u
991 1546 1142 1604 Sciendum

63 1620 162 1672 :eraut
175 1616 204 1672 in
219 1615 340 1672 scientia
354 1624 497 1675 astrorum
553 1623 597 1675 est
619 1617 696 1688 quod
714 1616 802 1690 aliqui
825 1617 917 1674 solent
940 1616 1046 1686 dicere,
1067 1619 1141 1690 quod

63 1703 128 1813 piros
146 1686 223 1744 euim
249 1688 360 1744 Hebraei
379 1689 496 1758 scribas,
553 1690 628 1746 Puer
643 1690 690 1760 qui
705 1693 773 1746 tunc
787 1693 872 1745 natus
886 1693 930 1745 est
944 1687 974 1744 in
990 1696 1048 1746 tam
1063 1688 1142 1746 brevi

63 1760 213 1830 ¹osopbos,
234 1758 326 1815 Latini
344 1758 497 1831 sapientes,
552 1761 644 1832 spatio
674 1759 809 1832 temporis
837 1760 873 1816 de
901 1759 1008 1817 ultimis
1037 1759 1143 1816 linibus

63 1831 195 1910 eltagos
213 1830 367 1956 appellant.
385 1833 418 1886 Et
433 1831 498 1888 ideo
552 1836 643 1913 terrae.
663 1847 712 1889 eos
736 1831 773 1889 ad
799 1846 829 1887 se
852 1832 1010 1903 perducere
1031 1829 1139 1903 potuit;

63 1917 188 2027 baill
203 1901 426 2054 ltilmtl
447 1918 496 2055 lli
551 1902 1141 2055 titt,timtmtttttmlt'ttb

63 2059 88 2098 m
116 2058 199 2111 reges
226 2044 294 2099 dicti
325 2049 401 2113 suut,
431 2059 498 2115 quia
550 2044 759 2117 promissionis,
786 2044 891 2102 idcirco
921 2043 951 2101 iu
979 2049 1037 2102 tam
1060 2045 1139 2102 brevi

63 2130 107 2170 ore
125 2113 286 2186 philosophi
307 2121 336 2170 et
355 2114 497 2186 sapientes
551 2116 643 2188 spatio
657 2116 795 2187 temporis
808 2116 966 2173 Jerusalem
980 2115 1077 2173 venire
1093 2131 1142 2188 po-

63 2191 264 2242 ousueverunt.
281 2185 360 2242 Unde
375 2185 411 2242 dc
425 2186 498 2243 anti·
550 2192 688 2244 tuerunt:
706 2208 717 2238 i
732 2187 793 2243 baec
803 2190 955 2256 ltemi'pi'us.
968 2189 1083 2244 Factum
1096 2191 1140 2243 est

63 2255 496 2385 tttttlit'lltbt‘ttt
550 2257 1141 2400 {tlt'tichimilluttltttittt

66 2397 96 2455 iu
116 2398 220 2469 quibus
240 2416 296 2455 nou
317 2404 430 2471 poterat
447 2416 495 2472 po
549 2346 739 2457 illustraffone
754 2416 819 2456 mor
831 2398 1047 2471 intelligeretur.
1062 2399 1141 2454 Chri-

63 2486 102 2526 ise
132 2470 186 2526 uisi
212 2472 323 2527 melior.
349 2471 399 2527 lllo
426 2487 494 2542 crgo
550 2479 625 2528 stum
652 2470 739 2541 igitur
765 2472 855 2528 Deum
881 2474 909 2525 et
937 2467 1139 2549 bominemfliu

63 2542 94 2597 id
109 2558 227 2598 aureum
242 2541 417 2614 perhibetur,
433 2544 495 2599 olli·
549 2542 632 2600 stella
651 2540 725 2612 blagi
745 2541 922 2612 quaerebant,
940 2555 1024 2610 quem
1042 2539 1139 2595 divina

63 2620 68 2668 t
93 2612 235 2684 imperare
263 2630 320 2669 nou
344 2629 492 2740 reguum:
548 2612 745 2686 inspiratione,
770 2627 820 2683 per
843 2609 955 2667 stellam
982 2608 1138 2680 significari

63 2689 84 2739 it
97 2685 157 2766 regi
175 2687 237 2740 sine
252 2689 313 2740 arte
330 2690 359 2740 ct
396 2684 495 2742 iisscul·
547 2683 753 2754 intelligebant.

63 2771 176 2812 urenire
196 2755 232 2812 ali
255 2754 311 2812 uod
329 2762 493 2826 receptacu-
584 2757 745 2813 escuinus
759 2754 848 2810 bliars
861 2768 924 2808 visi
935 2768 1139 2815 ouiruonneciri

63 2827 109 2882 ide
127 2773 305 2906 dequoffiam
324 2827 492 2905 philosopho
548 2845 629 2884 rionis
643 2843 676 2882 ia
691 2842 761 2882 iniis
778 2841 900 2905 ιιιιτινειιτ.ἶ
923 2853 957 2863 -
972 2826 1028 2904 ista
1042 2828 1140 2905 autem

63 2903 101 2953 ite
112 2904 208 2954 statim
220 2897 366 2969 subiungit
381 2915 387 2952 :
404 2919 418 2948 κ
431 2900 494 2954 llio
547 2899 628 2962 stella
642 2897 792 2954 dillerebat
806 2895 918 2953 abelus
934 2895 1138 2976 multipliciter.

63 2968 137 3025 nicus
153 2985 217 3025 cum
238 2968 357 3024 vidisset
374 2984 492 3040 puerum
549 2969 656 3038 Primo,
675 2967 704 3024 iu
728 2966 887 3025 substantia
904 2984 911 3022 :
930 2965 1139 3049 quia‘aliarum

63 3057 89 3095 iu
112 3056 214 3110 aquam
234 3040 390 3108 bibentem,
411 3040 494 3110 tregit
548 3041 696 3098 stellarum
711 3038 832 3112 materia
846 3043 890 3096 est
909 3045 1036 3096 materiae
1056 3036 1140 3094 coele-

63 3120 214 3182 exemptum
233 3129 248 3168 e
283 3111 364 3167 erula
377 3109 493 3167 calicem
549 3116 601 3169 stis
622 3117 651 3169 et
675 3111 780 3184 quiutae
804 3111 951 3192 essentia:
968 3110 1029 3191 bisc
1042 3114 1138 3166 autem

63 3182 171 3254 palione
183 3183 225 3238 sui
238 3200 244 3238 :
259 3127 400 3250 guamdiu
411 3184 495 3237 bomo
549 3185 585 3240 de
599 3185 760 3241 substantia
772 3183 948 3254 corruptibili
962 3181 1024 3236 luit.
1040 3210 1075 3222 -
1091 3180 1140 3236 Se·

63 3268 223 3325 iperracuas
246 3253 372 3310 sarcinas
392 3253 494 3309 babuit
549 3258 653 3322 cundo,
670 3254 764 3325 quoad
775 3254 836 3324 ejus
850 3248 1138 3324 principiumetlecti-

63 3324 195 3394 implicuit
213 3324 242 3380 iu
261 3323 349 3391 dolio,
369 3330 397 3380 et
416 3325 444 3379 iu
462 3341 495 3380 eo
549 3341 615 3382 vum
640 3343 647 3380 :
675 3324 741 3396 quia
767 3323 830 3380 aliae
859 3321 947 3377 stellis
967 3336 985 3375 a
1003 3320 1061 3375 Deo
1086 3334 1138 3390 per

63 3412 97 3449 :n
115 3396 176 3451 baec
192 3397 302 3453 Seneca.
322 3396 495 3467 Oquautum
549 3398 673 3453 Verbum
702 3399 805 3451 creatae
832 3396 910 3473 sunt,
936 3389 1137 3471 uullacoope·

63 3482 88 3522 er
108 3474 232 3522 rectores
253 3468 339 3538 hujus
360 3466 497 3538 temporis
550 3472 631 3523 rante
658 3469 778 3532 natura;
808 3463 858 3520 sed
893 3467 947 3519 ista
979 3464 1137 3542 ministerio

63 3536 130 3608 quia
145 3553 220 3593 nunc
243 3537 339 3594 omnia
354 3536 411 3594 illis
427 3554 495 3593 cou—
550 3536 650 3608 Augeli
669 3552 686 3593 a
701 3535 794 3592 Verbo
813 3534 888 3592 lacta
905 3537 959 3591 est.
977 3563 1013 3573 -
1030 3534 1137 3614 Tertio,

65 3607 169 3677 icitias,
191 3610 315 3666 bonores
334 3616 363 3665 et
382 3608 497 3665 delicias
550 3606 744 3665 induratione
768 3622 776 3661 z
799 3606 866 3677 quia
884 3604 948 3662 aliae
965 3621 982 3662 a
997 3603 1137 3677 principio

64 3685 92 3736 et
107 3679 171 3736 ideo
183 3680 212 3735 iu
225 3680 318 3737 futuro
333 3680 405 3737 torte
416 3681 497 3751 peius
552 3677 650 3736 mundi
669 3682 735 3735 sunt
748 3676 890 3758 ¹conditae,
910 3674 982 3732 etin
1000 3682 1139 3733 aternum

62 3752 216 3808 habebunt.
551 3751 721 3819 manebunt;
746 3753 801 3806 ista
820 3749 932 3806 Christo
957 3752 1025 3804 nato
1044 3753 1140 3829 creata

63 3824 284 3880 luerinOrumru
294 3822 454 3878 crunnum?
463 3853 495 3862 -
551 3829 604 3891 est,
617 3827 718 3894 postea
732 3835 794 3878 esse
808 3819 970 3901 desinit-
984 3819 1101 3899 Quarto,
1110 3835 1139 3874 iu

63 3899 174 3950 inerunt
188 3894 260 3965 blagi
276 3894 312 3951 ab
327 3893 454 3962 Oriente,
467 3892 496 3948 id
551 3893 607 3950 situ
634 3911 640 3949 :
666 3894 734 3966 quia
755 3889 819 3948 aliae
839 3894 953 3948 suntin
973 3890 1064 3957 coelo;
1085 3893 1140 3945 ista

64 3964 140 4021 tibus
159 3980 221 4036 quae
238 3970 367 4037 respectu
380 3967 495 4021 lerusa·
551 3971 646 4022 autem
668 3980 726 4021 uon
747 3962 801 4020 luit
823 3961 878 4020 sita
897 3960 927 4017 in
946 3961 1139 4029 firmamento,

63 4037 130 4092 daeae
146 4043 212 4092 sunt
226 4053 325 4093 versus
339 4036 496 4103 Orientem,
551 4036 602 4092 sed
629 4036 660 4091 in
683 4050 750 4093 aere
774 4050 834 4091 uon
858 4033 941 4104 louge
965 4038 1087 4088 aterra.
1106 4060 1141 4072 -·

63 4107 134 4164 dum
163 4108 392 4177 chrysostomum,
421 4107 495 4163 undu
552 4105 667 4176 Quinto,
682 4105 712 4162 in
727 4103 941 4178 magnitudine:
959 4102 1027 4174 quia
1040 4116 1140 4158 secun·

63 4178 132 4246 itur,
156 4178 223 4235 iude
244 4179 413 4251 procederet
429 4177 496 4233 fidei
551 4177 620 4235 dum
636 4179 822 4242 Ptotomaam,
844 4173 979 4254 quelibet
993 4170 1142 4253 stellarum

63 4249 117 4323 pria
132 4251 205 4307 tides
220 4251 316 4308 lumen
330 4254 374 4307 est
386 4248 496 4306 anima-
552 4247 726 4307 firmamenti
741 4245 861 4306 visibilis
877 4245 970 4311 nobis,
989 4256 1081 4313 maror
1099 4245 1144 4298 est

860 4532 1177 4642 A
