2790 4912
156 315 206 404 ddi

162 411 289 492 ¹nJuriae,
313 422 336 477 si
361 419 535 502 ignominiae,
551 420 573 476 si
592 419 751 503 calumniae,

164 491 188 547 si
214 491 335 563 gladius,
360 509 383 548 si
412 493 529 561 serrum,
555 491 578 547 si
612 491 696 563 ignis,
726 508 751 548 si

163 563 273 632 bestiae,
302 563 324 620 si
360 562 526 645 praecipitia,
550 562 573 618 si
600 563 700 632 sames,
730 562 753 618 si

167 634 315 705 aegritudo,
345 650 367 690 si
401 639 511 695 cuncta.
532 650 596 705 quae
625 633 679 689 diei
708 634 754 691 vel

164 704 281 777 cogitari
311 711 431 777 possunt
446 706 531 773 mala,
556 720 641 776 super
663 710 691 761 te
711 705 752 761 ir-

164 781 299 845 ruerent,
327 777 443 848 dignum
475 776 590 848 aliquod
615 780 696 845 erat,
722 781 753 832 ut

164 863 221 902 uon
236 846 284 903 tibi
300 849 361 903 haee
376 847 473 904 omnia
487 864 538 919 pro
558 847 646 903 tantis
660 851 688 902 et
708 852 751 902 ta-

164 917 240 973 libus
253 919 345 975 causis
359 919 478 975 ridenda
493 935 610 991 prorsus
633 924 662 974 et
675 918 752 990 peni·

164 994 210 1045 tus
220 990 381 1060 spernenda
391 990 563 1047 riderentur.
575 989 665 1045 llnilis
674 990 749 1046 euim

166 1059 269 1116 animae
289 1066 381 1118 metus
394 1062 439 1117 liic
452 1061 674 1135 etellcminatae.
691 1061 751 1116 Erit

164 1147 232 1204 ergo
248 1131 350 1204 aliquis
369 1133 409 1188 ita
432 1134 570 1204 abjectus,
584 1139 612 1188 et
626 1131 666 1187 ita
683 1131 751 1188 inle-

164 1201 749 1275 mmmmmmmmmmm

166 1273 284 1356 cupiens
312 1277 476 1343 ascendere,
506 1277 541 1332 de
563 1281 677 1330 terrena
704 1291 749 1330 re-

165 1362 230 1415 quie
249 1345 380 1417 cogitet:
407 1363 492 1418 cinam
514 1362 571 1402 non
587 1346 679 1402 solum
709 1361 751 1401 re·

165 1416 289 1487 quirere,
306 1418 353 1473 sed
373 1418 457 1474 etiarn
471 1424 599 1489 paratam
614 1416 750 1487 recipere,

164 1488 326 1545 ludaeorum
341 1490 399 1545 esti
416 1492 477 1545 Non
488 1489 580 1557 rideo,
594 1487 750 1551 carissime,

166 1559 242 1629 quod
253 1560 494 1630 aliquisnoslrum
508 1576 576 1616 nera
588 1566 615 1616 et
627 1559 752 1631 perlecta

165 1630 296 1701 cupidine
322 1631 478 1687 celestium
507 1636 656 1698 teneatur;
679 1629 751 1686 alio·

168 1702 246 1773 quin,
263 1701 360 1758 omnia
378 1720 440 1774 qum
457 1702 589 1759 ridentur
609 1718 671 1759 esse
686 1717 750 1828 {ra-

166 1773 221 1842 nia,
236 1774 351 1829 umbras
365 1780 479 1845 putaret
495 1779 524 1829 et
538 1773 645 1829 risum:
664 1793 677 1827 n
712 1789 752 1828 me

167 1844 201 1900 de
218 1843 263 1899 via
277 1844 335 1900 lata
350 1848 566 1915 chrysostomus
578 1847 617 1902 lle
629 1844 674 1901 via
686 1860 751 1899 nero

168 1920 257 1981 areta,
275 1915 315 1970 sic
347 1916 414 1971 dicit
435 1918 582 1984 Gregorius
604 1937 612 1971 ι
638 1940 651 1964 ιι
666 1918 752 1971 Arcta

169 1985 273 2056 quippo
296 1986 367 2041 bene
395 1987 506 2042 vivendi
536 2003 667 2054 censura,
695 2003 751 2042 nou

167 2061 210 2110 est
235 2055 329 2124 ampla
352 2055 409 2122 via,
437 2058 486 2112 sed
506 2058 618 2125 semita,
641 2057 669 2112 in
696 2073 751 2128 qua

166 2124 286 2195 quisque
312 2126 436 2182 studiose
463 2127 678 2198 constringitur,
703 2127 751 2209 qui

166 2197 220 2252 sub
237 2203 445 2268 praceptorum
473 2198 602 2254 custodia
630 2198 751 2254 sollicite

165 2276 380 2340 coangustatur.
400 2272 513 2325 Annon
528 2269 607 2341 quasi
620 2270 751 2340 quadam

166 2339 299 2411 angustia
322 2339 433 2396 itineris
449 2347 501 2405 est,
518 2340 547 2396 in
564 2342 616 2396 hoe
636 2341 751 2411 quidem

169 2411 275 2467 mundo
295 2411 398 2479 virere,
420 2413 468 2468 sed
488 2413 523 2468 de
548 2413 647 2468 mundi
668 2413 751 2483 hujus

167 2482 398 2553 concupiscentia
411 2484 449 2539 nil
465 2485 581 2551 babere,
593 2483 682 2540 aliena
696 2499 752 2538 non

167 2558 312 2625 appetere,
327 2555 442 2627 propria
458 2573 514 2611 non
529 2562 636 2623 tenere,
654 2555 752 2610 landes

167 2624 265 2681 mundi
281 2625 436 2697 despicere,
450 2632 479 2683 et
493 2643 544 2699 pro
568 2629 625 2682 lleo
646 2643 750 2698 oppro-

167 2695 228 2750 bria
247 2712 353 2765 amare,
374 2698 493 2778 gloriani
527 2699 623 2768 lugere
649 2704 678 2753 et
701 2698 750 2753 de-

167 2774 295 2836 spectum
311 2784 400 2838 sequi,
419 2769 581 2825 adulatores
596 2768 751 2840 despicere,

165 2835 353 2906 despicientes
377 2841 528 2908 bonorare,
545 2840 619 2896 mala
649 2856 753 2895 noeen-

166 2906 236 2961 tium
251 2923 283 2961 ex
298 2909 382 2963 corde
402 2910 554 2971 dimittere.
572 2917 600 2966 et
617 2927 685 2982 erga
703 2926 752 2966 eos

166 2975 325 3056 dilectionis
364 2980 485 3049 gratiam
520 2980 694 3037 immobilem
722 2981 751 3036 in

167 3045 252 3126 corde
272 3050 417 3103 retinere?
431 3052 497 3116 Qum
520 3051 634 3120 quidem
656 3052 753 3108 omnia

167 3122 275 3172 semite
288 3124 363 3186 sunt,
377 3120 426 3174 sed
445 3136 565 3191 magnae,
579 3121 647 3192 quia
661 3139 751 3192 quan-

166 3191 226 3244 tum
253 3188 281 3244 in
308 3190 361 3245 liae
385 3190 451 3259 vita,
476 3207 528 3262 pro
550 3192 612 3264 ipsa
640 3193 751 3249 vivendi

166 3260 303 3341 custodia,
329 3271 458 3333 angustae
482 3271 558 3331 sunt,
583 3272 662 3320 tanto
691 3282 751 3320 anr-

166 3332 239 3403 plius
255 3332 283 3388 iu
297 3341 404 3390 aeterna
420 3334 606 3391 retributione
633 3335 753 3392 dilatan-

167 3409 223 3459 tur,
243 3405 371 3461 Perfecta
394 3407 497 3478 quippe
519 3406 638 3462 scientia
659 3413 701 3464 est
725 3413 753 3462 et

165 3480 266 3530 cuncta
279 3477 339 3532 lime
356 3493 440 3547 agere
462 3483 490 3533 et
512 3478 546 3534 de
567 3477 627 3534 suis
647 3477 753 3535 viribus

165 3545 238 3601 scire
267 3562 297 3602 se
322 3547 390 3604 nibil
417 3565 510 3620 posse.
534 3571 544 3599 r
565 3549 642 3605 Unde
660 3554 688 3605 et
705 3553 751 3604 Jo-

167 3632 250 3671 onnes
271 3619 366 3674 Abdus
385 3621 488 3676 montis
506 3620 600 3676 Sinai:
619 3640 632 3672 n
654 3623 751 3677 Atten-

167 3686 267 3743 damus
287 3690 447 3762 nobisipsis,
461 3708 495 3747 ne
513 3691 628 3762 quande
644 3697 751 3747 arctam

167 3760 195 3810 et
209 3767 358 3828 angustam
370 3762 444 3817 viam
453 3763 599 3820 ambulare
612 3762 750 3832 dicamur,

165 3828 289 3898 amplam
308 3836 335 3886 et
348 3834 501 3903 spatiosam
515 3839 645 3890 tenentes
659 3850 753 3889 curra-

167 3911 240 3978 mus.
261 3901 373 3980 arctam
401 3904 474 3960 viam
500 3904 636 3961 indicabit
654 3905 703 3961 tibi
724 3912 752 3961 et

166 3966 305 4050 lucidabrt
325 3988 331 4025 :
354 3973 498 4031 tribulatio
524 3975 641 4044 ventris,
667 3975 751 4032 statio

165 4039 201 4094 ad
215 4041 389 4111 vigilandum
406 4045 436 4100 in
451 4046 628 4104 orationibus
645 4062 696 4119 per
712 4053 753 4103 te·

165 4115 223 4167 tam
239 4117 360 4180 noctem,
375 4129 509 4172 mensura
526 4123 653 4188 aquae,et
669 4120 752 4191 panis

165 4182 296 4263 penuria,
317 4184 565 4256 subsannationes,
583 4189 749 4261 derisiones,

164 4254 323 4325 illusiones,
339 4254 444 4312 decisio
458 4259 640 4331 propriarum
654 4260 752 4320 volun·

548 315 658 369 rainu
685 317 804 371 rantis
831 316 936 369 ctrbl
964 254 1017 366 xl:

807 425 909 487 tatum,
926 417 1153 490 ignominiarum
1170 418 1312 489 poculum,
1326 434 1375 492 pn·

808 491 920 547 sinuum
945 494 976 546 et
1008 488 1218 560 impulsionum
1250 490 1370 561 patienta

808 564 859 619 sub
875 560 1058 643 despectione
1074 576 1137 616 esse
1154 559 1216 616 sine
1236 576 1370 620 murmure·

807 636 895 701 tione,
913 631 1046 687 violentia
1059 630 1230 703 injuriarum
1243 632 1370 690 laesussts·

807 705 898 761 tinere
918 704 1040 772 fortiter,
1055 702 1233 759 detractione
1250 720 1301 759 non
1313 703 1367 761 ind·

807 775 899 857 gnari,
916 780 1096 845 contemptus
1116 778 1145 829 et
1170 774 1367 856 vilipensusmu

807 846 902 914 irasci,
915 846 1059 918 judicatus
1079 844 1233 901 humiliari.
1250 845 1319 902 Beati
1329 862 1367 919 per

807 918 910 974 dictam
941 916 1015 972 riam
1054 923 1164 972 arctam
1190 915 1365 988 ingredientes,

807 993 936 1059 quoniam
963 991 1085 1059 ipsorum
1114 994 1155 1042 est
1176 1005 1285 1056 regnam
1307 990 1365 1045 eele-

805 1078 866 1116 mm
883 1080 918 1115 :n
933 1060 993 1115 baie
1006 1061 1125 1114 Ioannes
1144 1059 1248 1115 notos.

842 1152 856 1187 n
871 1134 967 1187 linere
981 1148 1070 1185 annun
1083 1148 1135 1185 vnn
1149 1149 1181 1185 er
1198 1147 1364 1187 rneeermtrr
1388 1133 1391 1140 '

806 1205 905 1259 Deurnn
927 1219 1072 1257 facturae.
1094 1231 1128 1241 -
1154 1203 1216 1257 Non
1241 1209 1365 1259 autemte
1387 1212 1390 1217 '

806 1280 929 1342 moreat,
944 1272 1010 1344 qnia
1021 1272 1067 1328 hie
1081 1271 1200 1328 dicitur:
1211 1275 1364 1342 Arpiniani
1385 1310 1392 1317 -

803 1351 897 1417 portu,
904 1352 928 1400 et
935 1351 1012 1399 oreta
1023 1347 1080 1407 uin,
1091 1361 1151 1414 quse
1161 1345 1237 1399 discit
1247 1346 1281 1399 od
1288 1347 1363 1400 niteta

808 1419 840 1472 Et
867 1416 934 1472 alibi
961 1415 1064 1471 dieitur
1081 1433 1087 1469 :
1103 1417 1204 1483 lupum
1218 1419 1285 1470 enim
1298 1430 1366 1471 mm

807 1504 891 1542 suove
908 1492 957 1548 est,
986 1492 1011 1542 et
1031 1503 1098 1541 unns
1124 1503 1212 1541 meum
1231 1489 1290 1542 lete.
1312 1485 1366 1554 Quia

808 1559 880 1615 sicut
899 1574 972 1614 onus
990 1556 1093 1613 dicitnr
1121 1557 1182 1613 lere
1202 1558 1229 1613 in
1247 1571 1366 1630 compari·

808 1630 884 1685 tione
907 1630 942 1685 ad
967 1629 1139 1697 mercedem,
1159 1628 1223 1685 licet
1246 1629 1273 1685 iu
1295 1645 1319 1685 se
1337 1626 1366 1684 st

807 1717 909 1773 grave;
925 1699 964 1755 sic
980 1700 1133 1770 prasentia
1148 1700 1324 1768 incommoda,
1334 1712 1364 1755 re

807 1778 905 1845 spectu
921 1771 1019 1841 gloriae
1030 1771 1144 1827 futurae.
1160 1774 1255 1842 ltaque
1267 1766 1362 1828 laudm

807 1849 899 1915 potest
913 1844 974 1898 lime
989 1842 1045 1908 ria,
1062 1843 1126 1913 quia
1152 1842 1181 1898 in
1202 1839 1361 1899 amoremlt

807 1916 891 1971 stium
910 1930 960 1970 cor
978 1913 1078 1969 dilatat
1096 1913 1278 1985 cogitantium
1295 1912 1360 1980 :bne

806 1990 882 2041 niam
909 2002 962 2040 non
987 1990 1052 2039 sant
1082 1986 1224 2053 condigna
1250 1986 1358 2056 passione

807 2058 889 2127 liujus
913 2060 1041 2126 temperie
1063 2056 1100 2111 nd
1118 2058 1244 2123 (uturum
1262 2057 1356 2125 plution,

807 2146 867 2199 que
880 2129 1047 2182 revelabitur
1065 2131 1094 2182 in
1116 2128 1212 2194 riobis;
1231 2132 1257 2183 et
1271 2128 1357 2196 augusti

807 2200 873 2271 quia
891 2214 1017 2255 amorem
1039 2203 1220 2254 terrenorum
1247 2199 1356 2269 augustat,

806 2278 834 2327 et
849 2288 865 2326 a
880 2268 1002 2326 terrenis
1021 2269 1166 2326 hominem
1182 2270 1290 2326 alienat.
1304 2264 1358 2324 llndt

807 2345 1011 2411 chrysostomus
1027 2360 1035 2395 ε
1053 2361 1067 2391 n
1083 2342 1169 2397 breta
1183 2340 1228 2397 ria
1243 2345 1282 2397 est
1293 2345 1357 2418 elan

806 2419 898 2483 gusta,
915 2418 942 2467 et
958 2410 1145 2468 nihilomiuus
1164 2411 1234 2468 levis
1246 2408 1356 2471 actalia

807 2484 987 2555 quiacuneta
1010 2499 1113 2555 aspera
1135 2482 1199 2539 ritae
1226 2484 1303 2554 hujus
1313 2493 1357 2552 per·

807 2560 1010 2621 transmutet
1028 2554 1094 2626 quia
1115 2554 1151 2610 ad
1170 2556 1274 2611 bonum
1287 2553 1356 2609 nom.

807 2627 914 2682 scilicet
935 2626 970 2681 ad
992 2625 1089 2691 vitam,
1103 2626 1279 2696 perveniunt.
1291 2626 1357 2692 lupe

807 2704 835 2753 et
850 2699 974 2753 brevitas
988 2699 1118 2753 laborum
1139 2702 1168 2753 et
1191 2695 1359 2753 aeternitate*

807 2784 953 2834 renerum,
974 2774 1003 2824 et
1024 2768 1100 2839 quod
1124 2767 1204 2839 prins
1227 2773 1287 2824 suut
1305 2763 1358 2820 labo

806 2839 883 2895 riosa
910 2856 972 2910 qnae
1002 2844 1171 2905 transeunt,
1199 2845 1294 2910 postea
1315 2846 1360 2889 rere

807 2911 931 2982 gloriosa
978 2927 1020 2966 uae
1043 2916 1223 2991 permanent,
1239 2908 1359 2966 maximum

807 2987 899 3054 potest
919 2981 945 3036 in
957 2927 1110 3038 slaboribus
1128 2982 1233 3037 allerre
1248 2976 1359 3057 solatium

806 3053 863 3108 Etsi
880 3052 965 3124 igitur
980 3053 1009 3107 in
1029 3069 1060 3108 se
1074 3051 1190 3108 diflicile
1208 3053 1244 3107 sit
1258 3047 1322 3123 quod
1331 3059 1361 3117 11·

806 3125 917 3191 bemnr,
937 3131 1033 3179 tamen
1055 3122 1216 3179 faciendum
1236 3113 1361 3194 estulad

806 3195 926 3266 gloriam
953 3194 1101 3266 pervenire
1133 3210 1298 3250 mereamur.
1326 3189 1362 3255 Qu

806 3266 881 3322 enim
896 3282 952 3321 uon
969 3265 1151 3338 compatitur,
1164 3282 1220 3321 non
1236 3272 1363 3338 conregne-

806 3337 860 3405 bit;
884 3353 936 3392 nec
964 3337 1158 3404 coronabitur,
1174 3336 1228 3392 nisi
1247 3335 1291 3408 qui
1312 3333 1363 3412 legi}

807 3409 874 3464 time
902 3408 1062 3464 certaverit.
1084 3432 1094 3456 u
1115 3411 1149 3463 Et
1166 3407 1268 3464 iterum
1292 3410 1363 3460 :in

806 3480 870 3606 auis
884 3478 957 3535 viam
968 3478 1139 3535 laboriosam
1150 3479 1297 3546 existimat,
1305 3483 1364 3557 suan

826 3550 944 3606 esidiam
959 3557 1082 3607 accusat.
1096 3550 1123 3607 Si
1141 3549 1218 3605 enim
1237 3553 1365 3615 nonasp

807 3621 862 3692 lagi
891 3624 1010 3688 llnctns3
1040 3621 1063 3677 si
1087 3626 1281 3692 tempestates,
1303 3622 1365 3686 atque

806 3693 898 3749 hiems
910 3692 1061 3764 agricolis3
1078 3693 1100 3748 si
1115 3692 1234 3748 vulnera
1246 3689 1365 3756 cadesam

806 3764 959 3832 militibus;
981 3763 1004 3820 si
1021 3763 1182 3835 gravissimi
1201 3763 1273 3819 ictus
1285 3761 1366 3833 plaga·

807 3851 861 3906 que
885 3835 1039 3907 pugilibus,
1056 3836 1132 3892 leves
1159 3834 1287 3890 ridentur
1302 3832 1366 3887 etto·

807 3906 941 3964 lerabiles
965 3912 1040 3973 sunt,
1058 3912 1176 3979 propter
1194 3921 1272 3978 spem
1286 3908 1366 3968 teum

807 3978 918 4047 ralium,
931 3995 964 4034 ae
973 3977 1154 4050 pereuntium
1165 3975 1364 4033 commodonu.

805 4053 884 4106 tanto
902 4049 1002 4129 magis,
1018 4065 1081 4106 eum
1096 4050 1201 4105 eoelum
1215 4043 1366 4122 praeparatus

805 4119 835 4176 in
863 4137 997 4192 praemio,
1031 4119 1103 4176 ninii
1137 4137 1171 4178 ex
1207 4112 1366 4190 presentibus

805 4191 1006 4263 asperitatibus
1022 4192 1107 4249 debet
1121 4189 1233 4248 sentiri.
1247 4191 1300 4247 Nee
1310 4194 1365 4252 upl-

805 4261 864 4319 eias
886 4263 962 4336 quod
988 4262 1034 4320 ria
1057 4268 1103 4321 est
1128 4278 1242 4336 aspera,
1256 4259 1304 4318 sed
1324 4262 1366 4325 qno
