2790 4912
278 311 320 364 tin
347 311 454 366 tritta
481 312 661 381 citerioris
688 310 908 366 tstntnrluit
936 308 976 362 ll!
1003 309 1142 364 rsnrio.
1284 315 1330 368 aas

83 410 203 472 Christi
215 415 292 472 enim
306 415 381 472 lacto
393 416 533 473 recordati
544 417 690 475 suntScri·
746 415 870 473 thatliias
888 431 952 472 cum
970 415 1139 473 Machabaeis
1157 417 1193 473 Le
1213 433 1259 474 em
1278 419 1328 476 de·

114 490 190 568 tura
214 485 299 555 illins,
319 491 349 543 et
375 486 548 558 impletionis
572 489 635 561 eius
658 488 688 545 in
721 550 724 555 ,
746 487 844 556 tendit,
854 487 933 557 qu'us
943 486 1008 558 igne
1018 502 1170 543 succensus
1180 433 1255 545 iliius
1266 505 1329 561 pro

80 621 93 634 ·
116 556 218 614 hnuto.
234 560 332 615 Bonus
344 557 421 615 zelus
433 565 476 615 est
490 559 578 616 animi
593 562 688 617 terior
744 560 845 631 phetas
858 559 923 614 Baal
940 558 1092 615 interiecit.

78 638 128 705 {n
152 630 270 686 bonum:
295 645 350 701 quo
366 645 457 700 mens,
476 631 574 688 relicto
590 637 618 688 et
636 632 688 689 ab·
780 631 895 687 SSiosa
910 631 1329 702 inruptione-itempraec-

74 701 306 766 iecuhumano
321 700 434 769 timore,
472 718 503 758 ro
519 702 686 760 defensione
743 707 808 757 runt
821 703 925 770 ergoet
945 702 1046 767 ludat,
1072 706 1098 757 et
1125 703 1257 758 dicerunt
1278 706 1327 759 et:

79 771 224 829 venulis
245 771 421 829 accenditur.
442 717 523 830 clude
547 776 684 844 Augusti·-
743 772 821 839 Quod
832 776 942 842 signum
956 774 1076 828 ostendis
1088 775 1177 837 nobis,
1194 776 1261 844 quta
1273 775 1329 831 lac

80 853 156 898 nus
176 863 185 899 .·
211 867 225 895 a
246 845 369 912 Fratres,
392 843 586 916 unusquisque
605 844 685 903 Chri·
742 845 841 910 tacu?
857 843 953 911 idest,
976 843 1043 916 quia
1058 861 1121 901 curii
1143 850 1222 902 tanta
1235 851 1329 902 aucto

82 912 208 971 stianus
232 914 261 970 in
277 913 413 971 membris
429 915 532 972 Christi
555 916 614 973 zelo
638 916 687 972 do·
743 913 826 971 ritate
844 920 873 971 et
896 921 1034 986 potestate
1051 932 1101 971 nos
1120 916 1251 988 expellis;
1269 932 1329 973 non

84 994 166 1040 mus
176 985 223 1042 Dei
243 986 418 1042 comedatur.
438 986 506 1053 Quis
529 986 688 1044 comeditur
742 984 854 1042 videtur
869 987 922 1042 lioc
946 986 988 1043 tui
1004 985 1091 1043 olficii
1105 1003 1178 1055 esse,
1198 1004 1251 1044 nec
1266 1003 1327 1044 cre·

84 1055 162 1129 {elo
174 1056 274 1113 domus
289 1056 357 1113 Dei?
367 1056 419 1124 Qui
432 1057 529 1114 omnia
539 1074 601 1130 quae
613 1059 687 1115 torte
742 1056 836 1114 dimus
850 1057 900 1114 tibi
916 1057 1001 1114 licere
1015 1074 1100 1128 :ergo
1116 1059 1233 1115 ostende
1246 1058 1328 1117 nohis

86 1121 146 1183 ihi
169 1127 242 1184 ridet
267 1143 413 1199 perversa,
439 1129 543 1202 satagit
565 1129 686 1201 corrigi,
742 1127 854 1199 signnm
866 1146 921 1200 quo
934 1129 1091 1185 credamus.
1106 1129 1240 1196 Quamvis
1252 1129 1328 1199 enini

88 1197 178 1270 cupit
197 1199 354 1269 emendari,
380 1204 409 1256 et
424 1215 481 1257 non
506 1199 632 1272 quiescit.
658 1201 687 1259 Si
742 1198 847 1255 tactum
861 1206 936 1256 esset
951 1201 1057 1257 tionum
1069 1201 1105 1255 de
1115 1217 1220 1260 senon
1230 1206 1327 1257 lamen

88 1270 252 1327 emendare
279 1288 337 1327 non
356 1277 448 1343 potes,
472 1272 572 1339 tolera,
592 1288 686 1343 geme,
742 1269 901 1342 pertinebat
920 1271 956 1326 ad
976 1271 1130 1341 quemlibet
1148 1272 1202 1327 hoc
1221 1271 1326 1340 lacere,

89 1340 221 1418 suspira,
232 1342 340 1398 sustine
354 1343 481 1414 paleam3
492 1343 569 1400 verbi
582 1344 686 1414 gratia,
741 1340 791 1397 sed
808 1341 901 1397 solum
915 1343 952 1397 ad
967 1357 1031 1396 eum
1042 1341 1090 1412 qui
1104 1342 1222 1397 haberet
1233 1346 1328 1397 aucto-

89 1411 180 1467 vides
192 1412 310 1469 tratrem
326 1429 440 1470 currere
464 1414 501 1470 ad
525 1413 687 1471 theatrum?
741 1411 854 1468 ritatem
869 1411 1030 1483 corrigendi
1046 1428 1177 1468 excessus
1195 1411 1328 1467 sacerdo·

87 1470 232 1552 Prohibe,
250 1500 347 1551 mone,
369 1484 555 1554 contristare;
584 1485 625 1541 sic
645 1502 687 1542 ze·
742 1488 822 1551 tum3
840 1483 915 1555 quod
931 1499 988 1538 non
999 1483 1183 1539 conveniebat
1195 1482 1279 1538 alicui
1291 1481 1328 1538 de

86 1538 149 1609 lus
160 1554 259 1611 domus
275 1555 385 1612 Domini
401 1555 522 1613 comedit
538 1562 577 1613 te.
600 1556 687 1614 Vides
741 1555 883 1611 communi
897 1553 1011 1636 populo,
1028 1569 1091 1610 cuin
1107 1553 1269 1610 sacerdotes
1282 1569 1327 1609 es·

84 1620 170 1703 {lios
181 1640 306 1695 currere,
318 1632 347 1683 et
360 1626 496 1684 inebriari
513 1627 605 1685 velle?
620 1630 687 1685 Pro
741 1632 804 1682 sent
812 1642 972 1697 superiores
982 1625 1122 1707 inpopulo
1133 1624 1253 1694 illo;sed
1261 1625 1328 1681 Pro·

83 1678 166 1751 hue
188 1712 262 1768 qnos
287 1705 379 1770 potes,
404 1702 470 1755 tene
499 1715 570 1770 quos
593 1704 685 1771 potes,
740 1698 833 1768 phetae
849 1698 1018 1768 quandoque
1028 1697 1214 1753 mittebantur
1227 1696 1264 1752 ad
1273 1696 1328 1751 lioc

83 1758 173 1823 tetre
188 1783 261 1839 quos
279 1774 377 1840 potes;
400 1769 502 1841 quibus
516 1787 574 1826 non
591 1775 685 1842 potes,
741 1769 931 1839 specialitera
947 1770 1014 1824 Deo.
1031 1769 1100 1826 Cum
1116 1784 1184 1840 ergo
1199 1766 1327 1823 Christus

78 1822 238 1906 blandire,
253 1839 313 1896 noli
328 1843 520 1913 acquiescere.
542 1841 570 1899 Si
591 1849 685 1898 autem
742 1854 799 1895 non
816 1846 891 1896 esset
906 1839 982 1896 illius
996 1841 1101 1907 Aaron,
1116 1843 1144 1895 et
1159 1854 1209 1910 per
1228 1852 1326 1894 conse·

81 1896 185 1965 rueris
208 1909 330 1981 frigidus
359 1918 388 1968 et
416 1911 569 1981 marcidus,
598 1914 634 1969 ad
659 1919 687 1970 te
742 1910 1326 1981 quensnecPontileisecundumlegem,

84 1978 189 2036 sotum
205 1988 381 2053 exspectans,
398 1989 427 2040 et
461 1982 521 2040 nasi
537 1983 588 2040 tibi
607 1984 686 2041 sulti·
741 1997 794 2038 nec
817 1988 892 2038 esset
911 1984 968 2038 Rei
988 1981 1016 2037 in
1038 1987 1191 2053 conspectu
1219 1978 1326 2052 populi,

86 2048 186 2133 ciens,
207 2051 312 2111 dixeris
340 2053 369 2110 in
397 2000 482 2112 cor‘de
502 2060 550 2111 tuo
577 2073 584 2110 :
613 2057 686 2124 Quid
741 2068 799 2135 noii
811 2056 967 2126 apparebat
986 2053 1027 2111 eis
1042 2069 1130 2126 quare
1153 2053 1193 2109 sic
1207 2048 1328 2109 auctori·

91 2123 169 2179 lnilii
184 2128 229 2180 est
245 2141 346 2182 curare
361 2125 455 2183 aliena
469 2127 609 2199 peccata?
622 2128 686 2185 Sul·
741 2130 827 2181 latire
848 2126 964 2197 ejiceret
983 2141 1042 2193 eos,
1072 2140 1242 2196 mensasque
1259 2123 1324 2179 sub·

91 2190 157 2249 sicit
176 2194 247 2251 milii
266 2195 361 2254 anima
386 2213 462 2267 mea,
478 2204 508 2254 ut
536 2197 627 2270 ipsam
643 2199 686 2255 in·
742 2202 875 2265 uerteret,
892 2197 945 2254 nisi
962 2196 1058 2252 divina
1074 2196 1241 2252 auctoritate
1257 2195 1326 2250 Pro·

95 2267 210 2346 tagram
227 2283 338 2325 serrem
360 2270 436 2326 Deol
454 2269 514 2337 Eia,
535 2285 591 2325 non
612 2271 689 2327 venit
741 2269 828 2338 pheta
848 2284 969 2339 magnus
990 2267 1093 2323 missus
1111 2273 1199 2333 esset;
1216 2270 1244 2321 et
1262 2264 1327 2320 ideo

96 2336 148 2393 ubi
167 2337 198 2394 in
223 2346 347 2396 mentem
367 2357 466 2398 servus
485 2341 544 2409 ille,
563 2341 609 2412 qui
626 2343 689 2399 ahs
742 2338 885 2409 petierunt
899 2338 1012 2410 signum
1027 2336 1169 2392 missionis
1184 2352 1252 2415 suae,
1270 2349 1327 2389 non

98 2408 196 2465 condit
215 2411 365 2481 talentum,
390 2418 418 2468 et
437 2411 529 2469 noluit
547 2413 690 2484 erogare?
741 2409 802 2464 ausi
818 2425 918 2465 manus
937 2409 967 2463 in
983 2424 1048 2464 eum
1067 2405 1194 2487 injicere.
1211 2407 1328 2474 Signum

98 2480 240 2553 Numquid
264 2484 340 2538 enim
364 2489 512 2540 accusatus
541 2489 594 2554 est,
621 2484 689 2556 quia
740 2486 851 2550 petunt,
877 2486 907 2535 ut
934 2495 992 2534 suae
1015 2481 1150 2556 potentiae
1179 2475 1265 2531 fldem
1283 2489 1327 2555 ca·

96 2551 230 2622 perdidit,
248 2559 276 2610 et
291 2570 350 2610 non
365 2555 431 2626 quia
446 2554 508 2611 sine
528 2554 608 2611 lucro
629 2572 688 2611 ser·
741 2551 841 2622 piant;
869 2549 1008 2605 familiare
1035 2562 1110 2602 enim
1138 2553 1199 2601 erat
1221 2545 1327 2601 ludaeis

96 2622 197 2679 ravit?
213 2624 259 2681 Sic
278 2640 346 2696 crgo
363 2625 470 2695 audite,
493 2626 595 2682 iratres
619 2626 686 2695 mei,
741 2621 822 2694 signa
835 2637 974 2693 quaerere,
994 2623 1090 2698 utpote
1096 2633 1157 2756 (per
1171 2632 1206 2672 ea
1225 2615 1261 2671 ad
1276 2615 1326 2672 Le·

95 2696 193 2751 utnon
203 2694 365 2766 quiescatis.
376 2696 469 2753 Nolite
482 2697 630 2768 quiescere
645 2698 686 2754 lu·
740 2709 803 2765 gem
824 2698 852 2749 et
869 2692 954 2747 fldem
973 2694 1075 2745 iocati.
1122 2689 1267 2744 uaerebant
1280 2701 1328 2741 au-

95 2767 168 2822 crari
181 2767 306 2835 Christo,
319 2767 385 2838 quia
401 2767 455 2839 ipsi
471 2768 570 2825 lucrati
584 2768 686 2825 eslisa
741 2771 797 2820 tein
815 2780 887 2821 nunc
913 2763 1037 2834 signum,
1053 2776 1108 2816 non
1129 2764 1158 2816 ut
1178 2758 1326 2841 crederent

96 2836 210 2895 Christo
240 2855 247 2893 :
279 2860 294 2890 ii
323 2840 383 2895 liaec
412 2841 597 2909 Augustinus.
632 2840 686 2896 Ubi
740 2842 768 2892 et
792 2841 1010 2902 venerarentur,
1038 2832 1088 2888 sed
1116 2847 1195 2903 quasi
1224 2830 1325 2902 despe-

96 2908 244 2966 sciendum
260 2911 335 2981 quod
351 2911 427 2967 zelus
443 2910 511 2967 dicit
531 2911 684 2993 quamdam
739 2912 837 2964 rantes
858 2906 934 2978 quod
957 2905 1068 2986 signum
1088 2903 1240 2984 ostendere
1258 2916 1326 2973 pos·

96 2977 286 3037 intensionem
315 2982 432 3051 amous,
463 2998 519 3053 quo
544 2998 685 3039 immense
739 2984 792 3047 set,
812 2985 840 3035 et
862 2977 902 3035 sic
921 2993 991 3036 eum
1007 2975 1170 3033 deriderent
1189 2980 1217 3031 et
1233 2988 1326 3055 impu·

97 3050 187 3108 Deum
211 3051 333 3123 diligens
358 3053 429 3109 niliil
456 3052 586 3122 sustinet,
609 3053 685 3125 quod
738 3056 861 3124 gnarent
885 3049 986 3122 :quod
1014 3065 1047 3104 eii
1071 3050 1125 3105 hoc
1149 3049 1237 3119 patet,
1261 3059 1327 3115 quia

96 3121 188 3178 amori
203 3138 255 3179 suo
275 3129 423 3251 reIpugnet.
449 3124 498 3181 llle
517 3124 604 3206 igitur
619 3141 684 3196 pro-
738 3123 835 3180 statim
854 3121 960 3178 dictum
980 3136 1062 3176 suum
1078 3119 1324 3190 impugnaverunt.

96 3192 158 3265 prie
182 3194 274 3250 zelum
321 3195 346 3252 ei
366 3197 462 3264 habet,
483 3192 619 3267 qui‘nihil
638 3211 686 3267 pa·
774 3196 875 3249 filrsis
891 3211 918 3248 iu
936 3209 1035 3247 nicona
1050 3190 1182 3245 Cniiisrus
1199 3202 1325 3264 rnnnicir

97 3262 202 3321 lienler
216 3265 358 3323 sustinere
374 3272 466 3338 potest
483 3273 582 3323 contra
597 3268 686 3323 hono-
739 3281 781 3320 sui
796 3281 924 3320 conroiiis
935 3275 1179 3337 nesunnacrioumi.
1190 3285 1230 3334 .‘.'
1243 3254 1325 3333 Dedit

98 3348 157 3392 rem
173 3337 235 3406 Dei,
256 3353 339 3408 quem
359 3337 481 3395 maxime
503 3338 605 3409 diligit.
626 3340 683 3394 Nos
739 3351 807 3405 eigo
823 3334 864 3390 cis
879 3336 992 3403 signum
1008 3333 1157 3410 potestatis
1169 3325 1282 3403 divinae,
1291 3337 1325 3402 in

97 3411 194 3465 auum
207 3409 344 3466 dehemus
355 3409 474 3480 diligere
489 3410 605 3466 domum
621 3409 683 3477 Dei,
739 3403 922 3462 suscitatione
935 3415 1062 3471 corporis
1077 3414 1131 3462 sui,
1148 3409 1262 3466 propria
1272 3407 1326 3447 iir-

98 3476 252 3537 intantum
267 3481 343 3562 quod
359 3481 435 3537 zelus
447 3482 509 3551 ejus
523 3497 576 3537 nos
592 3496 685 3536 come·
739 3481 818 3543 tutc;
842 3480 870 3556 et
885 3473 952 3555 quia
969 3487 1054 3542 prave
1074 3465 1251 3539 quaerebant,
1268 3477 1326 3519 non

98 3548 154 3607 dat.
167 3552 248 3619 Cum,
262 3568 285 3607 si
300 3552 367 3623 quid
382 3551 517 3608 contrarii
533 3551 596 3609 lleri
610 3551 685 3607 vide
739 3547 818 3604 dedit
832 3563 874 3602 eis
891 3558 1005 3616 signum
1021 3536 1220 3612 apertum,sed
1236 3533 1327 3591 occul·

99 3634 173 3690 nius,
187 3624 345 3692 studemus,
361 3622 448 3681 etlam
465 3629 686 3705 quantumcum-
740 3624 811 3700 tum,
841 3623 869 3674 et
895 3620 924 3698 in
943 3616 1034 3698 ligura
1054 3612 1089 3668 de
1117 3626 1170 3666 sua
1197 3621 1325 3664 resurre-

98 3704 152 3764 qne
167 3693 227 3749 cari
242 3693 330 3750 nostri
341 3700 419 3764 sunt,
432 3711 480 3766 qui
493 3697 554 3751 liaec
568 3693 687 3761 iaciunt,
740 3696 833 3746 ctione
846 3707 852 3745 :
865 3704 931 3760 quia
945 3687 1023 3757 digni
1035 3700 1091 3764 non
1104 3687 1198 3749 erant,
1212 3685 1242 3762 ut
1256 3694 1328 3752 prae·

96 3775 258 3833 remorere3
283 3781 336 3823 nec
348 3766 481 3823 timemus
496 3772 612 3837 propter
633 3766 688 3821 linc
740 3760 848 3817 diceret
872 3761 913 3816 eis
940 3761 1178 3815 resurrectionem
1197 3767 1240 3835 sui
1264 3764 1326 3806 cor·

97 3832 193 3907 ilique
220 3836 297 3893 mala
326 3837 446 3911 perpeti.
476 3837 688 3894 attendendum
740 3832 818 3904 poris
835 3831 994 3888 manifeste.
1009 3826 1087 3884 Unde
1099 3824 1240 3896 respondit
1249 3824 1327 3876 lesus

96 3911 138 3962 ost
152 3911 250 3964 antem
266 3909 365 3980 quanti
382 3907 474 3965 meriti
491 3908 528 3964 sit
545 3908 620 3964 zelus
633 3908 685 3963 do·
740 3909 766 3959 et
781 3905 856 3959 dicit
872 3906 911 3958 eis
929 3922 937 3956 ε
962 3899 1213 3983 Solviteutemptum
1227 3895 1285 3956 hoc,
1301 3896 1328 3947 et

96 3988 160 4033 mus
184 3978 309 4050 Domini,
340 3985 369 4037 et
394 3978 568 4052 generaliter
593 3977 687 4035 omnis
740 3976 879 4031 intritus
904 3973 1000 4028 diebus
1016 3970 1142 4050 excitato
1166 3965 1328 4022 attuarios

97 4048 174 4105 zelus
186 4049 291 4120 bonus,
317 4053 397 4124 cujus
416 4057 511 4108 actum
539 4052 614 4107 inter
626 4049 687 4122 pri-
741 4050 836 4102 autem
846 4045 965 4127 ¹dicetiat
977 4038 1209 4171 spiritualiterde
1221 4033 1325 4106 templo

97 4132 145 4178 ma
172 4136 262 4193 opera
285 4123 413 4180 Christus
442 4121 577 4189 ostendit,
606 4122 687 4192 cujus
741 4131 869 4188 corporis
884 4132 938 4185 sui,
953 4106 1323 4175 sciicetintransitive‚hoc

97 4190 201 4249 merito
233 4191 356 4250 Phinees
381 4199 494 4266 pactum
522 4191 687 4263 sempiterni
741 4194 784 4246 est
798 4189 834 4244 de
845 4193 901 4245 tem
923 4187 950 4244 lo
965 4186 1041 4259 quod
1057 4189 1101 4241 est
1113 4196 1214 4251 corpus
1228 4186 1324 4254 suum,

99 4261 251 4321 sacerdotii
274 4263 393 4338 accepit,
410 4265 491 4337 cujus
506 4264 618 4320 terrore
632 4264 689 4319 lla-
740 4259 882 4334 loquendo
897 4204 932 4317 ile
946 4273 1064 4332 corpore
1079 4269 1130 4311 suo
1143 4252 1195 4308 sub
1208 4254 1324 4304 nomine
