2790 4912
206 281 248 335 DE
276 282 465 339 tocttloltl:
491 286 649 341 Murrum
676 285 715 339 ΕΤ
742 284 820 337 trus
847 282 1027 339 colttlt'lo.
1190 288 1236 345 251

63 388 163 443 entem
191 385 285 457 ipsum
308 384 469 445 incuratum
503 389 590 446 rolin·
645 387 759 461 quidem
774 385 868 459 ipsum
882 387 958 459 quod
970 388 1097 459 peccavit
1115 391 1229 449 studeat

63 464 134 525 ntes,
162 458 304 515 malorum
330 456 439 515 rivulos
468 475 591 534 purgare
644 475 810 531 agnoscere,
826 474 880 530 pro
894 459 998 587 puibus
1014 462 1102 517 Deum
1116 461 1229 521 delictis

63 544 160 595 amur,
194 527 332 600 quoniam
357 529 498 587 malorum
528 549 591 603 ques
645 530 766 603 rogabit,
784 546 847 601 quae
877 532 970 587 aliuc
995 547 1026 587 so
1052 533 1230 591 commisisse

63 608 73 655 t
97 603 125 655 in
144 615 265 671 corpore
291 599 400 657 malitia
426 602 529 659 animae
547 609 592 660 est
644 601 753 659 nescit?
767 603 832 658 llaec
846 617 913 659 vero
939 601 1087 673 ignoraus,
1104 619 1229 676 quonam

63 687 101 728 ia.
115 670 293 729 Eusicremus
307 671 393 744 igilur
410 672 518 731 iontem
533 690 592 731 ma-
644 675 730 731 modo
748 688 832 729 nosse
894 672 960 729 terit
984 674 1073 730 divini
1095 675 1228 733 beuetleii

63 750 147 805 im,et
163 742 590 816 cunctacoutiuuoliiuguorum
643 744 828 802 larsitateml
871 744 975 801 ollicite
998 744 1086 827 igitur
1113 747 1228 819 propria

63 820 113 871 iota
128 814 323 872 siccabuntur.
338 815 394 871 Nec
408 815 457 887 qni
472 833 531 874 uon
543 817 592 873 do-
644 817 747 873 delicta
768 815 928 896 considera,
945 821 976 872 ut
994 816 1087 872 discas
1105 833 1228 888 quorum

62 885 117 957 ipsc
132 902 321 957 compeccare,
334 901 386 957 age
397 892 425 944 te
439 904 589 956 securum,
644 885 768 959 accipias
794 902 918 955 veniam,
939 892 1024 959 atque
1041 889 1080 944 ita
1107 889 1160 961 ipsi
1175 890 1226 947 be·

70 964 185 1029 propter
199 958 254 1013 lioe
267 956 360 1029 ipsum
380 958 592 1030 mailmeinge-
644 958 745 1015 nellcio
770 962 867 1029 gratus
894 957 1008 1017 existas.
1038 960 1098 1015 Nou
1128 960 1226 1018 dolere

63 1044 106 1094 ce,
125 1029 194 1099 qiiia
220 1045 278 1085 uon
300 1031 389 1085 sentis
408 1030 443 1087 de
468 1031 591 1102 peccatis
644 1030 720 1088 euim
748 1029 815 1102 quia
838 1030 1011 1112 peccaveris,
1038 1030 1128 1101 magis
1155 1030 1230 1088 indi·

63 1114 154 1154 erem:
170 1101 225 1156 lioc
238 1100 315 1157 enini
330 1102 363 1156 lit
375 1117 433 1158 non
447 1101 514 1172 quia
527 1118 591 1174 pec·
643 1101 725 1169 gnari
740 1107 826 1171 atrine
841 1101 924 1157 irasci
941 1102 1008 1159 lacit
1026 1104 1127 1170 ileum,
1143 1118 1229 1173 quam

63 1185 140 1225 iuou
157 1171 377 1241 iuordeaut,sed
391 1172 457 1243 quia
473 1172 592 1230 iuseiisi-
645 1172 715 1229 illud
739 1172 830 1243 ipsum
849 1173 926 1244 quod
954 1179 1021 1229 aute
1039 1189 1226 1243 peccaveras3

63 1248 129 1297 sest
142 1242 239 1298 aiiiuia
251 1259 314 1313 quae
328 1250 437 1371 peccat.
454 1246 502 1299 Est
523 1261 590 1316 ergo
645 1249 761 1316 piiipler
780 1244 840 1299 liaec
862 1259 931 1314 ergo
954 1242 1060 1310 omnia,
1076 1243 1116 1299 sie
1142 1247 1230 1301 [teum

63 1327 129 1369 mum
161 1315 269 1369 bouum
298 1314 326 1370 ni
349 1314 366 1370 il
392 1314 509 1371 omniuo
529 1332 591 1387 pec·
645 1330 806 1386 precemur,
826 1318 855 1369 ut
881 1312 967 1378 etiam
986 1318 1112 1370 nostram
1130 1315 1234 1386 junga-

63 1399 93 1441 e:
105 1386 260 1441 secundum
275 1401 352 1452 iero,
365 1392 428 1457 post
443 1394 591 1457 peccatum
625 1403 720 1454 mus,
743 1386 917 1442 uoluntatem
943 1384 1084 1452 uidelicet,
1111 1401 1144 1440 ac
1172 1390 1233 1442 stu·

63 1453 115 1511 itire
139 1457 213 1525 quod
233 1456 409 1513 commiseris
431 1464 516 1528 atque
547 1459 591 1515 lu·
647 1458 724 1513 dium
739 1463 767 1514 et
781 1456 953 1513 desiderium
968 1457 1084 1513 bonum.
1104 1458 1145 1536 lta
1159 1455 1235 1513 enim

63 1540 92 1581 e.
113 1526 140 1582 Si
161 1534 259 1584 autem
278 1544 369 1598 iieque
388 1529 442 1585 hoc
462 1530 592 1587 liabueri·
647 1531 733 1585 etiam
763 1527 842 1585 breui
871 1534 998 1655 tempore
1034 1534 1192 1598 poterimus
1216 1543 1235 1585 a

63 1611 90 1663 u,
101 1596 219 1667 qualiter
231 1599 448 1670 deprecabimur
459 1603 547 1657 [ticum
563 1606 592 1657 et
649 1600 731 1657 uialis
758 1616 823 1727 cpias
843 1616 928 1655 noso
949 1598 1042 1655 siileut
1064 1598 1191 1665 libcrari,
1204 1603 1234 1655 et

63 1666 207 1725 nissionaui
219 1672 592 1743 pei-catorrimpeti=uius‚‹le
649 1678 716 1728 tuuc
733 1688 764 1729 sa
777 1678 833 1729 tem
857 1671 974 1728 ubinam
1002 1669 1141 1727 fuerimus
1153 1669 1233 1727 addi·

63 1736 117 1818 t'bus
133 1742 202 1797 uibil
220 1743 336 1798 oiuuiuo
350 1744 508 1799 curamus?
526 1744 595 1801 Cum
649 1760 773 1801 scereac
802 1743 889 1815 digna
912 1744 1019 1814 pertrui
1038 1742 1192 1799 libertate:
1214 1762 1230 1791 a

63 1811 166 1884 inipso
194 1812 322 1885 illequid
341 1814 470 1886 deliquit,
491 1832 526 1871 ue
543 1815 595 1872 lioc
649 1816 710 1872 lime
723 1817 937 1885 chrysostomus.

559 2000 688 2059 ORATIO

65 2153 165 2215 domine
176 2160 245 2215 lesu
256 2159 432 2232 Cliriste,qui
444 2166 588 2231 tauiuuam
600 2160 743 2218 studiosus
757 2161 884 2219 medicus
897 2161 1098 2219 circumeundo
1113 2159 1239 2233 quaesisti

63 2234 193 2299 licitantes,
207 2248 241 2287 ac
255 2248 406 2304 corporum
421 2239 449 2289 et
464 2232 622 2289 aiiiuiaruui
637 2233 742 2289 sanasti
761 2233 951 2301 infirmitates,
967 2250 1039 2290 sana
1056 2249 1113 2301 nie,
1129 2248 1237 2302 (incuso,

63 2301 128 2357 erius
141 2309 169 2357 et
184 2303 306 2360 exterius
324 2303 409 2360 variis
427 2304 602 2361 laborantem
618 2303 848 2371 iuliruiitatibiis;
865 2306 945 2360 trahe
964 2320 1009 2360 me
1027 2308 1091 2374 post
1108 2308 1146 2369 to,
1163 2309 1195 2358 ut
1209 2309 1237 2357 te

63 2378 116 2435 luti·
132 2374 167 2431 de
188 2374 264 2431 i'itiis
278 2378 315 2431 ail
328 2375 446 2433 iirtules
464 2375 705 2446 transmigrando,
718 2374 888 2445 decalogum
910 2374 1100 2439 observando,
1120 2372 1238 2451 pacifice

63 2444 150 2501 taliis
163 2445 331 2515 habitando,
341 2452 453 2518 peccata
470 2447 615 2505 liiimiliter
626 2446 802 2514 coufitendo,
815 2450 844 2500 et
857 2444 952 2525 diuina
964 2443 1071 2515 judicia
1086 2442 1238 2523 formidan-

63 2548 66 2562 ·
82 2515 152 2573 Educ
172 2534 219 2575 me
235 2518 270 2574 de
290 2520 355 2575 lacu
381 2519 514 2587 miseriae,
529 2524 558 2575 et
579 2519 614 2574 de
640 2517 700 2573 luto
723 2516 811 2584 l'aeeis,
827 2521 856 2572 et
869 2515 960 2585 dirige
982 2529 1098 2585 gressus
1113 2528 1192 2592 meos
1205 2527 1237 2569 tn

63 2595 89 2642 ui
99 2588 207 2658 salutis,
225 2596 253 2646 ut
269 2590 297 2645 iii
311 2591 460 2662 praeceptis
477 2590 532 2647 tuis
546 2589 709 2661 piollciant,
722 2594 752 2645 et
766 2588 804 2646 ad
826 2588 940 2644 beatam
954 2585 1077 2658 patriam
1091 2585 1237 2650 imbuent,

63 2656 119 2717 siue
133 2660 339 2733 impedimento
354 2679 397 2719 me
411 2663 577 2734 perducant.
588 2663 689 2717 Amen.

493 2994 631 3069 CAPUT
650 2996 760 3068 xxxl

282 3195 319 3239 ltu
333 3195 499 3243 vocartortr.
513 3198 656 3245 tldr'l'tlissl
668 3202 707 3246 ΕΤ
727 3200 797 3245 utus
810 3200 956 3245 como.

243 3345 368 3405 llatthaei
382 3361 442 3418 cap.
459 3348 504 3416 IX,
525 3346 611 3404 Marci
630 3363 692 3420 cap.
708 3348 732 3403 ll
749 3352 777 3403 et
796 3348 877 3404 Lucre
896 3361 958 3418 cap.
975 3347 1008 3402 V.

69 3513 194 3571 locine
207 3512 336 3571 dlsmnsi
351 3533 387 3573 in
400 3505 535 3577 racemos
551 3534 597 3573 sn·
656 3512 823 3587 ctigalinm:
840 3511 917 3577 rit«
930 3511 1007 3570 enim
1023 3512 1132 3594 licteee,
1153 3516 1242 3570 emti·

63 3588 443 3658 ris-Eteuuipraeteriret
456 3588 598 3645 Dominus
651 3588 700 3656 pol
728 3584 805 3643 inter
824 3590 934 3642 relatui·
972 3585 1080 3641 latine.
1112 3585 1234 3643 Sedebnt

63 3671 103 3723 is,
120 3654 199 3712 uenit
224 3659 261 3713 ad
287 3674 365 3716 mare
392 3659 528 3729 Guttae,
546 3660 596 3716 ulii
652 3658 792 3741 quippei
824 3652 1027 3729 estpeumaci
1040 3655 1136 3713 animo
1149 3656 1235 3715 lucris

63 3725 186 3799 tigulia,
219 3729 340 3787 maxime
366 3730 402 3787 de
428 3732 514 3787 rebus
546 3747 598 3803 per
651 3730 779 3787 inhiabat
796 3746 803 3785 :
820 3728 908 3786 sessio
923 3727 1000 3793 enim
1020 3744 1130 3787 moram
1144 3729 1175 3785 in
1194 3728 1238 3789 lit-

63 3798 244 3868 redeductis,
260 3802 461 3871 solvebantur;
480 3808 509 3858 et
523 3804 596 3858 uidit
651 3818 700 3859 cro
721 3800 920 3872 consequendo
940 3805 1030 3857 notat.
1049 3803 1086 3857 Et
1113 3804 1154 3858 oi't
1177 3803 1237 3867 itti,

77 3885 140 3939 uon
159 3874 217 3925 tam
236 3871 474 3944 commiseram
493 3873 598 3931 mentis
650 3874 734 3930 lesus
749 3890 758 3929 ε
772 3875 890 3943 Serum
901 3887 954 3940 me,
967 3871 1047 3943 quasi
1065 3871 1171 3930 diceret
1187 3872 1232 3930 ci:

63 3939 220 4069 affuistis
234 3942 347 4012 intuitu,
373 3945 507 4000 liomiriem
522 3965 531 4000 :
547 3944 599 4002 sci·
650 3947 714 4002 tani
735 3960 791 3999 noii
815 3946 894 4014 sede,
915 3943 967 4001 sed
984 3944 1087 4003 amodo
1103 3961 1234 4015 sequere,

64 4015 77 4067 t
119 4014 267 4084 atthaeum,
280 4014 329 4087 qui
345 4019 374 4071 et
386 4018 453 4072 beot
470 4021 598 4073 antero
651 4032 708 4072 nnn
725 4015 761 4071 ad
775 4014 866 4082 luera,
882 4031 933 4072 nec
947 4015 1086 4074 secularia
1102 4016 1233 4087 negotia;

63 4080 158 4140 ionem
176 4085 268 4143 dietus
289 4092 343 4157 est,
367 4088 480 4159 dlptiaei·
495 4088 597 4157 lilium,
652 4087 702 4145 sed
719 4102 776 4153 me,
792 4092 821 4144 et
837 4088 942 4146 ellectu
965 4087 1071 4155 cordis,
1089 4092 1117 4143 et
1138 4086 1234 4141 oltlcio

63 4160 160 4218 mem,
179 4156 210 4214 in
233 4158 330 4228 domo,
350 4159 388 4215 ad
412 4161 551 4225 telonium,
568 4159 597 4215 id
652 4159 790 4231 eorporis,
799 4164 828 4217 et
837 4161 941 4218 ellectu
952 4160 1055 4232 operis.
1069 4157 1233 4235 blattliaeum

63 4270 65 4291 .
77 4227 116 4285 ad
130 4244 229 4285 euram
244 4235 274 4287 et
292 4230 535 4303 dispensationem
551 4246 596 4287 ve·
651 4234 747 4289 autem
759 4231 863 4307 talibus
872 4271 874 4275 -
883 4236 1049 4305 occupatum
1064 4232 1186 4294 vocavit,
1200 4230 1233 4280 ut
