2790 4912
121 338 155 390 gg
522 317 633 373 rltlllls
659 316 778 371 rlttrls
805 317 913 371 elrur
940 319 977 371 lx

128 445 235 506 tamen,
261 441 292 491 ut
321 429 390 497 dixi,
417 441 481 483 cum
501 423 665 481 reverentia
688 428 718 479 et

127 511 242 576 timore,
257 521 293 561 ne
303 498 422 575 patiaris
437 496 581 578 repulsam
594 494 630 551 de
642 510 715 565 prae-

70 568 74 575 ¹
129 578 306 652 sumptione3
329 575 463 644 reputare
483 582 559 623 emm
581 565 717 647 tendebas

122 651 292 721 iudignum,
301 645 332 701 in
345 638 563 699 conversatione
574 636 677 718 talium
687 640 717 692 et

129 728 287 780 tantorum.
310 714 390 772 Unde
413 712 561 768 Ansetmus
583 727 591 790 3
610 729 625 759 «
645 710 718 764 llrnc

131 798 249 852 ltlatrem
260 803 323 845 curn
334 782 412 841 omni
425 780 574 849 devotione
584 796 613 834 m
630 779 716 859 Beth-

130 865 225 922 lehem
237 871 420 940 prosequere,
432 859 460 910 et
470 852 497 907 in
510 848 664 921 hospitium
676 849 718 905 dr-

130 940 245 993 verlens
257 946 320 987 rum
333 928 383 984 rlla
392 923 504 1005 assiste,
513 927 541 979 et
549 921 716 1002 obsequere,

130 1003 266 1080 parienti,
284 1002 433 1068 locatoque
448 1010 475 1050 m
490 1007 638 1074 praesepto·
648 993 715 1072 Par-

131 1077 195 1134 vulo
216 1088 332 1143 erumpe
353 1071 381 1124 iu
396 1081 493 1123 vocem
509 1064 716 1145 exsultationis,

128 1154 158 1206 et
175 1147 302 1204 clamans
320 1141 365 1197 dic
385 1153 449 1196 cum
467 1136 609 1207 Propheta
623 1136 714 1190 isara:

127 1219 265 1277 Paruulus
293 1219 376 1269 natus
406 1214 447 1265 est
472 1208 560 1268 nobis,
591 1211 617 1261 et
641 1207 717 1286 fitius

128 1291 212 1346 datus
230 1292 270 1343 est
289 1286 383 1350 rnatu,
404 1286 432 1337 et
451 1278 623 1359 amplectere
638 1276 716 1359 .'¹.¹¹¹‘¹

127 1360 256 1418 divinum
272 1363 301 1413 et
314 1355 397 1412 dulce
411 1365 592 1432 praesepium.
610 1351 717 1418 ltrtrget

129 1430 329 1489 verecundiam
344 1440 436 1490 amor,
450 1427 581 1477 timorem
593 1419 717 1500 depellat

128 1503 257 1569 allectus,
273 1504 304 1556 ut
318 1493 517 1554 sacratissimis
537 1493 619 1547 Pueri
636 1491 715 1571 pedr-

129 1575 183 1632 bus
203 1571 280 1630 labia
301 1571 384 1640 figas,
405 1570 433 1622 ct
453 1563 550 1644 oscula
571 1578 713 1632 gemmes3

128 1645 231 1702 deinde
241 1647 387 1714 pastorum
404 1637 534 1692 excubias
546 1639 640 1688 urente
653 1648 717 1713 per-

129 1721 231 1782 tracta,
243 1710 416 1782 Angelorum
429 1709 590 1785 currentem
609 1718 715 1759 exercr-

129 1791 189 1843 tum
205 1783 359 1848 admirare,
377 1776 485 1857 coelestr
504 1774 634 1831 melodiae
651 1779 716 1830 tuas

129 1858 281 1929 interpone
311 1865 430 1924 preces,
456 1846 540 1903 simul
569 1845 655 1902 corde
687 1850 716 1902 et

131 1944 181 1985 ore
210 1929 366 1983 decantans
390 1938 397 1975 :
423 1919 518 1976 Gloria
543 1919 574 1971 in
600 1918 716 1972 excelsis

130 2003 195 2064 Deo,
210 2003 236 2053 et
251 2000 281 2051 in
300 2001 375 2051 tarra
394 2008 454 2062 paa
469 1988 623 2045 hominibus
642 1988 717 2043 dana

132 2070 294 2126 uoluntatis.
322 2084 335 2117 u
352 2062 432 2119 Unde
454 2065 483 2116 et
508 2060 681 2126 Augustinus
706 2077 715 2113 :

131 2162 145 2192 a
170 2138 342 2211 Angelorum
358 2147 467 2199 vocem,
481 2145 533 2202 per
551 2145 637 2210 quarn
660 2131 715 2209 llo-

130 2212 223 2267 minus
236 2212 321 2266 lesus
335 2205 474 2271 Christus,
491 2204 574 2256 natus
591 2202 715 2280 Virginis

129 2281 225 2339 Mariae
246 2283 340 2351 partu,
366 2272 528 2347 pastoribus
567 2275 715 2327 nuntiatus

127 2359 181 2423 est,
200 2367 265 2408 cum
286 2345 470 2417 Evangelium
492 2343 645 2424 legeretur,
663 2358 714 2398 au-

128 2424 249 2481 divimus
279 2438 286 2476 :
315 2417 412 2476 Gloria
438 2415 468 2471 iu
484 2413 614 2497 'excelsis
638 2415 712 2482 Deo,

128 2494 198 2552 etin
219 2500 296 2550 terra
314 2507 369 2563 paz
383 2486 546 2545 hominibus
566 2486 649 2542 bonae
664 2501 713 2566 vo-

126 2564 253 2624 lontatis.
275 2565 358 2620 Festa
387 2576 440 2617 vox
466 2563 495 2614 et
513 2555 711 2638 gratulatoria,

127 2654 185 2695 uon
198 2638 245 2694 uni
256 2633 380 2702 lemine,
389 2632 469 2703 cujus
480 2634 577 2709 uterus
584 2627 713 2709 ediderat

126 2709 246 2781 prolem,
262 2706 313 2763 sed
327 2706 451 2762 humano
466 2715 575 2772 generi,
591 2715 634 2755 cur
647 2700 713 2754 Vtr-

772 438 831 478 suae
843 423 986 479 frumento
1002 425 1140 482 merearis
1154 441 1220 483 cum
1236 424 1362 484 animali·

772 493 825 550 bus
840 494 946 550 sanctis
962 494 1054 551 retici.

808 585 838 620 ar
855 567 973 622 anrnnx
988 567 1096 623 Cnnrsrr
1111 586 1268 625 narrvrrns.
1285 571 1358 626 -Et

772 635 920 694 sciendum
935 637 1010 719 quod
1023 637 1124 719 triplex
1136 646 1181 696 est
1195 639 1303 697 Christi
1313 657 1357 697 na·

772 705 878 775 tivitas,
894 707 1004 764 scilicet
1019 726 1027 764 ε
1042 709 1152 778 divina,
1176 711 1314 779 humana,
1334 718 1357 769 et

772 777 905 849 gratuita.
925 779 1021 836 Prima
1045 786 1099 849 est,
1119 798 1152 837 ex
1177 783 1263 839 Patre
1283 789 1356 839 aetar-
1381 806 1385 813 ·

772 849 898 919 naliter;
914 851 1051 919 secunda,
1068 868 1101 908 en
1115 858 1208 910 matre
1224 858 1283 910 tem
1320 869 1357 911 ra·

772 920 852 989 liler;
873 921 970 991 tertia,
992 922 1023 978 in
1047 928 1141 980 mente
1164 924 1270 996 spiritu
1300 925 1356 982 iter.

772 993 805 1046 Et
819 990 881 1049 istae
896 997 955 1049 tres
970 993 1132 1073 nativitates
1148 1002 1302 1053 sumuntur
1318 1012 1356 1053 se

772 1063 895 1120 cundum
909 1068 968 1120 tres
981 1064 1085 1122 Christi
1099 1067 1287 1137 substantias,
1301 1083 1357 1140 qua

772 1138 839 1190 suut
851 1134 954 1202 deitas,
971 1152 1049 1204 raro,
1062 1142 1090 1193 ct
1103 1137 1231 1209 spiritus.
1245 1140 1316 1196 nam
1327 1155 1357 1197 ex

773 1206 856 1262 Patre
870 1205 997 1262 nascitur
1012 1208 1096 1278 Deus,
1116 1225 1148 1264 ax
1171 1215 1265 1266 matre
1285 1226 1357 1279 caro,

771 1275 799 1331 in
820 1282 915 1333 mente
934 1277 1063 1334 nascitur
1084 1280 1280 1350 pergratiam
1300 1280 1358 1353 Spi-

771 1347 844 1403 ritus
860 1348 966 1405 Sancti.
984 1350 1022 1404 Ex
1039 1350 1122 1406 Patre
1139 1351 1269 1408 nascitur
1288 1368 1358 1408 sem·

773 1435 835 1488 pcr;
853 1435 885 1475 ex
902 1424 992 1476 matre
1003 1421 1090 1477 seruel
1103 1439 1110 1488 ;
1124 1420 1153 1476 in
1165 1429 1262 1479 mente
1275 1439 1359 1496 sape.

772 1490 934 1546 Secundum
946 1490 1122 1548 nativitatem
1133 1492 1272 1561 divinam,
1281 1494 1360 1552 Chri·

772 1567 832 1617 stus
842 1561 928 1617 habet
941 1562 1053 1617 Patrem
1067 1562 1128 1619 sine
1139 1570 1229 1620 matre
1240 1582 1250 1634 3
1262 1581 1361 1622 secun·

772 1631 841 1688 dum
864 1632 1031 1700 humanam,
1045 1635 1163 1690 llatrem
1183 1635 1246 1692 sine
1261 1642 1359 1708 patre;

771 1703 928 1759 secundum
952 1703 1119 1775 gratuitam,
1143 1706 1229 1763 habet
1249 1713 1361 1779 patrem

771 1780 800 1830 et
829 1779 961 1843 matrem,
977 1775 1056 1846 J'uxta
1084 1775 1153 1832 illud
1186 1777 1361 1849 Evangelii:

770 1846 941 1916 Quicumque
958 1848 1055 1912 fecerit
1078 1849 1248 1903 uoluntatem
1263 1851 1364 1906 Patris

770 1919 825 1971 naci
838 1919 888 1986 qui
905 1919 936 1971 in
950 1918 1024 1972 celis
1040 1922 1089 1980 est,
1101 1921 1161 1989 ipse
1177 1935 1254 1975 eneas
1270 1922 1365 1986 frate

771 1992 797 2042 rt
811 2002 891 2043 sorar
904 1992 931 2042 st
943 1993 1035 2044 mater
1045 1994 1096 2043 est.
1108 1991 1163 2045 llas
1175 2006 1243 2046 vcro
1255 1991 1364 2048 Christi

771 2057 932 2114 nativitates
960 2065 1147 2130 representat
1172 2061 1310 2130 Ecclesia,
1331 2062 1365 2120 in

771 2128 816 2185 die
836 2128 997 2185 Nativitatis
1023 2131 1095 2201 ejus.
1113 2130 1236 2188 Primam
1257 2132 1367 2190 natisi-

770 2206 859 2256 tatem
873 2201 1102 2272 repraesentatio
1118 2202 1205 2259 missa
1220 2219 1286 2275 quae
1296 2221 1368 2262 can-

771 2276 848 2327 tatur
864 2270 893 2326 in
914 2278 1011 2336 nocte;
1026 2272 1092 2344 quia
1109 2273 1205 2330 divina
1223 2275 1366 2333 nativitas

769 2347 814 2398 est
835 2340 918 2399 nohis
940 2343 1060 2399 occulta.
1081 2345 1240 2401 Secundam
1255 2361 1367 2419 reprae-

770 2417 863 2470 sentat
892 2411 922 2469 iu
957 2413 1044 2470 missa
1077 2431 1142 2485 quae
1168 2422 1302 2474 cantatur
1331 2418 1365 2476 in

768 2499 896 2540 aurora:
917 2484 983 2556 quia
998 2485 1131 2542 nativitas
1152 2488 1279 2544 humana
1305 2489 1362 2546 luit

769 2554 871 2626 partim
895 2556 1016 2625 occulta,
1039 2557 1147 2614 scilicet
1168 2565 1306 2629 quantum
1320 2562 1362 2618 ad

769 2626 901 2695 modum;
921 2631 950 2683 et
973 2626 1076 2699 partim
1100 2630 1260 2698 manifesta,
1280 2631 1361 2688 scili·

767 2702 812 2754 cet
840 2702 976 2768 quantum
998 2698 1035 2754 ad
1061 2699 1203 2757 ellectum.
1230 2702 1359 2760 Tertiam

126 2797 162 2850 go
187 2777 299 2851 peperit
327 2775 512 2831 salvatorem.
538 2790 552 2822 n
583 2769 713 2825 Dicamus
767 2773 954 2839 representat
981 2767 1010 2825 in
1038 2769 1207 2841 missaque
1225 2778 1362 2831 cantatur

126 2866 205 2920 ergo,
234 2852 263 2904 et
290 2861 354 2913 nos,
374 2850 402 2900 et
427 2847 534 2924 quanta
561 2855 712 2912 possumus
766 2839 796 2895 in
811 2838 875 2895 die:
890 2838 959 2921 quia
974 2840 1097 2923 gratuita
1109 2842 1251 2923 ‚nativitas
1268 2844 1359 2926 mani-

126 2936 190 2977 cum
209 2916 395 2975 exsultatione
415 2913 553 2980 drcamus,
573 2910 711 2979 dicamus,
767 2911 840 2966 testa
862 2915 906 2966 est
929 2927 959 2966 m
979 2928 1093 2980 anima,
1108 2930 1136 2970 m
1158 2930 1214 2984 qua
1227 2915 1362 2973 Chrrstus

126 2991 255 3062 inquam,
278 2993 306 3044 et
325 3002 379 3042 nos
399 2983 477 3039 fideli
496 2981 593 3048 corde,
610 2980 713 3038 devota
767 2979 925 3053 concipitur
937 2997 988 3053 per
1002 2983 1147 3053 allectum,
1161 2985 1289 3042 nascitur
1306 3003 1362 3060 per

126 3077 195 3118 voce
214 3078 221 3115 :
240 3057 337 3116 Gloria
357 3055 388 3111 in
412 3052 529 3111 excelsis
543 3054 612 3115 Deo,
636 3052 712 3108 etin
767 3052 911 3121 ellectum,
925 3053 1049 3110 nutritur
1059 3071 1111 3126 per
1126 3057 1296 3128 protectum.

126 3137 203 3188 terra
214 3146 266 3203 pan
277 3126 532 3186 hominibushonae
545 3122 710 3192 voluntatis3
804 3144 836 3182 aa
855 3125 1019 3180 Bnrnnansn
1035 3143 1232 3184 connsuunrro.
1248 3159 1285 3172 —
1304 3130 1361 3186 ilo-

127 3209 156 3259 et
172 3204 234 3258 haec
248 3201 335 3257 verba
349 3196 455 3264 divina,
471 3196 523 3251 has
537 3193 586 3250 [lei
602 3193 711 3263 laudes,
768 3211 840 3251 nora
851 3199 918 3250 tuuc
928 3201 956 3251 et
970 3212 1106 3253 venerare
1116 3197 1258 3255 civitatem
1274 3201 1361 3257 Beth-

128 3274 183 3330 hoc
210 3269 412 3342 Evangelicum
440 3265 575 3340 gaudium
606 3269 713 3335 quanta
767 3265 861 3322 lehem
872 3265 1005 3347 pusillam
1021 3273 1106 3338 atque
1131 3269 1291 3340 minimam,
1306 3286 1361 3344 per

126 3345 254 3402 valemus
273 3337 498 3400 consideratione
517 3352 582 3408 pers
620 3341 711 3406 ctum,
768 3351 853 3407 quam
878 3336 930 3392 tihr
955 3353 1105 3408 regressus
1130 3341 1289 3411 patefactus
1315 3349 1360 3399 est

126 3416 195 3485 lide,
210 3422 239 3472 et
254 3430 314 3487 spe,
328 3419 357 3470 et
372 3409 512 3468 charitate
531 3423 576 3464 me
598 3407 710 3464 itemur.
767 3407 804 3464 ad
828 3405 1004 3488 paradisum,
1021 3414 1050 3464 et
1074 3410 1112 3465 ad
1134 3411 1265 3482 patriam.
1291 3415 1359 3471 llaec

127 3488 206 3545 Unde
222 3487 369 3555 Gregorius
382 3484 575 3541 Nazianzenus
590 3497 599 3534 ε
617 3479 713 3536 «Cum
769 3477 868 3535 civitas
897 3484 989 3550 spatio
1015 3479 1136 3549 modica,
1184 3482 1256 3539 rimo
1279 3483 1360 3541 dicta

126 3557 290 3631 pastoribus
319 3557 440 3611 Puerum
465 3565 617 3618 venerare,
646 3565 713 3607 cum
767 3555 811 3606 est
828 3549 969 3621 Ephrata,
985 3551 1149 3622 sedpostea
1165 3497 1239 3610 Facta
1258 3555 1357 3614 astiti

127 3627 242 3712 Angelis
257 3628 392 3698 hymnum
404 3623 502 3691 dicito,
512 3637 576 3679 rum
589 3622 714 3677 llrchan-
766 3621 856 3701 tames
868 3635 991 3702 ‚magum
1008 3637 1065 3693 qua
1084 3627 1260 3694 transeunte,
1280 3625 1358 3684 sacta

129 3699 201 3771 galis
226 3698 344 3754 chorum
367 3694 472 3752 ducito.
496 3692 625 3761 Exsulta,
643 3698 672 3748 et
689 3691 713 3748 si
766 3698 809 3748 cst
836 3691 942 3748 rhidem
970 3708 1075 3764 magna
1106 3695 1298 3765 abundantia,
1329 3704 1358 3755 et

128 3786 186 3828 non
201 3773 282 3840 potes
298 3773 329 3823 ut
342 3768 467 3823 loannes
481 3780 514 3820 ea
528 3770 621 3831 utero,
636 3769 713 3820 certe
765 3768 834 3819 tunc
864 3767 966 3820 vocata
988 3769 1031 3821 est
1055 3766 1231 3836 Bethlehem,
1251 3767 1281 3824 id
1300 3774 1357 3839 est,

128 3841 205 3898 velut
219 3838 307 3896 liavid
325 3837 355 3893 in
370 3835 555 3893 collocatione
574 3850 648 3890 arca
669 3839 712 3890 te·
766 3834 863 3914 damus
876 3836 970 3905 pann,
984 3841 1251 3918 propterteveutum
1263 3840 1359 3896 abun

128 3909 262 3968 stamenti
282 3907 416 3980 tripudia,
430 3921 567 3963 venerare
580 3904 711 3960 nativita-
767 3905 873 3961 dantia
901 3911 1137 3978 supervenientis.
1162 3911 1228 3966 llaec
1257 3910 1361 3968 civitas

128 3989 349 4053 tem,perquam
358 3985 480 4035 terrenae
492 3974 646 4033 nativitatis
653 3975 713 4031 vin·
766 3992 821 4031 non
843 3980 883 4030 est
904 3979 1021 4032 minima
1036 3980 1067 4033 in
1081 3982 1256 4052 principibus
1269 3983 1357 4050 tuda,

130 4053 201 4111 culis
221 4051 356 4108 liberatus
373 4065 404 4105 es
420 4066 427 4104 :
444 4069 458 4099 n
480 4049 541 4104 haec
563 4048 712 4126 moeonas
766 4045 867 4127 idest,
883 4045 1031 4130 disslliiafis
1051 4050 1231 4131 0¹9³¹¹0¹1¹l³2
1250 4052 1360 4126 (ΙΠῙΡΡΘ

128 4127 331 4186 Nazianzenus.
350 4119 464 4187 Venias,
482 4124 511 4175 et
527 4117 711 4174 nihilomiuus
767 4132 833 4189 quta
848 4133 961 4175 conscia
975 4123 1175 4191 mysteriorum
1191 4129 1259 4181 ante
1273 4125 1360 4183 Chri-

128 4194 265 4269 quotidie,
276 4197 307 4249 ut
317 4192 414 4248 videas
425 4187 709 4260 lesuminpraesepio
767 4186 802 4245 sti
826 4189 989 4271 adventum.
1007 4189 1051 4272 'tbi
1075 4191 1151 4249 enim
1176 4200 1279 4252 unctus
1304 4197 1361 4255 tuit

127 4265 280 4341 spirituali,
294 4262 402 4320 scilicet
416 4261 445 4318 in
460 4262 556 4329 altari,
569 4265 600 4316 ut
613 4258 709 4316 carnis
767 4259 870 4330 David3
887 4259 926 4318 ibr
940 4260 1112 4320 sacrificium
1123 4263 1341 4325 solemnizatum
1349 4287 1360 4338 ;
