2790 4912
140 365 266 431 studeres
278 372 311 432 et
325 366 486 445 eruditus,
503 375 536 432 et
550 365 748 433 secularium
772 366 959 431 litterarum
972 383 1040 431 non
1053 365 1191 446 ignarus
1209 387 1217 429 ε
1240 366 1334 448 inge·

141 470 181 535 nio
191 474 271 555 nitis,
286 472 417 555 eloquio
431 472 535 538 dulcis
550 480 582 539 et
596 473 805 554 compositus,
817 474 884 537 vita
896 490 1028 555 quoque
1040 478 1073 536 et
1086 473 1335 539 conversatione

49 570 58 671 '⁴
143 576 252 661 insignis,
266 582 368 646 edidit
383 599 512 664 magnae
528 582 709 646 devotionis
724 588 757 645 et
773 580 942 663 profundas
960 580 1157 644 eruditionis
1177 578 1332 661 quaedam

58 678 61 685 '
144 685 254 762 preclara
276 687 444 771 opuscula,
472 688 592 769 quibus
617 687 791 768 ingenium
817 687 969 753 nobiliter
989 687 1182 764 exercitans,
1210 701 1333 750 nomen

144 810 209 860 sunm
219 798 450 864 immortalitati
464 800 666 864 condonavit.
683 800 840 881 liquibus
855 816 917 880 ego
931 797 1000 862 ridi
1013 805 1141 863 tantum
1155 796 1301 879 sth'ecta
1325 838 1334 884 :

144 895 259 968 tolonen
272 923 432 987 magnum
450 914 481 973 et
501 906 631 986 insigne
646 924 745 987 super
761 902 949 983 Evangelio,
959 904 1046 984 quod
1057 900 1272 984 praenotarit:
1295 898 1335 964 in

42 1076 66 1105 Ἃ
145 1004 218 1075 lion
234 1014 361 1080 domini
377 1016 461 1092 lesu,
479 1016 543 1080 Lib.
562 1016 599 1096 ij.
624 1013 896 1079 Fundamentum
914 1012 1021 1088 aliud,
1038 1022 1099 1077 etc.
1122 1044 1164 1060 -
1184 1009 1224 1076 ln
1239 1008 1334 1074 Psal-

61 1132 65 1157 ¹
145 1120 365 1206 unctioneque,
383 1122 481 1187 Lib.
461 1143 491 1204 y
503 1121 688 1188 Sicutolim
708 1139 851 1197 manne,
866 1129 926 1185 ete.
942 1120 1147 1184 Feruntur
1118 1137 1190 1200 eJus
1210 1123 1243 1181 et
1256 1114 1334 1185 alm

143 1219 230 1289 claruit
249 1229 307 1292 suh
330 1228 492 1293 Ludovico
518 1230 715 1309 imperatore
734 1235 862 1309 quarto,
891 1226 1118 1292 annoDomini
1141 1222 1329 1289 MCGGXXX

381 1561 424 1620 iix
437 1578 496 1623 rra.
512 1560 550 1624 IV
568 1575 770 1623 aratroruncn
789 1575 870 1622 surr
889 1573 1040 1621 snunusrs

33 1428 54 1495 ΙΙ

39 1502 53 1713 t

168 1797 219 1865 lud
204 1802 327 1888 delphus
348 1809 479 1874 natione
499 1811 592 1890 Saxo,
616 1828 656 1874 ex
677 1809 792 1873 ordine
815 1807 1081 1888 Praedioatorum,
1107 1815 1180 1889 poet
1201 1808 1332 1889 trigesi-

141 1917 207 1971 mum
218 1930 275 1977 suae
289 1915 496 1996 professionis
512 1934 649 1995 annum,
667 1914 708 1980 ad
724 1914 875 1979 instituta
890 1915 1179 1980 Garthusianorum
1195 1914 1331 1978 transla-

140 2009 723 2107 luset1nm0nast0r10,argentinensi
745 2029 904 2104 receptus,
926 2023 978 2085 vir
994 2022 1030 2084 in
1050 2023 1176 2086 Sanctis
1193 2019 1329 2087 volumi-

138 2112 179 2178 ΠΗ)
180 2140 208 2186 ns
220 2130 472 2194 studiosissimus
477 2150 557 2210 ,pro
559 2131 700 2195 lessione
721 2130 945 2210 scholasticus,
962 2146 1113 2193 sermone
1131 2127 1281 2209 simplex,
1295 2130 1339 2193 et'

131 2212 217 2296 leand·
195 2232 233 2298 dis
258 2237 454 2318 quibusdam
483 2238 653 2303 affectibus
686 2237 848 2316 amabilis,
889 2236 1016 2318 collegit
1047 2255 1085 2301 ex
1122 2236 1325 2316 Hieronymi,

122 2319 283 2425 Augustini,
313 2345 492 2411 cassiodori
519 2353 550 2410 et
584 2346 669 2409 Petri
701 2345 875 2411 hembardi
909 2344 1090 2421 sententiis,
1115 2351 1261 2408 exactam
1290 2343 1325 2405 in

114 2417 242 2513 psalmos
256 2453 502 2533 expositionem,
519 2453 633 2535 inqua
648 2453 771 2534 typicos
795 2470 911 2515 sensus
926 2452 1069 2515 maxime
1086 2457 1239 2525 sectatur,
1260 2467 1327 2514 non

105 2538 161 2610 ¹²³¹
177 2560 274 2621 umen
295 2565 332 2620 ut
349 2557 520 2623 litteralem
539 2558 793 2639 intelligentiam
813 2557 981 2637 negligat,
1001 2557 1124 2620 addens
1144 2556 1184 2618 ad
1204 2556 1326 2619 calcem

98 2645 272 2740 ⁰¹1juslibet
293 2664 414 2730 Psalmi
436 2666 587 2731 devotam
610 2673 643 2730 et
663 2682 840 2730 consonam
861 2664 925 2744 ipsi
947 2661 1074 2727 Psalmo
1094 2663 1325 2744 precationem.

91 2735 210 2844 oneris
222 2773 356 2835 initium
371 2781 443 2836 ast:
459 2771 553 2838 Sicut
564 2773 645 2838 olim
663 2790 807 2846 monna,
823 2779 882 2835 etc.
901 2770 991 2835 [dem
1011 2788 1049 2835 er
1062 2775 1203 2850 quatuor
1218 2768 1327 2832 Evan-

83 2857 223 2939 ssehstis
247 2877 381 2941 unicam
404 2876 533 2957 collegit
555 2878 630 2941 vitae
652 2877 771 2942 Christi
790 2877 973 2957 historiam,
992 2894 1093 2957 quam
1114 2873 1327 2938 lucidissimis

81 2966 174 3035 Q
147 3000 311 3063 piissimis
322 2983 415 3066 Juxta
427 2981 677 3066 quadruplicem
688 3001 820 3047 sensum
824 2981 1127 3064 explanationibus
1137 2981 1325 3062 illustravit
1361 3042 1366 3049 .

79 3076 233 3170 adjectis
247 3089 406 3153 adfinem
422 3088 631 3169 singulorum
653 3088 873 3172 capitulorum
890 3088 1110 3153 devotissimis
1130 3086 1327 3170 precationi·

80 3166 172 3275 1lus,
192 3197 404 3280 praecedentis
417 3195 552 3277 capituli
570 3204 764 3277 argumento
785 3195 1056 3261 deservientibus.
1079 3196 1164 3278 Opus
1185 3193 1325 3276 incipit:

83 3280 371 3368 Fundamentum
385 3302 493 3379 uliud,
510 3310 572 3368 eto.
587 3301 707 3367 Giaruit
728 3303 791 3368 suh
805 3302 965 3368 Lndovioo
984 3302 1181 3384 Imperatore
1194 3308 1325 3385 quarto,

88 3412 187 3476 ituno
200 3411 331 3476 Domini
349 3411 439 3479 1330.

151 3700 195 3764 EX
208 3717 345 3767 nonanto
358 3716 546 3768 chalamno
560 3719 587 3768 S·
608 3720 636 3766 n.
652 3721 681 3765 Ε.
700 3716 867 3775 cenoman,
889 3716 928 3763 nit
947 3718 1153 3769 summonitus
1168 3720 1273 3770 ECCH·

634 3824 786 3872 srasrtcrs.

140 4060 365 4143 landulphus,
386 4064 453 4127 sive
475 4062 675 4144 Ludolphus,
691 4063 821 4128 natione
837 4065 930 4140 Sara,
946 4066 1144 4147 professione
1160 4064 1326 4131 carthusi·

108 4184 194 4249 anus,
214 4168 265 4231 vir
279 4167 372 4231 valde
386 4168 470 4251 pius,
480 4170 608 4250 scripsit
621 4171 778 4251 optimam
800 4171 972 4236 historiam
984 4173 1059 4236 vitae
1074 4173 1204 4236 Domini
1222 4171 1324 4238 nostri

105 4273 173 4340 lesu
186 4275 306 4341 Christi
316 4293 355 4341 ex
366 4275 548 4358 Evangeliie
563 4277 798 4360 depromptam.
814 4279 949 4362 Scripsit
958 4280 1058 4344 stiam
1071 4280 1326 4347 Commentarios
