2790 4912
95 287 200 341 llctt
227 285 363 340 nuilsrl
389 285 431 339 is
457 286 543 340 illo
570 288 622 342 xli
651 290 756 350 ustitia
784 290 825 344 ln
851 292 969 346 anitii
995 293 1083 347 XXX.
1167 297 1212 352 lta

53 417 72 456 is
85 397 178 471 aperit
190 396 228 453 ad
241 394 292 452 llei
305 397 500 466 conspectum,
516 411 566 452 cor
621 413 674 453 nec
693 403 793 455 contra
814 415 864 456 eos
880 399 1085 469 indignationis
1107 401 1211 473 spiritu

53 487 131 530 anum
147 471 184 526 ab
202 466 279 525 omui
297 468 442 538 superllua
456 466 564 539 cogita-
620 469 772 538 movearis,
794 469 818 524 si
842 487 893 526 eos
914 471 993 528 vides
1014 472 1043 529 in
1067 473 1211 545 aliquibus

53 561 59 600 i
76 541 236 615 purgando.
252 541 322 595 liam
332 608 339 620 ·
349 538 417 619 dum
435 539 522 595 bomo
537 538 566 595 in
620 540 754 610 delicere,
767 546 796 598 et
810 541 852 598 eis
866 543 1048 615 compatiaris
1064 562 1096 602 eir
1112 545 1209 619 corda,

53 632 63 671 i
88 612 258 687 parvitatem
284 610 384 679 resilit,
415 625 446 665 se
479 609 566 667 vilitl·
619 627 653 668 ac
672 629 724 685 pro
743 613 784 670 eis
804 613 971 685 suppliciter
994 616 1209 685 ora,et,eosin

53 690 122 754 lo,se
138 680 324 755 increpando,
340 681 564 751 sedetestando,
620 685 705 740 corde
734 688 793 754 tuo,
812 692 948 756 quantum
974 693 1065 759 potes,
1095 704 1208 760 excusa,

53 756 249 813 inibilitatem
263 752 485 822 considerando,
496 754 565 811 sibi·
621 755 771 827 cogitando
796 758 872 825 quod
897 774 953 814 non
979 765 1060 831 potes
1076 760 1208 833 aliquid,

55 829 91 901 psi
102 826 293 884 intentissime
307 825 493 897 displicendo,
515 841 566 898 pcr
620 842 673 882 nec
687 826 742 899 ipsi
756 833 886 900 possunt,
901 829 956 885 nisi
973 835 1112 902 quantum
1127 830 1209 889 Chri-

59 906 82 958 et
95 899 198 956 similia
217 899 247 955 in
264 902 375 954 tantum
399 897 476 954 circa
497 914 564 969 pro·
620 898 656 953 sti
671 898 763 969 gratia
779 915 893 957 manum
909 916 989 957 suam
1010 903 1141 976 porrigit,
1160 902 1210 975 qui

68 988 129 1029 occu
149 977 215 1027 atur
234 969 359 1039 negotia,
374 968 449 1040 quod
471 969 565 1025 omnis
619 986 676 1025 non
693 986 745 1042 pro
761 971 881 1040 meritis,
897 973 946 1028 sed
968 989 1019 1055 pro
1034 990 1093 1030 sum
1107 974 1208 1032 volun-

63 987 162 1099 inutiiis
188 1039 324 1122 cogitatio
345 1039 460 1122 arescit,
476 1044 505 1097 et
524 1040 565 1096 sic
619 1040 686 1097 tatis
699 1042 877 1123 beneplacito
893 1043 1001 1100 tribuit.
1013 1045 1040 1102 Si
1056 1047 1118 1102 liaec
1132 1045 1210 1118 cogi·
1251 1072 1254 1077 ·

53 1114 156 1171 ,omnia
171 1113 228 1169 alia
243 1112 350 1181 audita,
367 1128 436 1180 visa,
452 1116 480 1167 ct
492 1117 565 1169 tem·
620 1117 735 1183 taveris,
762 1115 861 1171 firmus
888 1115 954 1170 eris.
983 1117 1053 1172 Nam
1073 1133 1137 1188 quae
1165 1123 1209 1175 est

53 1187 112 1242 liter
126 1188 277 1257 operatae
300 1199 331 1239 se
352 1183 474 1255 repellit,
492 1189 520 1240 ct
533 1185 566 1240 in
620 1200 705 1241 cansa
731 1186 808 1255 qnod
837 1185 915 1241 multi
942 1188 1113 1259 quandoque
1134 1188 1208 1245 inci·

53 1257 146 1313 ionem
171 1253 304 1323 adducit,
327 1253 426 1326 incipit
456 1255 493 1311 ad
520 1272 564 1312 se·
618 1256 700 1328 piunt
712 1255 801 1312 multa
815 1255 845 1311 iii
859 1257 1040 1327 abstinentia,
1056 1261 1127 1316 etin
1142 1259 1207 1318 aliis

53 1328 186 1395 uredire,
201 1334 229 1383 et
243 1326 327 1382 modo
342 1325 465 1383 mirabili
479 1328 506 1382 iii
520 1343 564 1383 se·
619 1329 723 1395 lacere,
754 1327 800 1398 qui
831 1343 889 1383 non
921 1336 1116 1399 perseverant,
1144 1348 1207 1388 cor·

53 1399 243 1465 nrevolvitur,
256 1403 284 1455 et
298 1397 337 1453 sic
348 1397 385 1455 ad
396 1397 564 1469 originalem
618 1414 688 1470 pore
721 1398 883 1468 languente,
919 1398 963 1454 vel
992 1400 1093 1471 spiritu
1121 1401 1205 1473 trige-

53 1472 111 1528 tiam
138 1476 166 1528 et
185 1470 330 1527 coelestem
354 1469 564 1541 quodammodo
619 1470 741 1527 scente?
762 1472 843 1526 Certe
870 1469 948 1527 nulla
958 1469 1015 1527 alia
1039 1487 1135 1541 causa,
1152 1472 1207 1530 nisi

53 1548 124 1600 atem
152 1541 250 1614 incipit
275 1540 479 1614 propinquare.
508 1541 563 1612 Sic,
618 1548 735 1615 propter
750 1557 850 1598 eornm
863 1540 1016 1599 elationem
1030 1547 1058 1598 ct
1073 1559 1207 1615 prasum-

68 1616 96 1671 iu
112 1615 237 1687 seipsum
254 1612 420 1683 reflectitur,
434 1618 563 1670 contem·
618 1614 757 1686 ptionem,
777 1613 844 1670 dum
868 1613 904 1671 de
929 1629 959 1670 sc
989 1619 1210 1687 praesumentes,

53 1686 108 1743 onis
136 1687 235 1743 oculus
259 1684 404 1754 dilatatur,
426 1690 455 1741 et
479 1685 509 1741 in
534 1702 564 1742 se
618 1685 682 1742 aliis
701 1685 896 1757 indignantur,
915 1688 944 1741 et
958 1702 1007 1742 eos
1025 1686 1055 1742 in
1072 1686 1207 1745 cordibus

53 1774 83 1814 ini
96 1758 193 1828 erigit,
209 1773 261 1828 per
276 1772 361 1828 quani
380 1759 509 1813 transeat
527 1758 564 1814 ad
617 1757 677 1814 suis
688 1757 864 1829 judicant,et
878 1759 951 1813 Deus
966 1757 1107 1815 subtrahit
1119 1760 1155 1816 ab
1163 1759 1205 1816 eis

53 1829 223 1902 emplandum
241 1833 269 1884 et
296 1828 457 1900 angelicum
480 1828 563 1900 spiri·
617 1830 724 1885 donum
745 1844 848 1897 suum,
877 1828 1094 1901 efficiunturque
1125 1830 1204 1888 dele-

64 1907 92 1958 ct
103 1901 241 1957 divinum.
251 1899 294 1956 dd
309 1900 385 1972 quod
398 1905 521 1972 oportet,
534 1906 563 1956 nt
617 1900 707 1957 ctuosi
726 1901 789 1974 plns
807 1916 892 1971 quam
907 1900 967 1969 alii,
987 1918 1059 1973 quos
1073 1901 1205 1973 primitus

53 1971 251 2030 amateriulia
280 1971 376 2028 omnia
405 1975 441 2028 ab
474 1971 564 2028 oculis
617 1988 716 2028 severe
728 1971 905 2044 judicabant.
923 1975 993 2030 Nam
1015 1973 1206 2030 communiter

62 2045 199 2113 excludat,
229 2043 304 2100 sicut
331 2042 435 2115 aliquis
463 2043 563 2099 volens
616 2043 691 2100 istud
707 2044 820 2113 accidit,
836 2044 913 2115 quod
930 2044 1102 2117 uilicumque
1115 2045 1205 2103 alium

53 2116 221 2173 nvisibilem
245 2113 362 2183 intueri,
383 2129 501 2170 necesse
521 2122 564 2171 est
616 2115 647 2172 in
664 2115 760 2187 aliquo
773 2114 891 2187 judicat,
909 2118 984 2174 Deus
1004 2118 1119 2175 tandem
1139 2133 1205 2174 eum

53 2188 205 2245 >omnibus
219 2185 283 2242 aliis
294 2185 453 2242 visibilibus
466 2186 563 2242 oculos
615 2187 646 2243 iii
662 2188 763 2243 eodem
782 2187 904 2257 delectu,
923 2189 966 2245 vel
983 2191 1085 2261 majori
1102 2190 1206 2247 cadere

53 2264 91 2316 sl.
116 2262 152 2316 Et
179 2275 213 2314 eir
232 2256 283 2314 tali
310 2257 561 2329 contemplatione,
615 2258 763 2330 permittit.
793 2261 867 2330 Ergo
895 2260 1003 2316 servias
1031 2263 1089 2317 Deo
1114 2260 1145 2316 in
1166 2261 1203 2316 ti·

53 2347 83 2387 us
102 2330 137 2388 ad
155 2331 233 2387 bona
251 2329 378 2385 coelestia
397 2328 561 2397 inardescit,
616 2346 706 2399 more,
722 2334 750 2386 et
764 2328 914 2401 siquando
930 2331 1203 2388 tesentiasinexal·

53 2401 115 2460 nuia
130 2400 302 2474 temporalia
321 2406 468 2471 tamquam
492 2400 563 2457 nibil
614 2402 721 2458 tatione
735 2400 869 2473 quadam,
880 2402 916 2458 ob
932 2403 1099 2459 memoriam
1115 2402 1202 2459 bene·

53 2488 66 2530 a
89 2474 174 2546 longe
201 2472 346 2544 prospicit.
365 2473 419 2528 Per
441 2472 494 2528 hoc
514 2472 563 2529 illa
614 2473 744 2529 liciorum
762 2488 826 2598 311ae
846 2471 896 2528 tibi
916 2472 1005 2529 donat
1030 2472 1202 2543 ditissimus,

53 2544 99 2603 'itas
112 2545 142 2601 in
158 2551 254 2600 mente
275 2545 433 2600 fervescere
452 2542 562 2615 incipit,
614 2545 760 2615 apprehen
781 2542 986 2615 edisciplinam
996 2542 1202 2616 increpationis

62 2616 138 2674 velut
165 2615 241 2686 ignis
265 2630 380 2672 omnem
400 2615 561 2686 rubiginem
613 2620 642 2672 et
653 2613 777 2697 proprie
787 2614 1029 2695 reprehensionis,
1044 2614 1202 2686 nequando

53 2704 105 2746 inin
129 2687 282 2744 consumit.
310 2686 356 2744 Sic
383 2691 473 2743 totam
499 2687 561 2742 ani·
615 2687 665 2742 tibi
681 2690 821 2743 irascatur
839 2687 987 2754 Dominus,
1004 2691 1032 2743 et
1051 2701 1152 2758 pereas
1167 2686 1203 2743 de

75 2759 105 2817 in
128 2764 241 2815 tantuin
270 2763 389 2831 occupat
417 2757 559 2827 charitas,
614 2758 660 2815 via
675 2758 764 2829 justa,
788 2760 818 2813 et
836 2757 931 2814 cadas.
956 2759 990 2814 Et
1012 2757 1137 2814 breviter
1160 2773 1203 2815 se-

53 2847 121 2888 ,non
135 2836 181 2888 est
193 2845 250 2901 qua
263 2830 350 2885 intret
364 2829 484 2886 vanitas.
497 2832 560 2886 Jam
614 2845 701 2901 quere
730 2827 828 2885 utilem
854 2831 981 2885 Ansetmi
1004 2829 1165 2887 doctrinam
1193 2846 1200 2885 :

53 2902 109 2975 qnid
132 2904 249 2975 cogitat,
279 2901 416 2973 quidquid
435 2900 560 2973 loquitur
615 2898 757 2969 «Omnia,
778 2899 881 2973 inquit,
898 2901 1035 2958 interiora
1051 2905 1110 2971 tua,
1126 2906 1155 2958 et
1168 2916 1203 2960 ea

53 2980 183 3057 peretur,
198 2978 288 3029 totum
307 2972 438 3044 provenit
463 2989 496 3028 ex
519 2971 560 3027 di·
613 2988 676 3043 quae
687 2971 749 3043 agis
763 2971 908 3044 inspicias,
925 2978 952 3029 et
967 2974 1003 3030 ad
1016 2990 1100 3046 quein
1113 2974 1203 3031 linem

53 3060 95 3103 ine
116 3044 273 3103 charitatis.
290 3047 324 3100 Ut
341 3060 410 3116 ergo
435 3043 558 3099 inbono
612 3060 732 3115 quaeque
757 3051 929 3126 perventura
958 3045 1017 3101 sint
1039 3046 1147 3103 videas.
1167 3047 1203 3103 nt

53 3132 79 3173 er
96 3133 275 3191 perseveres,
293 3122 336 3172 sta
354 3114 461 3187 jugiter
480 3114 509 3170 in
522 3114 558 3170 ti·
612 3118 709 3183 credo,
736 3116 791 3172 nisi
823 3117 938 3173 insanus
967 3117 1020 3186 sie,
1050 3134 1084 3174 ea
1114 3116 1201 3174 iacies

53 3204 67 3258 i,
79 3194 107 3246 et
123 3206 140 3247 a
157 3191 216 3245 Deo
233 3188 359 3243 totaliter
375 3202 557 3257 recognosce,
611 3187 686 3244 unde
697 3186 861 3245 felicitatem
872 3194 900 3245 et
911 3188 1048 3260 gaudium
1060 3187 1199 3260 recipies;

53 3259 127 3334 iipso
138 3259 382 3333 perseverentiam
397 3262 471 3330 pete.
489 3260 521 3313 Et
534 3258 558 3314 si
611 3274 646 3315 ea
667 3274 735 3315 vero
754 3259 890 3327 dimittes,
912 3259 986 3316 uude
1008 3263 1151 3314 tormenta
1173 3262 1203 3314 et

53 3330 87 3389 ib
100 3348 245 3402 corruere,
261 3330 318 3386 noli
333 3329 405 3387 alios
415 3329 556 3401 judicare,
611 3329 901 3388 tristitiammerearis
916 3347 923 3388 :
939 3350 954 3381 »
971 3330 1200 3385 hoecdrvsetmm.

527 3507 655 3566 ORATIO

53 3648 109 3708 lesu
123 3648 213 3720 mitis,
229 3654 257 3706 et
270 3666 345 3707 verae
366 3647 513 3722 patientiae
532 3649 633 3717 forma,
652 3652 680 3704 et
692 3646 862 3705 humilitatis
875 3646 1046 3719 exemplum,
1060 3648 1167 3721 repelle
1184 3667 1203 3709 a

53 3736 129 3779 mnes
144 3723 236 3778 fastus
251 3721 403 3794 superbiae,
419 3726 594 3802 cunctosque
608 3719 752 3793 appetitus
767 3718 861 3776 inanis
880 3719 991 3792 gloriae,
1006 3721 1103 3778 omnia
1117 3721 1202 3780 simul

53 3808 77 3849 ia
89 3800 178 3850 tantae
190 3793 289 3866 pestis,
306 3798 450 3864 tantaeque
465 3792 591 3849 malitie.
607 3793 670 3848 Non
687 3790 734 3861 sit,
749 3793 880 3862 Domine,
895 3808 989 3863 neque
1007 3790 1097 3848 videri
1111 3794 1203 3865 possit

53 3864 152 3922 utenti
171 3865 250 3935 mali,
267 3870 410 3937 tantaeque
426 3863 596 3937 perditionis
615 3863 728 3936 signum
747 3862 777 3920 in
796 3879 878 3921 servo
898 3870 959 3931 tun,
978 3880 1070 3935 neque
1092 3864 1123 3921 in
1143 3881 1203 3924 mo-

64 3937 143 4005 meis,
158 3953 249 4008 neque
263 3936 292 3993 iii
308 3937 411 3999 verbis,
428 3953 519 4007 neque
534 3934 775 4007 infamiamque
789 3950 885 3992 coram
899 3940 927 3992 te
939 3935 969 3993 in
982 3935 1202 4007 cogitationibus

66 4009 165 4066 Funde
181 4025 227 4066 me
242 4007 271 4065 in
287 4024 354 4066 vera
367 4013 394 4065 et
409 4008 550 4080 profunda
565 4006 735 4077 bumilitate,
751 4013 784 4063 nt
799 4007 893 4064 nullus
907 4007 936 4063 in
951 4024 996 4066 me
1011 4013 1107 4080 pateat
1120 4009 1201 4067 loeus

53 4095 149 4138 corum
165 4079 287 4147 insidiis,
303 4086 331 4137 et
344 4085 448 4162 praesta
462 4086 494 4137 ut
507 4079 561 4136 sim
579 4078 714 4162 parvulus
729 4078 759 4135 in
779 4077 870 4137 oculis
885 4078 968 4152 meis,
983 4086 1125 4153 quatenus
1139 4081 1202 4155 ple-

53 4153 170 4226 grutiam
188 4151 334 4212 inveniam
344 4168 377 4211 in
388 4151 545 4211 oculistuae
560 4152 726 4225 majestatis.
741 4151 843 4210 Anien.
