<?xml version="1.0" encoding="UTF-8"?>
<!DOCTYPE html PUBLIC "-//W3C//DTD XHTML 1.0 Transitional//EN"
    "http://www.w3.org/TR/xhtml1/DTD/xhtml1-transitional.dtd">
<html xmlns="http://www.w3.org/1999/xhtml" xml:lang="en" lang="en">
 <head>
  <title>
</title>
<meta http-equiv="Content-Type" content="text/html;charset=utf-8" />
  <meta name='ocr-system' content='tesseract 3.04.00' />
  <meta name='ocr-capabilities' content='ocr_page ocr_carea ocr_par ocr_line ocrx_word'/>
</head>
<body>
  <div class='ocr_page' id='page_1' title='image "./vitajesuchristi02ludogoog_0159.png"; bbox 0 0 2790 4912; ppageno 0'>
   <div class='ocr_carea' id='block_1_1' title="bbox 148 114 1008 179">
    <p class='ocr_par' dir='ltr' id='par_1_1' title="bbox 148 114 1008 179">
     <span class='ocr_line' id='line_1_1' title="bbox 148 114 1008 179; baseline -0.013 -1"><span class='ocrx_word' id='word_1_1' title='bbox 148 121 195 179; x_wconf 68' lang='grc'>146</span> <span class='ocrx_word' id='word_1_2' title='bbox 516 115 625 171; x_wconf 76' lang='lat' dir='ltr'>cuiun</span> <span class='ocrx_word' id='word_1_3' title='bbox 652 117 771 173; x_wconf 81' lang='lat' dir='ltr'>Pturts</span> <span class='ocrx_word' id='word_1_4' title='bbox 798 115 905 171; x_wconf 69' lang='lat' dir='ltr'>CAPUT</span> <span class='ocrx_word' id='word_1_5' title='bbox 932 114 1008 169; x_wconf 75' lang='lat' dir='ltr'>XVII</span> 
     </span>
    </p>
   </div>
   <div class='ocr_carea' id='block_1_2' title="bbox 147 219 1391 1864">
    <p class='ocr_par' dir='ltr' id='par_1_2' title="bbox 147 219 1391 1864">
     <span class='ocr_line' id='line_1_2' title="bbox 150 219 1391 295; baseline -0.002 -11"><span class='ocrx_word' id='word_1_6' title='bbox 150 242 215 284; x_wconf 90' lang='lat' dir='ltr'>eum</span> <span class='ocrx_word' id='word_1_7' title='bbox 240 224 357 282; x_wconf 80' lang='lat' dir='ltr'>dixisset</span> <span class='ocrx_word' id='word_1_8' title='bbox 382 223 458 294; x_wconf 91' lang='lat' dir='ltr'>quod</span> <span class='ocrx_word' id='word_1_9' title='bbox 485 222 560 281; x_wconf 82' lang='lat' dir='ltr'>venit</span> <span class='ocrx_word' id='word_1_10' title='bbox 577 222 737 295; x_wconf 76' lang='lat' dir='ltr'>praedicans</span> <span class='ocrx_word' id='word_1_11' title='bbox 791 224 908 292; x_wconf 78' lang='lat' dir='ltr'>{orienti</span> <span class='ocrx_word' id='word_1_12' title='bbox 929 223 1053 287; x_wconf 77' lang='lat' dir='ltr'>fructum</span> <span class='ocrx_word' id='word_1_13' title='bbox 1074 219 1148 290; x_wconf 57' lang='lat' dir='ltr'>musy</span> <span class='ocrx_word' id='word_1_14' title='bbox 1168 224 1271 279; x_wconf 83' lang='lat' dir='ltr'>saneta</span> <span class='ocrx_word' id='word_1_15' title='bbox 1286 223 1391 293; x_wconf 47' lang='lat' dir='ltr'>Eorta</span> 
     </span>
     <span class='ocr_line' id='line_1_3' title="bbox 149 289 1391 371; baseline -0.003 -16"><span class='ocrx_word' id='word_1_16' title='bbox 149 295 323 371; x_wconf 86' lang='lat' dir='ltr'>baptismum</span> <span class='ocrx_word' id='word_1_17' title='bbox 354 294 544 368; x_wconf 82' lang='lat' dir='ltr'>poenitentiae,</span> <span class='ocrx_word' id='word_1_18' title='bbox 573 294 677 365; x_wconf 88' lang='lat' dir='ltr'>adjecit</span> <span class='ocrx_word' id='word_1_19' title='bbox 708 294 739 351; x_wconf 90' lang='lat' dir='ltr'>in</span> <span class='ocrx_word' id='word_1_20' title='bbox 791 293 844 363; x_wconf 90' lang='lat' dir='ltr'>sia,</span> <span class='ocrx_word' id='word_1_21' title='bbox 859 292 1017 351; x_wconf 87' lang='lat' dir='ltr'>secundum</span> <span class='ocrx_word' id='word_1_22' title='bbox 1040 289 1111 348; x_wconf 87' lang='lat' dir='ltr'>iilud</span> <span class='ocrx_word' id='word_1_23' title='bbox 1127 308 1134 346; x_wconf 75' lang='grc' dir='ltr'><strong><em>ε</em></strong></span> <span class='ocrx_word' id='word_1_24' title='bbox 1149 293 1249 349; x_wconf 73' lang='lat' dir='ltr'>simite</span> <span class='ocrx_word' id='word_1_25' title='bbox 1273 300 1313 352; x_wconf 81' lang='lat' dir='ltr'>ast</span> <span class='ocrx_word' id='word_1_26' title='bbox 1333 313 1391 367; x_wconf 51' lang='grc' dir='ltr'>νε,</span> 
     </span>
     <span class='ocr_line' id='line_1_4' title="bbox 149 363 1389 439; baseline -0.006 -13"><span class='ocrx_word' id='word_1_27' title='bbox 149 367 349 426; x_wconf 83' lang='lat' dir='ltr'>remissionem</span> <span class='ocrx_word' id='word_1_28' title='bbox 375 371 566 439; x_wconf 86' lang='lat' dir='ltr'>peccatorum.</span> <span class='ocrx_word' id='word_1_29' title='bbox 587 366 672 433; x_wconf 83' lang='lat' dir='ltr'>Quasi</span> <span class='ocrx_word' id='word_1_30' title='bbox 694 366 738 422; x_wconf 87' lang='lat' dir='ltr'>di·</span> <span class='ocrx_word' id='word_1_31' title='bbox 791 382 875 435; x_wconf 79' lang='lat' dir='ltr'>ynam</span> <span class='ocrx_word' id='word_1_32' title='bbox 888 367 1013 421; x_wconf 75' lang='lat' dir='ltr'>eoetmmm</span> <span class='ocrx_word' id='word_1_33' title='bbox 1024 363 1115 419; x_wconf 86' lang='lat' dir='ltr'>decem</span> <span class='ocrx_word' id='word_1_34' title='bbox 1128 364 1296 432; x_wconf 66' lang='lat' dir='ltr'>viminibus,</span> <span class='ocrx_word' id='word_1_35' title='bbox 1308 370 1389 436; x_wconf 60' lang='lat' dir='ltr'>ete„</span> 
     </span>
     <span class='ocr_line' id='line_1_5' title="bbox 150 430 1386 509; baseline -0.002 -12"><span class='ocrx_word' id='word_1_36' title='bbox 150 444 245 497; x_wconf 82' lang='lat' dir='ltr'>seret:</span> <span class='ocrx_word' id='word_1_37' title='bbox 261 437 367 494; x_wconf 88' lang='lat' dir='ltr'>Idcirco</span> <span class='ocrx_word' id='word_1_38' title='bbox 378 436 578 494; x_wconf 86' lang='lat' dir='ltr'>suadebatittis</span> <span class='ocrx_word' id='word_1_39' title='bbox 587 437 737 509; x_wconf 74' lang='lat' dir='ltr'>penitere,</span> <span class='ocrx_word' id='word_1_40' title='bbox 792 451 946 508; x_wconf 89' lang='lat' dir='ltr'>supernum</span> <span class='ocrx_word' id='word_1_41' title='bbox 968 433 1085 501; x_wconf 89' lang='lat' dir='ltr'>solium,</span> <span class='ocrx_word' id='word_1_42' title='bbox 1107 436 1268 492; x_wconf 83' lang='lat' dir='ltr'>secundum</span> <span class='ocrx_word' id='word_1_43' title='bbox 1287 430 1386 509; x_wconf 62' lang='lat' dir='ltr'>iltndg&#39;</span> 
     </span>
     <span class='ocr_line' id='line_1_6' title="bbox 149 507 1369 637; baseline -0.003 -70"><span class='ocrx_word' id='word_1_44' title='bbox 149 517 182 567; x_wconf 88' lang='lat' dir='ltr'>ut</span> <span class='ocrx_word' id='word_1_45' title='bbox 197 512 416 581; x_wconf 73' lang='lat' dir='ltr'>subsequentem</span> <span class='ocrx_word' id='word_1_46' title='bbox 432 508 542 565; x_wconf 79' lang='lat' dir='ltr'>facilius</span> <span class='ocrx_word' id='word_1_47' title='bbox 554 508 739 637; x_wconf 42' lang='lat' dir='ltr'>impetrarent</span> <span class='ocrx_word' id='word_1_48' title='bbox 791 510 876 565; x_wconf 75' lang='lat' dir='ltr'>dirici</span> <span class='ocrx_word' id='word_1_49' title='bbox 889 508 924 563; x_wconf 88' lang='lat' dir='ltr'>oh</span> <span class='ocrx_word' id='word_1_50' title='bbox 942 508 1050 563; x_wconf 83' lang='lat' dir='ltr'>Oriente</span> <span class='ocrx_word' id='word_1_51' title='bbox 1064 511 1089 561; x_wconf 85' lang='lat' dir='ltr'>et</span> <span class='ocrx_word' id='word_1_52' title='bbox 1103 507 1250 563; x_wconf 81' lang='lat' dir='ltr'>Occidente</span> <span class='ocrx_word' id='word_1_53' title='bbox 1262 512 1369 585; x_wconf 61' lang='lat' dir='ltr'>emim,</span> 
     </span>
     <span class='ocr_line' id='line_1_7' title="bbox 149 579 1366 652; baseline -0.002 -14"><span class='ocrx_word' id='word_1_54' title='bbox 149 580 590 647; x_wconf 87' lang='lat' dir='ltr'>eredentesiuchristum,uude</span> <span class='ocrx_word' id='word_1_55' title='bbox 617 585 738 652; x_wconf 81' lang='lat' dir='ltr'>aptrsma</span> <span class='ocrx_word' id='word_1_56' title='bbox 791 585 817 635; x_wconf 88' lang='lat' dir='ltr'>et</span> <span class='ocrx_word' id='word_1_57' title='bbox 843 579 997 635; x_wconf 80' lang='lat' dir='ltr'>recumbent</span> <span class='ocrx_word' id='word_1_58' title='bbox 1028 580 1058 633; x_wconf 85' lang='lat' dir='ltr'>in</span> <span class='ocrx_word' id='word_1_59' title='bbox 1083 594 1168 646; x_wconf 84' lang='lat' dir='ltr'>reyno</span> <span class='ocrx_word' id='word_1_60' title='bbox 1192 581 1324 638; x_wconf 81' lang='lat' dir='ltr'>colorum.</span> <span class='ocrx_word' id='word_1_61' title='bbox 1339 590 1366 645; x_wconf 72' lang='lat' dir='ltr'>y</span> 
     </span>
     <span class='ocr_line' id='line_1_8' title="bbox 148 647 1361 724; baseline -0.001 -16"><span class='ocrx_word' id='word_1_62' title='bbox 148 651 221 709; x_wconf 90' lang='lat' dir='ltr'>illud</span> <span class='ocrx_word' id='word_1_63' title='bbox 242 653 351 708; x_wconf 85' lang='lat' dir='ltr'>nuttam</span> <span class='ocrx_word' id='word_1_64' title='bbox 375 650 460 708; x_wconf 88' lang='lat' dir='ltr'>aliam</span> <span class='ocrx_word' id='word_1_65' title='bbox 486 650 586 708; x_wconf 88' lang='lat' dir='ltr'>habuit</span> <span class='ocrx_word' id='word_1_66' title='bbox 609 667 736 720; x_wconf 85' lang='lat' dir='ltr'>eausam,</span> <span class='ocrx_word' id='word_1_67' title='bbox 790 651 944 707; x_wconf 89' lang='lat' dir='ltr'>hoctotum</span> <span class='ocrx_word' id='word_1_68' title='bbox 959 647 1361 724; x_wconf 70' lang='lat' dir='ltr'>potestbicintelligi.dgend2</span> 
     </span>
     <span class='ocr_line' id='line_1_9' title="bbox 149 720 1357 796; baseline 0 -16"><span class='ocrx_word' id='word_1_69' title='bbox 149 722 206 780; x_wconf 91' lang='lat' dir='ltr'>nisi</span> <span class='ocrx_word' id='word_1_70' title='bbox 224 725 301 796; x_wconf 90' lang='lat' dir='ltr'>quud</span> <span class='ocrx_word' id='word_1_71' title='bbox 324 722 561 796; x_wconf 69' lang='lat' dir='ltr'>preparatorium</span> <span class='ocrx_word' id='word_1_72' title='bbox 577 727 637 779; x_wconf 89' lang='lat' dir='ltr'>erat</span> <span class='ocrx_word' id='word_1_73' title='bbox 653 723 688 778; x_wconf 88' lang='lat' dir='ltr'>ad</span> <span class='ocrx_word' id='word_1_74' title='bbox 703 723 737 778; x_wconf 88' lang='lat' dir='ltr'>ss·</span> <span class='ocrx_word' id='word_1_75' title='bbox 791 727 834 779; x_wconf 90' lang='lat' dir='ltr'>est</span> <span class='ocrx_word' id='word_1_76' title='bbox 857 720 1024 794; x_wconf 87' lang='lat' dir='ltr'>poenitentia</span> <span class='ocrx_word' id='word_1_77' title='bbox 1037 725 1066 776; x_wconf 89' lang='lat' dir='ltr'>et</span> <span class='ocrx_word' id='word_1_78' title='bbox 1084 736 1143 777; x_wconf 92' lang='lat' dir='ltr'>non</span> <span class='ocrx_word' id='word_1_79' title='bbox 1165 737 1241 791; x_wconf 91' lang='lat' dir='ltr'>sera,</span> <span class='ocrx_word' id='word_1_80' title='bbox 1256 738 1314 793; x_wconf 81' lang='lat' dir='ltr'>quae</span> <span class='ocrx_word' id='word_1_81' title='bbox 1326 734 1357 783; x_wconf 86' lang='lat' dir='ltr'>cst</span> 
     </span>
     <span class='ocr_line' id='line_1_10' title="bbox 148 794 1353 866; baseline 0.001 -15"><span class='ocrx_word' id='word_1_82' title='bbox 148 795 238 852; x_wconf 89' lang='lat' dir='ltr'>dem:</span> <span class='ocrx_word' id='word_1_83' title='bbox 256 816 271 847; x_wconf 82' lang='lat' dir='ltr'>u</span> <span class='ocrx_word' id='word_1_84' title='bbox 295 796 355 850; x_wconf 82' lang='lat' dir='ltr'>baeo</span> <span class='ocrx_word' id='word_1_85' title='bbox 375 796 592 864; x_wconf 66' lang='lat' dir='ltr'>chrysostomus.</span> <span class='ocrx_word' id='word_1_86' title='bbox 611 794 690 851; x_wconf 82' lang='lat' dir='ltr'>Unde</span> <span class='ocrx_word' id='word_1_87' title='bbox 709 800 737 851; x_wconf 89' lang='lat' dir='ltr'>et</span> <span class='ocrx_word' id='word_1_88' title='bbox 790 794 1002 860; x_wconf 67' lang='lat' dir='ltr'>damnatorum</span> <span class='ocrx_word' id='word_1_89' title='bbox 1031 807 1087 848; x_wconf 91' lang='lat' dir='ltr'>non</span> <span class='ocrx_word' id='word_1_90' title='bbox 1115 799 1224 862; x_wconf 86' lang='lat' dir='ltr'>coacta,</span> <span class='ocrx_word' id='word_1_91' title='bbox 1250 809 1308 866; x_wconf 81' lang='lat' dir='ltr'>que</span> <span class='ocrx_word' id='word_1_92' title='bbox 1323 804 1353 852; x_wconf 83' lang='lat' dir='ltr'>cn</span> 
     </span>
     <span class='ocr_line' id='line_1_11' title="bbox 148 863 1356 939; baseline -0.002 -15"><span class='ocrx_word' id='word_1_93' title='bbox 148 866 369 939; x_wconf 83' lang='lat' dir='ltr'>baptizabantur</span> <span class='ocrx_word' id='word_1_94' title='bbox 394 865 423 921; x_wconf 90' lang='lat' dir='ltr'>in</span> <span class='ocrx_word' id='word_1_95' title='bbox 447 865 582 934; x_wconf 82' lang='lat' dir='ltr'>Jordane,</span> <span class='ocrx_word' id='word_1_96' title='bbox 613 865 661 937; x_wconf 89' lang='lat' dir='ltr'>qui</span> <span class='ocrx_word' id='word_1_97' title='bbox 689 866 737 921; x_wconf 83' lang='lat' dir='ltr'>de·</span> <span class='ocrx_word' id='word_1_98' title='bbox 791 864 949 932; x_wconf 67' lang='lat' dir='ltr'>latronum</span> <span class='ocrx_word' id='word_1_99' title='bbox 973 879 1032 919; x_wconf 92' lang='lat' dir='ltr'>non</span> <span class='ocrx_word' id='word_1_100' title='bbox 1054 863 1131 932; x_wconf 83' lang='lat' dir='ltr'>deta,</span> <span class='ocrx_word' id='word_1_101' title='bbox 1146 880 1211 935; x_wconf 70' lang='lat' dir='ltr'>quas</span> <span class='ocrx_word' id='word_1_102' title='bbox 1229 868 1272 922; x_wconf 89' lang='lat' dir='ltr'>est</span> <span class='ocrx_word' id='word_1_103' title='bbox 1290 866 1356 939; x_wconf 75' lang='lat' dir='ltr'>hypo-</span> 
     </span>
     <span class='ocr_line' id='line_1_12' title="bbox 147 934 1352 1008; baseline 0.002 -15"><span class='ocrx_word' id='word_1_104' title='bbox 147 939 480 1008; x_wconf 77' lang='lat' dir='ltr'>seemn&#39;ointerpretatur,</span> <span class='ocrx_word' id='word_1_105' title='bbox 494 936 530 992; x_wconf 91' lang='lat' dir='ltr'>de</span> <span class='ocrx_word' id='word_1_106' title='bbox 544 936 679 1008; x_wconf 89' lang='lat' dir='ltr'>superbia</span> <span class='ocrx_word' id='word_1_107' title='bbox 693 953 738 993; x_wconf 84' lang='lat' dir='ltr'>ve·</span> <span class='ocrx_word' id='word_1_108' title='bbox 791 935 940 1004; x_wconf 87' lang='lat' dir='ltr'>critarum;</span> <span class='ocrx_word' id='word_1_109' title='bbox 968 950 1025 991; x_wconf 94' lang='lat' dir='ltr'>non</span> <span class='ocrx_word' id='word_1_110' title='bbox 1052 934 1215 1007; x_wconf 86' lang='lat' dir='ltr'>desperata,</span> <span class='ocrx_word' id='word_1_111' title='bbox 1244 952 1303 1008; x_wconf 80' lang='lat' dir='ltr'>qnae</span> <span class='ocrx_word' id='word_1_112' title='bbox 1320 942 1352 995; x_wconf 85' lang='lat' dir='ltr'>est</span> 
     </span>
     <span class='ocr_line' id='line_1_13' title="bbox 148 1006 1352 1079; baseline 0 -13"><span class='ocrx_word' id='word_1_113' title='bbox 148 1008 217 1066; x_wconf 86' lang='lat' dir='ltr'>teris</span> <span class='ocrx_word' id='word_1_114' title='bbox 234 1009 357 1065; x_wconf 89' lang='lat' dir='ltr'>hominis</span> <span class='ocrx_word' id='word_1_115' title='bbox 371 1009 407 1065; x_wconf 90' lang='lat' dir='ltr'>ad</span> <span class='ocrx_word' id='word_1_116' title='bbox 425 1007 613 1065; x_wconf 90' lang='lat' dir='ltr'>bumilitatem</span> <span class='ocrx_word' id='word_1_117' title='bbox 626 1008 737 1065; x_wconf 81' lang='lat' dir='ltr'>confes·</span> <span class='ocrx_word' id='word_1_118' title='bbox 790 1006 983 1079; x_wconf 64' lang='lat' dir='ltr'>perditorum</span> <span class='ocrx_word' id='word_1_119' title='bbox 1009 1006 1060 1062; x_wconf 87' lang='lat' dir='ltr'>sed</span> <span class='ocrx_word' id='word_1_120' title='bbox 1079 1022 1157 1075; x_wconf 83' lang='lat' dir='ltr'>vera,</span> <span class='ocrx_word' id='word_1_121' title='bbox 1177 1023 1253 1078; x_wconf 82' lang='lat' dir='ltr'>qnae,</span> <span class='ocrx_word' id='word_1_122' title='bbox 1275 1023 1352 1066; x_wconf 82' lang='lat' dir='ltr'>semn-</span> 
     </span>
     <span class='ocr_line' id='line_1_14' title="bbox 149 1078 1352 1149; baseline -0.001 -13"><span class='ocrx_word' id='word_1_123' title='bbox 149 1079 239 1136; x_wconf 86' lang='lat' dir='ltr'>sionis</span> <span class='ocrx_word' id='word_1_124' title='bbox 254 1086 282 1137; x_wconf 89' lang='lat' dir='ltr'>et</span> <span class='ocrx_word' id='word_1_125' title='bbox 296 1078 504 1137; x_wconf 88' lang='lat' dir='ltr'>emendationis</span> <span class='ocrx_word' id='word_1_126' title='bbox 518 1079 737 1148; x_wconf 87' lang='lat' dir='ltr'>descendentes,</span> <span class='ocrx_word' id='word_1_127' title='bbox 790 1078 859 1136; x_wconf 91' lang='lat' dir='ltr'>dum</span> <span class='ocrx_word' id='word_1_128' title='bbox 887 1080 1127 1147; x_wconf 72' lang='lat' dir='ltr'>chrysostomum,</span> <span class='ocrx_word' id='word_1_129' title='bbox 1159 1094 1210 1134; x_wconf 88' lang='lat' dir='ltr'>cor</span> <span class='ocrx_word' id='word_1_130' title='bbox 1235 1079 1352 1149; x_wconf 78' lang='lat' dir='ltr'>mundat,</span> 
     </span>
     <span class='ocr_line' id='line_1_15' title="bbox 149 1147 1351 1223; baseline 0.001 -16"><span class='ocrx_word' id='word_1_131' title='bbox 149 1157 303 1223; x_wconf 90' lang='lat' dir='ltr'>quatenns,</span> <span class='ocrx_word' id='word_1_132' title='bbox 330 1150 461 1207; x_wconf 87' lang='lat' dir='ltr'>abdicata</span> <span class='ocrx_word' id='word_1_133' title='bbox 485 1150 542 1208; x_wconf 86' lang='lat' dir='ltr'>vita</span> <span class='ocrx_word' id='word_1_134' title='bbox 567 1150 665 1221; x_wconf 81' lang='lat' dir='ltr'>veteri,</span> <span class='ocrx_word' id='word_1_135' title='bbox 691 1168 737 1208; x_wconf 90' lang='lat' dir='ltr'>re·</span> <span class='ocrx_word' id='word_1_136' title='bbox 791 1166 892 1206; x_wconf 89' lang='lat' dir='ltr'>sensus</span> <span class='ocrx_word' id='word_1_137' title='bbox 906 1147 1058 1217; x_wconf 83' lang='lat' dir='ltr'>illuminat,</span> <span class='ocrx_word' id='word_1_138' title='bbox 1073 1153 1102 1205; x_wconf 90' lang='lat' dir='ltr'>et</span> <span class='ocrx_word' id='word_1_139' title='bbox 1117 1150 1154 1205; x_wconf 87' lang='lat' dir='ltr'>ad</span> <span class='ocrx_word' id='word_1_140' title='bbox 1169 1149 1351 1223; x_wconf 84' lang='lat' dir='ltr'>susceptionsn</span> 
     </span>
     <span class='ocr_line' id='line_1_16' title="bbox 148 1220 1350 1305; baseline -0.001 -26"><span class='ocrx_word' id='word_1_141' title='bbox 148 1222 248 1280; x_wconf 81' lang='lat' dir='ltr'>novari</span> <span class='ocrx_word' id='word_1_142' title='bbox 272 1228 452 1279; x_wconf 89' lang='lat' dir='ltr'>mererentur</span> <span class='ocrx_word' id='word_1_143' title='bbox 473 1221 502 1278; x_wconf 93' lang='lat' dir='ltr'>in</span> <span class='ocrx_word' id='word_1_144' title='bbox 525 1222 646 1279; x_wconf 85' lang='lat' dir='ltr'>cbristo.</span> <span class='ocrx_word' id='word_1_145' title='bbox 671 1222 737 1279; x_wconf 84' lang='lat' dir='ltr'>ideo</span> <span class='ocrx_word' id='word_1_146' title='bbox 790 1220 895 1279; x_wconf 84' lang='lat' dir='ltr'>Christi</span> <span class='ocrx_word' id='word_1_147' title='bbox 913 1220 1039 1277; x_wconf 91' lang='lat' dir='ltr'>bumana</span> <span class='ocrx_word' id='word_1_148' title='bbox 1052 1221 1212 1293; x_wconf 77' lang='lat' dir='ltr'>praecordia</span> <span class='ocrx_word' id='word_1_149' title='bbox 1226 1226 1350 1305; x_wconf 77' lang='lat' dir='ltr'>preparat.</span> 
     </span>
     <span class='ocr_line' id='line_1_17' title="bbox 148 1291 1352 1366; baseline 0 -15"><span class='ocrx_word' id='word_1_150' title='bbox 148 1293 234 1351; x_wconf 88' lang='lat' dir='ltr'>etiam</span> <span class='ocrx_word' id='word_1_151' title='bbox 254 1293 456 1351; x_wconf 85' lang='lat' dir='ltr'>convenienter</span> <span class='ocrx_word' id='word_1_152' title='bbox 472 1293 631 1366; x_wconf 88' lang='lat' dir='ltr'>baptismus</span> <span class='ocrx_word' id='word_1_153' title='bbox 648 1296 736 1351; x_wconf 85' lang='lat' dir='ltr'>Joan-</span> <span class='ocrx_word' id='word_1_154' title='bbox 792 1294 827 1350; x_wconf 88' lang='lat' dir='ltr'>Ut</span> <span class='ocrx_word' id='word_1_155' title='bbox 840 1297 936 1349; x_wconf 88' lang='lat' dir='ltr'>autem</span> <span class='ocrx_word' id='word_1_156' title='bbox 947 1291 987 1348; x_wconf 89' lang='lat' dir='ltr'>ait</span> <span class='ocrx_word' id='word_1_157' title='bbox 1001 1295 1185 1362; x_wconf 78' lang='lat' dir='ltr'>Hieronymus</span> <span class='ocrx_word' id='word_1_158' title='bbox 1199 1313 1208 1347; x_wconf 74' lang='grc' dir='ltr'><strong><em>ι</em></strong></span> <span class='ocrx_word' id='word_1_159' title='bbox 1223 1312 1237 1346; x_wconf 79' lang='lat' dir='ltr'>n</span> <span class='ocrx_word' id='word_1_160' title='bbox 1251 1294 1352 1351; x_wconf 86' lang='lat' dir='ltr'>Pnnun</span> 
     </span>
     <span class='ocr_line' id='line_1_18' title="bbox 149 1363 1353 1437; baseline 0 -15"><span class='ocrx_word' id='word_1_161' title='bbox 149 1365 196 1422; x_wconf 91' lang='lat' dir='ltr'>nis</span> <span class='ocrx_word' id='word_1_162' title='bbox 218 1367 309 1423; x_wconf 84' lang='lat' dir='ltr'>sactus</span> <span class='ocrx_word' id='word_1_163' title='bbox 325 1366 411 1422; x_wconf 88' lang='lat' dir='ltr'>estin</span> <span class='ocrx_word' id='word_1_164' title='bbox 426 1366 565 1433; x_wconf 83' lang='lat' dir='ltr'>Jordane;</span> <span class='ocrx_word' id='word_1_165' title='bbox 589 1365 657 1437; x_wconf 87' lang='lat' dir='ltr'>qnia</span> <span class='ocrx_word' id='word_1_166' title='bbox 677 1370 738 1422; x_wconf 87' lang='lat' dir='ltr'>erat</span> <span class='ocrx_word' id='word_1_167' title='bbox 790 1363 918 1436; x_wconf 88' lang='lat' dir='ltr'>Baptista</span> <span class='ocrx_word' id='word_1_168' title='bbox 945 1365 1070 1420; x_wconf 82' lang='lat' dir='ltr'>Joannes</span> <span class='ocrx_word' id='word_1_169' title='bbox 1097 1380 1220 1435; x_wconf 82' lang='lat' dir='ltr'>regnum</span> <span class='ocrx_word' id='word_1_170' title='bbox 1241 1364 1353 1423; x_wconf 79' lang='lat' dir='ltr'>coelorun</span> 
     </span>
     <span class='ocr_line' id='line_1_19' title="bbox 190 1435 1357 1563; baseline -0.001 -70"><span class='ocrx_word' id='word_1_171' title='bbox 190 1438 280 1493; x_wconf 85' lang='lat' dir='ltr'>aedam</span> <span class='ocrx_word' id='word_1_172' title='bbox 293 1436 460 1509; x_wconf 89' lang='lat' dir='ltr'>protestatio</span> <span class='ocrx_word' id='word_1_173' title='bbox 474 1436 736 1507; x_wconf 80' lang='lat' dir='ltr'>penitentiaeagen·</span> <span class='ocrx_word' id='word_1_174' title='bbox 790 1435 936 1563; x_wconf 61' lang='lat' dir='ltr'>Eraedicat,</span> <span class='ocrx_word' id='word_1_175' title='bbox 952 1440 984 1491; x_wconf 90' lang='lat' dir='ltr'>nt</span> <span class='ocrx_word' id='word_1_176' title='bbox 1008 1450 1169 1518; x_wconf 84' lang='lat' dir='ltr'>praecursor</span> <span class='ocrx_word' id='word_1_177' title='bbox 1194 1435 1298 1493; x_wconf 86' lang='lat' dir='ltr'>Domini</span> <span class='ocrx_word' id='word_1_178' title='bbox 1311 1436 1357 1492; x_wconf 81' lang='lat' dir='ltr'>bor:</span> 
     </span>
     <span class='ocr_line' id='line_1_20' title="bbox 168 1506 1358 1589; baseline -0.001 -24"><span class='ocrx_word' id='word_1_179' title='bbox 168 1521 204 1578; x_wconf 79' lang='lat' dir='ltr'>m,</span> <span class='ocrx_word' id='word_1_180' title='bbox 219 1524 370 1580; x_wconf 89' lang='lat' dir='ltr'>perquam</span> <span class='ocrx_word' id='word_1_181' title='bbox 389 1507 601 1589; x_wconf 90' lang='lat' dir='ltr'>appropinquat</span> <span class='ocrx_word' id='word_1_182' title='bbox 616 1524 736 1580; x_wconf 88' lang='lat' dir='ltr'>regnum</span> <span class='ocrx_word' id='word_1_183' title='bbox 811 1511 949 1564; x_wconf 88' lang='lat' dir='ltr'>oneretur</span> <span class='ocrx_word' id='word_1_184' title='bbox 971 1506 1130 1578; x_wconf 78' lang='lat' dir='ltr'>privilegio.</span> <span class='ocrx_word' id='word_1_185' title='bbox 1149 1528 1165 1558; x_wconf 88' lang='lat'>»</span> <span class='ocrx_word' id='word_1_186' title='bbox 1185 1508 1263 1564; x_wconf 91' lang='lat' dir='ltr'>Unde</span> <span class='ocrx_word' id='word_1_187' title='bbox 1279 1510 1358 1563; x_wconf 68' lang='lat' dir='ltr'>res</span> 
     </span>
     <span class='ocr_line' id='line_1_21' title="bbox 148 1578 1356 1651; baseline -0.002 -15"><span class='ocrx_word' id='word_1_188' title='bbox 148 1580 304 1648; x_wconf 78' lang='lat' dir='ltr'>emiorum,</span> <span class='ocrx_word' id='word_1_189' title='bbox 336 1585 365 1636; x_wconf 92' lang='lat' dir='ltr'>et</span> <span class='ocrx_word' id='word_1_190' title='bbox 397 1584 533 1636; x_wconf 81' lang='lat' dir='ltr'>transitus</span> <span class='ocrx_word' id='word_1_191' title='bbox 564 1580 601 1636; x_wconf 86' lang='lat' dir='ltr'>ad</span> <span class='ocrx_word' id='word_1_192' title='bbox 630 1587 735 1637; x_wconf 87' lang='lat' dir='ltr'>terram</span> <span class='ocrx_word' id='word_1_193' title='bbox 789 1581 935 1635; x_wconf 74' lang='lat' dir='ltr'>decennos</span> <span class='ocrx_word' id='word_1_194' title='bbox 956 1578 1035 1647; x_wconf 91' lang='lat' dir='ltr'>dicit,</span> <span class='ocrx_word' id='word_1_195' title='bbox 1071 1580 1128 1634; x_wconf 90' lang='lat' dir='ltr'>uod</span> <span class='ocrx_word' id='word_1_196' title='bbox 1146 1584 1212 1651; x_wconf 90' lang='lat' dir='ltr'>post</span> <span class='ocrx_word' id='word_1_197' title='bbox 1230 1583 1356 1650; x_wconf 77' lang='lat' dir='ltr'>peecatum</span> 
     </span>
     <span class='ocr_line' id='line_1_22' title="bbox 148 1594 1357 1719; baseline -0.001 -13"><span class='ocrx_word' id='word_1_198' title='bbox 148 1649 314 1717; x_wconf 83' lang='lat' dir='ltr'>viventium,</span> <span class='ocrx_word' id='word_1_199' title='bbox 339 1649 412 1709; x_wconf 87' lang='lat' dir='ltr'>sicut</span> <span class='ocrx_word' id='word_1_200' title='bbox 438 1650 489 1707; x_wconf 86' lang='lat' dir='ltr'>filii</span> <span class='ocrx_word' id='word_1_201' title='bbox 514 1653 600 1708; x_wconf 86' lang='lat' dir='ltr'>lsraet</span> <span class='ocrx_word' id='word_1_202' title='bbox 621 1652 658 1709; x_wconf 90' lang='lat' dir='ltr'>ad</span> <span class='ocrx_word' id='word_1_203' title='bbox 681 1657 737 1708; x_wconf 88' lang='lat' dir='ltr'>ter·</span> <span class='ocrx_word' id='word_1_204' title='bbox 789 1650 868 1719; x_wconf 82' lang='lat' dir='ltr'>Adae,</span> <span class='ocrx_word' id='word_1_205' title='bbox 888 1656 917 1706; x_wconf 89' lang='lat' dir='ltr'>et</span> <span class='ocrx_word' id='word_1_206' title='bbox 935 1649 1012 1705; x_wconf 88' lang='lat' dir='ltr'>illius</span> <span class='ocrx_word' id='word_1_207' title='bbox 1033 1594 1133 1705; x_wconf 44' lang='lat' dir='ltr'>ustioni</span> <span class='ocrx_word' id='word_1_208' title='bbox 1155 1650 1357 1707; x_wconf 86' lang='lat' dir='ltr'>vastitatenso-</span> 
     </span>
     <span class='ocr_line' id='line_1_23' title="bbox 147 1719 1362 1794; baseline 0.002 -17"><span class='ocrx_word' id='word_1_209' title='bbox 147 1736 209 1778; x_wconf 90' lang='lat' dir='ltr'>ram</span> <span class='ocrx_word' id='word_1_210' title='bbox 244 1721 441 1793; x_wconf 81' lang='lat' dir='ltr'>promissionis</span> <span class='ocrx_word' id='word_1_211' title='bbox 477 1723 651 1779; x_wconf 88' lang='lat' dir='ltr'>transierunt</span> <span class='ocrx_word' id='word_1_212' title='bbox 684 1739 737 1794; x_wconf 94' lang='lat' dir='ltr'>per</span> <span class='ocrx_word' id='word_1_213' title='bbox 789 1720 924 1790; x_wconf 84' lang='lat' dir='ltr'>temnem,</span> <span class='ocrx_word' id='word_1_214' title='bbox 947 1721 1037 1778; x_wconf 86' lang='lat' dir='ltr'>etecta</span> <span class='ocrx_word' id='word_1_215' title='bbox 1050 1727 1094 1777; x_wconf 90' lang='lat' dir='ltr'>est</span> <span class='ocrx_word' id='word_1_216' title='bbox 1110 1722 1253 1792; x_wconf 87' lang='lat' dir='ltr'>justorum</span> <span class='ocrx_word' id='word_1_217' title='bbox 1265 1719 1362 1778; x_wconf 65' lang='lat' dir='ltr'>inuata</span> 
     </span>
     <span class='ocr_line' id='line_1_24' title="bbox 147 1788 1361 1864; baseline -0.001 -16"><span class='ocrx_word' id='word_1_218' title='bbox 147 1792 282 1849; x_wconf 76' lang='lat' dir='ltr'>iordanis</span> <span class='ocrx_word' id='word_1_219' title='bbox 303 1794 431 1848; x_wconf 83' lang='lat' dir='ltr'>tluuium.</span> <span class='ocrx_word' id='word_1_220' title='bbox 455 1793 611 1864; x_wconf 80' lang='lat' dir='ltr'>baptizarit</span> <span class='ocrx_word' id='word_1_221' title='bbox 638 1799 734 1851; x_wconf 89' lang='lat' dir='ltr'>autem</span> <span class='ocrx_word' id='word_1_222' title='bbox 808 1792 948 1861; x_wconf 88' lang='lat' dir='ltr'>turatitas,</span> <span class='ocrx_word' id='word_1_223' title='bbox 966 1808 1031 1863; x_wconf 85' lang='lat' dir='ltr'>cum</span> <span class='ocrx_word' id='word_1_224' title='bbox 1046 1791 1150 1864; x_wconf 91' lang='lat' dir='ltr'>quibus</span> <span class='ocrx_word' id='word_1_225' title='bbox 1166 1795 1240 1850; x_wconf 85' lang='lat' dir='ltr'>Deus</span> <span class='ocrx_word' id='word_1_226' title='bbox 1253 1788 1361 1850; x_wconf 77' lang='lat' dir='ltr'>taeicsd</span> 
     </span>
    </p>
   </div>
   <div class='ocr_carea' id='block_1_3' title="bbox 146 1808 1359 1936">
    <p class='ocr_par' dir='ltr' id='par_1_3' title="bbox 146 1808 1359 1936">
     <span class='ocr_line' id='line_1_25' title="bbox 146 1808 1359 1936; baseline 0 -17"><span class='ocrx_word' id='word_1_227' title='bbox 146 1865 273 1920; x_wconf 72' lang='lat' dir='ltr'>ioannes</span> <span class='ocrx_word' id='word_1_228' title='bbox 307 1868 424 1934; x_wconf 86' lang='lat' dir='ltr'>propter</span> <span class='ocrx_word' id='word_1_229' title='bbox 453 1862 550 1934; x_wconf 85' lang='lat' dir='ltr'>plures</span> <span class='ocrx_word' id='word_1_230' title='bbox 585 1864 732 1922; x_wconf 88' lang='lat' dir='ltr'>rationes:</span> <span class='ocrx_word' id='word_1_231' title='bbox 788 1808 890 1921; x_wconf 58' lang='lat' dir='ltr'>Faciem</span> <span class='ocrx_word' id='word_1_232' title='bbox 906 1864 1018 1921; x_wconf 86' lang='lat' dir='ltr'>locutus</span> <span class='ocrx_word' id='word_1_233' title='bbox 1039 1862 1359 1936; x_wconf 77' lang='lat' dir='ltr'>ruissedignosciuntt</span> 
     </span>
    </p>
   </div>
   <div class='ocr_carea' id='block_1_4' title="bbox 72 1932 1391 4148">
    <p class='ocr_par' dir='ltr' id='par_1_4' title="bbox 72 1932 1391 4148">
     <span class='ocr_line' id='line_1_26' title="bbox 145 1932 1359 2007; baseline 0.003 -18"><span class='ocrx_word' id='word_1_234' title='bbox 145 1933 238 2006; x_wconf 89' lang='lat' dir='ltr'>prima</span> <span class='ocrx_word' id='word_1_235' title='bbox 266 1938 319 2002; x_wconf 90' lang='lat' dir='ltr'>est,</span> <span class='ocrx_word' id='word_1_236' title='bbox 350 1934 506 1990; x_wconf 88' lang='lat' dir='ltr'>secundum</span> <span class='ocrx_word' id='word_1_237' title='bbox 533 1936 732 2003; x_wconf 81' lang='lat' dir='ltr'>Arcyustinum,</span> <span class='ocrx_word' id='word_1_238' title='bbox 788 1936 963 1993; x_wconf 90' lang='lat' dir='ltr'>enumeratis</span> <span class='ocrx_word' id='word_1_239' title='bbox 1018 1935 1149 2007; x_wconf 84' lang='lat' dir='ltr'>raeeipuis</span> <span class='ocrx_word' id='word_1_240' title='bbox 1185 1932 1359 1999; x_wconf 78' lang='lat' dir='ltr'>Patriarchis.</span> 
     </span>
     <span class='ocr_line' id='line_1_27' title="bbox 144 1950 1356 2086; baseline 0.003 -26"><span class='ocrx_word' id='word_1_241' title='bbox 144 2009 177 2061; x_wconf 94' lang='lat' dir='ltr'>ut</span> <span class='ocrx_word' id='word_1_242' title='bbox 193 2003 369 2086; x_wconf 80' lang='lat' dir='ltr'>signiticaret</span> <span class='ocrx_word' id='word_1_243' title='bbox 383 2004 559 2076; x_wconf 78' lang='lat' dir='ltr'>baptismum</span> <span class='ocrx_word' id='word_1_244' title='bbox 573 2006 691 2076; x_wconf 85' lang='lat' dir='ltr'>Christi,</span> <span class='ocrx_word' id='word_1_245' title='bbox 706 2014 734 2064; x_wconf 88' lang='lat' dir='ltr'>et</span> <span class='ocrx_word' id='word_1_246' title='bbox 789 2008 932 2076; x_wconf 83' lang='lat' dir='ltr'>Patribus,</span> <span class='ocrx_word' id='word_1_247' title='bbox 947 2011 975 2063; x_wconf 91' lang='lat' dir='ltr'>et</span> <span class='ocrx_word' id='word_1_248' title='bbox 991 1950 1141 2078; x_wconf 52' lang='lat' dir='ltr'>ieropbetis</span> <span class='ocrx_word' id='word_1_249' title='bbox 1156 2007 1266 2065; x_wconf 80' lang='lat' dir='ltr'>Veteris</span> <span class='ocrx_word' id='word_1_250' title='bbox 1277 2008 1356 2064; x_wconf 79' lang='lat' dir='ltr'>rou·</span> 
     </span>
     <span class='ocr_line' id='line_1_28' title="bbox 145 2073 1357 2151; baseline -0.001 -19"><span class='ocrx_word' id='word_1_251' title='bbox 145 2076 187 2132; x_wconf 90' lang='lat' dir='ltr'>sic</span> <span class='ocrx_word' id='word_1_252' title='bbox 207 2077 261 2133; x_wconf 82' lang='lat' dir='ltr'>suit</span> <span class='ocrx_word' id='word_1_253' title='bbox 285 2081 513 2145; x_wconf 65' lang='lat' dir='ltr'>sacramentum</span> <span class='ocrx_word' id='word_1_254' title='bbox 532 2078 659 2151; x_wconf 86' lang='lat' dir='ltr'>secunda</span> <span class='ocrx_word' id='word_1_255' title='bbox 678 2084 732 2149; x_wconf 89' lang='lat' dir='ltr'>est,</span> <span class='ocrx_word' id='word_1_256' title='bbox 788 2077 876 2135; x_wconf 91' lang='lat' dir='ltr'>menti</span> <span class='ocrx_word' id='word_1_257' title='bbox 903 2077 1054 2145; x_wconf 82' lang='lat' dir='ltr'>subinfert,</span> <span class='ocrx_word' id='word_1_258' title='bbox 1080 2077 1147 2148; x_wconf 91' lang='lat' dir='ltr'>quia</span> <span class='ocrx_word' id='word_1_259' title='bbox 1169 2080 1205 2135; x_wconf 89' lang='lat' dir='ltr'>ab</span> <span class='ocrx_word' id='word_1_260' title='bbox 1228 2078 1269 2135; x_wconf 88' lang='lat' dir='ltr'>eis</span> <span class='ocrx_word' id='word_1_261' title='bbox 1292 2073 1357 2134; x_wconf 76' lang='lat' dir='ltr'>nun</span> 
     </span>
     <span class='ocr_line' id='line_1_29' title="bbox 146 2144 1353 2233; baseline 0 -29"><span class='ocrx_word' id='word_1_262' title='bbox 146 2148 303 2204; x_wconf 87' lang='lat' dir='ltr'>secundum</span> <span class='ocrx_word' id='word_1_263' title='bbox 328 2150 557 2217; x_wconf 76' lang='lat' dir='ltr'>chrysostomum,</span> <span class='ocrx_word' id='word_1_264' title='bbox 574 2155 604 2205; x_wconf 90' lang='lat' dir='ltr'>ut</span> <span class='ocrx_word' id='word_1_265' title='bbox 624 2165 657 2205; x_wconf 78' lang='lat' dir='ltr'>ea</span> <span class='ocrx_word' id='word_1_266' title='bbox 681 2167 733 2206; x_wconf 89' lang='lat' dir='ltr'>no·</span> <span class='ocrx_word' id='word_1_267' title='bbox 787 2148 895 2205; x_wconf 91' lang='lat' dir='ltr'>mentio</span> <span class='ocrx_word' id='word_1_268' title='bbox 916 2149 990 2205; x_wconf 84' lang='lat' dir='ltr'>tacta</span> <span class='ocrx_word' id='word_1_269' title='bbox 1011 2148 1064 2205; x_wconf 83' lang='lat' dir='ltr'>suit</span> <span class='ocrx_word' id='word_1_270' title='bbox 1090 2149 1126 2205; x_wconf 91' lang='lat' dir='ltr'>de</span> <span class='ocrx_word' id='word_1_271' title='bbox 1146 2149 1227 2233; x_wconf 73' lang='lat' dir='ltr'>regni</span> <span class='ocrx_word' id='word_1_272' title='bbox 1252 2144 1353 2205; x_wconf 74' lang='lat' dir='ltr'>celsus</span> 
     </span>
     <span class='ocr_line' id='line_1_30' title="bbox 144 2214 1358 2348; baseline 0.002 -73"><span class='ocrx_word' id='word_1_273' title='bbox 144 2218 223 2276; x_wconf 90' lang='lat' dir='ltr'>mine</span> <span class='ocrx_word' id='word_1_274' title='bbox 249 2220 410 2291; x_wconf 87' lang='lat' dir='ltr'>baptizandi</span> <span class='ocrx_word' id='word_1_275' title='bbox 431 2219 527 2292; x_wconf 89' lang='lat' dir='ltr'>plures</span> <span class='ocrx_word' id='word_1_276' title='bbox 539 2220 576 2276; x_wconf 90' lang='lat' dir='ltr'>ad</span> <span class='ocrx_word' id='word_1_277' title='bbox 591 2223 732 2278; x_wconf 84' lang='lat' dir='ltr'>Joanncm</span> <span class='ocrx_word' id='word_1_278' title='bbox 786 2225 925 2348; x_wconf 61' lang='lat' dir='ltr'>Berpetua</span> <span class='ocrx_word' id='word_1_279' title='bbox 950 2219 1116 2288; x_wconf 86' lang='lat' dir='ltr'>mansione;</span> <span class='ocrx_word' id='word_1_280' title='bbox 1133 2226 1162 2277; x_wconf 89' lang='lat' dir='ltr'>et</span> <span class='ocrx_word' id='word_1_281' title='bbox 1181 2237 1210 2278; x_wconf 91' lang='lat' dir='ltr'>1n</span> <span class='ocrx_word' id='word_1_282' title='bbox 1228 2221 1272 2278; x_wconf 87' lang='lat' dir='ltr'>his</span> <span class='ocrx_word' id='word_1_283' title='bbox 1284 2214 1358 2277; x_wconf 73' lang='lat' dir='ltr'>onni-</span> 
     </span>
     <span class='ocr_line' id='line_1_31' title="bbox 145 2290 1361 2365; baseline -0.001 -17"><span class='ocrx_word' id='word_1_284' title='bbox 145 2291 344 2360; x_wconf 88' lang='lat' dir='ltr'>convenirent,</span> <span class='ocrx_word' id='word_1_285' title='bbox 360 2291 465 2364; x_wconf 90' lang='lat' dir='ltr'>quibus</span> <span class='ocrx_word' id='word_1_286' title='bbox 486 2292 522 2348; x_wconf 90' lang='lat' dir='ltr'>de</span> <span class='ocrx_word' id='word_1_287' title='bbox 548 2293 659 2349; x_wconf 88' lang='lat' dir='ltr'>Christo</span> <span class='ocrx_word' id='word_1_288' title='bbox 679 2309 733 2349; x_wconf 89' lang='lat' dir='ltr'>an·</span> <span class='ocrx_word' id='word_1_289' title='bbox 807 2307 840 2347; x_wconf 90' lang='lat' dir='ltr'>us</span> <span class='ocrx_word' id='word_1_290' title='bbox 861 2290 999 2348; x_wconf 88' lang='lat' dir='ltr'>memoria</span> <span class='ocrx_word' id='word_1_291' title='bbox 1018 2292 1102 2362; x_wconf 78' lang='lat' dir='ltr'>buJus</span> <span class='ocrx_word' id='word_1_292' title='bbox 1121 2292 1202 2365; x_wconf 83' lang='lat' dir='ltr'>regni</span> <span class='ocrx_word' id='word_1_293' title='bbox 1221 2302 1361 2349; x_wconf 82' lang='lat' dir='ltr'>necnont-</span> 
     </span>
     <span class='ocr_line' id='line_1_32' title="bbox 145 2361 1360 2436; baseline -0.002 -16"><span class='ocrx_word' id='word_1_294' title='bbox 145 2362 309 2431; x_wconf 86' lang='lat' dir='ltr'>nuntiaret;</span> <span class='ocrx_word' id='word_1_295' title='bbox 326 2362 410 2420; x_wconf 86' lang='lat' dir='ltr'>tertia</span> <span class='ocrx_word' id='word_1_296' title='bbox 429 2369 483 2431; x_wconf 93' lang='lat' dir='ltr'>est,</span> <span class='ocrx_word' id='word_1_297' title='bbox 498 2364 651 2420; x_wconf 89' lang='lat' dir='ltr'>seeundum</span> <span class='ocrx_word' id='word_1_298' title='bbox 667 2365 732 2421; x_wconf 85' lang='lat' dir='ltr'>Gre—</span> <span class='ocrx_word' id='word_1_299' title='bbox 786 2366 882 2432; x_wconf 91' lang='lat' dir='ltr'>natur,</span> <span class='ocrx_word' id='word_1_300' title='bbox 902 2378 955 2419; x_wconf 90' lang='lat' dir='ltr'>nee</span> <span class='ocrx_word' id='word_1_301' title='bbox 974 2361 1099 2431; x_wconf 88' lang='lat' dir='ltr'>auditur,</span> <span class='ocrx_word' id='word_1_302' title='bbox 1115 2362 1243 2436; x_wconf 86' lang='lat' dir='ltr'>nihilque</span> <span class='ocrx_word' id='word_1_303' title='bbox 1263 2364 1296 2421; x_wconf 85' lang='lat' dir='ltr'>de</span> <span class='ocrx_word' id='word_1_304' title='bbox 1311 2372 1360 2418; x_wconf 80' lang='lat' dir='ltr'>oe·</span> 
     </span>
     <span class='ocr_line' id='line_1_33' title="bbox 145 2431 1357 2517; baseline 0.001 -27"><span class='ocrx_word' id='word_1_305' title='bbox 145 2437 264 2503; x_wconf 64' lang='lat' dir='ltr'>yoniam,</span> <span class='ocrx_word' id='word_1_306' title='bbox 284 2439 317 2491; x_wconf 93' lang='lat' dir='ltr'>ut</span> <span class='ocrx_word' id='word_1_307' title='bbox 343 2451 394 2507; x_wconf 86' lang='lat' dir='ltr'>per</span> <span class='ocrx_word' id='word_1_308' title='bbox 419 2435 590 2506; x_wconf 89' lang='lat' dir='ltr'>baptismum</span> <span class='ocrx_word' id='word_1_309' title='bbox 615 2435 733 2491; x_wconf 86' lang='lat' dir='ltr'>Joannis</span> <span class='ocrx_word' id='word_1_310' title='bbox 786 2432 865 2490; x_wconf 88' lang='lat' dir='ltr'>testis</span> <span class='ocrx_word' id='word_1_311' title='bbox 892 2432 973 2506; x_wconf 79' lang='lat' dir='ltr'>regni</span> <span class='ocrx_word' id='word_1_312' title='bbox 999 2433 1092 2517; x_wconf 73' lang='lat' dir='ltr'>gioria</span> <span class='ocrx_word' id='word_1_313' title='bbox 1119 2431 1357 2513; x_wconf 62' lang='lat' dir='ltr'>prophetatumdt</span> 
     </span>
     <span class='ocr_line' id='line_1_34' title="bbox 145 2501 1355 2583; baseline -0.004 -21"><span class='ocrx_word' id='word_1_314' title='bbox 145 2504 277 2562; x_wconf 89' lang='lat' dir='ltr'>homines</span> <span class='ocrx_word' id='word_1_315' title='bbox 295 2511 490 2563; x_wconf 89' lang='lat' dir='ltr'>assuescerent</span> <span class='ocrx_word' id='word_1_316' title='bbox 507 2508 542 2562; x_wconf 91' lang='lat' dir='ltr'>ad</span> <span class='ocrx_word' id='word_1_317' title='bbox 558 2505 732 2577; x_wconf 82' lang='lat' dir='ltr'>baptismum</span> <span class='ocrx_word' id='word_1_318' title='bbox 787 2504 904 2562; x_wconf 88' lang='lat' dir='ltr'>subdit:</span> <span class='ocrx_word' id='word_1_319' title='bbox 926 2528 941 2557; x_wconf 75' lang='grc' dir='ltr'>α</span> <span class='ocrx_word' id='word_1_320' title='bbox 966 2504 1037 2573; x_wconf 77' lang='lat' dir='ltr'>Quid</span> <span class='ocrx_word' id='word_1_321' title='bbox 1060 2506 1164 2576; x_wconf 81' lang='lat' dir='ltr'>ptura?</span> <span class='ocrx_word' id='word_1_322' title='bbox 1187 2510 1209 2563; x_wconf 87' lang='grc' dir='ltr'>Α</span> <span class='ocrx_word' id='word_1_323' title='bbox 1234 2501 1355 2583; x_wconf 62' lang='lat' dir='ltr'>principio</span> 
     </span>
     <span class='ocr_line' id='line_1_35' title="bbox 146 2575 1354 2648; baseline -0.002 -15"><span class='ocrx_word' id='word_1_324' title='bbox 146 2575 264 2645; x_wconf 74' lang='lat' dir='ltr'>Christi5</span> <span class='ocrx_word' id='word_1_325' title='bbox 292 2583 405 2648; x_wconf 90' lang='lat' dir='ltr'>quarta,</span> <span class='ocrx_word' id='word_1_326' title='bbox 433 2577 589 2633; x_wconf 90' lang='lat' dir='ltr'>secundum</span> <span class='ocrx_word' id='word_1_327' title='bbox 618 2579 729 2643; x_wconf 78' lang='lat' dir='ltr'>cedem,</span> <span class='ocrx_word' id='word_1_328' title='bbox 787 2575 884 2632; x_wconf 92' lang='lat' dir='ltr'>mundi</span> <span class='ocrx_word' id='word_1_329' title='bbox 901 2592 991 2647; x_wconf 88' lang='lat' dir='ltr'>nsque</span> <span class='ocrx_word' id='word_1_330' title='bbox 1013 2576 1050 2634; x_wconf 91' lang='lat' dir='ltr'>ad</span> <span class='ocrx_word' id='word_1_331' title='bbox 1074 2578 1214 2634; x_wconf 75' lang='lat' dir='ltr'>ioannem</span> <span class='ocrx_word' id='word_1_332' title='bbox 1233 2576 1354 2634; x_wconf 77' lang='lat' dir='ltr'>uniren-</span> 
     </span>
     <span class='ocr_line' id='line_1_36' title="bbox 145 2644 1350 2724; baseline 0.001 -22"><span class='ocrx_word' id='word_1_333' title='bbox 145 2650 177 2702; x_wconf 88' lang='lat' dir='ltr'>ut</span> <span class='ocrx_word' id='word_1_334' title='bbox 202 2660 253 2716; x_wconf 91' lang='lat' dir='ltr'>per</span> <span class='ocrx_word' id='word_1_335' title='bbox 274 2647 443 2717; x_wconf 86' lang='lat' dir='ltr'>baptismum</span> <span class='ocrx_word' id='word_1_336' title='bbox 465 2648 585 2704; x_wconf 83' lang='lat' dir='ltr'>doannis</span> <span class='ocrx_word' id='word_1_337' title='bbox 602 2649 732 2706; x_wconf 88' lang='lat' dir='ltr'>homines</span> <span class='ocrx_word' id='word_1_338' title='bbox 786 2647 853 2703; x_wconf 83' lang='lat' dir='ltr'>tatis</span> <span class='ocrx_word' id='word_1_339' title='bbox 878 2648 1011 2705; x_wconf 88' lang='lat' dir='ltr'>humanae</span> <span class='ocrx_word' id='word_1_340' title='bbox 1034 2648 1204 2705; x_wconf 87' lang='lat' dir='ltr'>electionem</span> <span class='ocrx_word' id='word_1_341' title='bbox 1228 2644 1350 2724; x_wconf 65' lang='lat' dir='ltr'>recollige2</span> 
     </span>
     <span class='ocr_line' id='line_1_37' title="bbox 144 2717 1348 2842; baseline 0.007 -72"><span class='ocrx_word' id='word_1_342' title='bbox 144 2721 377 2842; x_wconf 48' lang='lat' dir='ltr'>{repararentur</span> <span class='ocrx_word' id='word_1_343' title='bbox 399 2723 428 2773; x_wconf 87' lang='lat' dir='ltr'>et</span> <span class='ocrx_word' id='word_1_344' title='bbox 452 2717 671 2775; x_wconf 79' lang='lat' dir='ltr'>humitimentur</span> <span class='ocrx_word' id='word_1_345' title='bbox 694 2722 730 2777; x_wconf 89' lang='lat' dir='ltr'>ad</span> <span class='ocrx_word' id='word_1_346' title='bbox 786 2735 838 2775; x_wconf 91' lang='lat' dir='ltr'>nec</span> <span class='ocrx_word' id='word_1_347' title='bbox 853 2719 882 2775; x_wconf 93' lang='lat' dir='ltr'>in</span> <span class='ocrx_word' id='word_1_348' title='bbox 898 2736 1029 2777; x_wconf 89' lang='lat' dir='ltr'>sermone</span> <span class='ocrx_word' id='word_1_349' title='bbox 1043 2720 1087 2776; x_wconf 86' lang='lat' dir='ltr'>vet</span> <span class='ocrx_word' id='word_1_350' title='bbox 1103 2736 1190 2790; x_wconf 91' lang='lat' dir='ltr'>opere</span> <span class='ocrx_word' id='word_1_351' title='bbox 1205 2719 1280 2777; x_wconf 85' lang='lat' dir='ltr'>iltius</span> <span class='ocrx_word' id='word_1_352' title='bbox 1290 2728 1348 2789; x_wconf 73' lang='lat' dir='ltr'>regul</span> 
     </span>
     <span class='ocr_line' id='line_1_38' title="bbox 169 2785 1346 2863; baseline 0.003 -22"><span class='ocrx_word' id='word_1_353' title='bbox 169 2785 321 2858; x_wconf 91' lang='lat' dir='ltr'>aptismum</span> <span class='ocrx_word' id='word_1_354' title='bbox 344 2787 466 2856; x_wconf 86' lang='lat' dir='ltr'>cbristi;</span> <span class='ocrx_word' id='word_1_355' title='bbox 494 2788 594 2859; x_wconf 90' lang='lat' dir='ltr'>quinta</span> <span class='ocrx_word' id='word_1_356' title='bbox 619 2796 672 2860; x_wconf 89' lang='lat' dir='ltr'>est,</span> <span class='ocrx_word' id='word_1_357' title='bbox 689 2808 732 2849; x_wconf 91' lang='lat' dir='ltr'>se·</span> <span class='ocrx_word' id='word_1_358' title='bbox 786 2789 909 2847; x_wconf 85' lang='lat' dir='ltr'>coetestis</span> <span class='ocrx_word' id='word_1_359' title='bbox 923 2790 1031 2863; x_wconf 90' lang='lat' dir='ltr'>poteris</span> <span class='ocrx_word' id='word_1_360' title='bbox 1044 2790 1170 2863; x_wconf 89' lang='lat' dir='ltr'>reperire</span> <span class='ocrx_word' id='word_1_361' title='bbox 1180 2790 1346 2848; x_wconf 81' lang='lat' dir='ltr'>dulcedinem</span> 
     </span>
     <span class='ocr_line' id='line_1_39' title="bbox 144 2857 1349 2937; baseline 0.002 -25"><span class='ocrx_word' id='word_1_362' title='bbox 144 2857 271 2913; x_wconf 90' lang='lat' dir='ltr'>eundum</span> <span class='ocrx_word' id='word_1_363' title='bbox 296 2857 389 2929; x_wconf 92' lang='lat' dir='ltr'>ipsum</span> <span class='ocrx_word' id='word_1_364' title='bbox 409 2860 558 2927; x_wconf 74' lang='lat' dir='ltr'>loannem,</span> <span class='ocrx_word' id='word_1_365' title='bbox 582 2867 612 2917; x_wconf 88' lang='lat' dir='ltr'>ut</span> <span class='ocrx_word' id='word_1_366' title='bbox 637 2862 727 2918; x_wconf 88' lang='lat' dir='ltr'>mani·</span> <span class='ocrx_word' id='word_1_367' title='bbox 785 2860 856 2917; x_wconf 91' lang='lat' dir='ltr'>Veni</span> <span class='ocrx_word' id='word_1_368' title='bbox 876 2878 944 2933; x_wconf 78' lang='lat' dir='ltr'>ergo</span> <span class='ocrx_word' id='word_1_369' title='bbox 964 2861 1000 2918; x_wconf 91' lang='lat' dir='ltr'>ad</span> <span class='ocrx_word' id='word_1_370' title='bbox 1017 2865 1168 2930; x_wconf 85' lang='lat' dir='ltr'>Joanuem,</span> <span class='ocrx_word' id='word_1_371' title='bbox 1189 2869 1217 2920; x_wconf 92' lang='lat' dir='ltr'>et</span> <span class='ocrx_word' id='word_1_372' title='bbox 1236 2860 1298 2920; x_wconf 87' lang='lat' dir='ltr'>audi</span> <span class='ocrx_word' id='word_1_373' title='bbox 1314 2872 1349 2937; x_wconf 78' lang='lat' dir='ltr'>rq-</span> 
     </span>
     <span class='ocr_line' id='line_1_40' title="bbox 143 2928 1350 3002; baseline 0.002 -18"><span class='ocrx_word' id='word_1_374' title='bbox 143 2928 296 2985; x_wconf 84' lang='lat' dir='ltr'>iestaretur</span> <span class='ocrx_word' id='word_1_375' title='bbox 316 2929 446 2987; x_wconf 88' lang='lat' dir='ltr'>Christus</span> <span class='ocrx_word' id='word_1_376' title='bbox 470 2930 500 2987; x_wconf 93' lang='lat' dir='ltr'>in</span> <span class='ocrx_word' id='word_1_377' title='bbox 518 2931 604 2987; x_wconf 88' lang='lat' dir='ltr'>Israel</span> <span class='ocrx_word' id='word_1_378' title='bbox 624 2932 653 2987; x_wconf 92' lang='lat' dir='ltr'>in</span> <span class='ocrx_word' id='word_1_379' title='bbox 678 2934 729 2990; x_wconf 91' lang='lat' dir='ltr'>ba·</span> <span class='ocrx_word' id='word_1_380' title='bbox 784 2948 846 2989; x_wconf 91' lang='lat' dir='ltr'>cem</span> <span class='ocrx_word' id='word_1_381' title='bbox 861 2932 1066 3002; x_wconf 79' lang='lat' dir='ltr'>exsultationis,</span> <span class='ocrx_word' id='word_1_382' title='bbox 1084 2950 1180 2990; x_wconf 82' lang='lat' dir='ltr'>vocem</span> <span class='ocrx_word' id='word_1_383' title='bbox 1196 2933 1350 3002; x_wconf 72' lang='lat' dir='ltr'>testeam</span> 
     </span>
     <span class='ocr_line' id='line_1_41' title="bbox 164 3000 1349 3075; baseline 0.006 -19"><span class='ocrx_word' id='word_1_384' title='bbox 164 3000 275 3057; x_wconf 88' lang='lat' dir='ltr'>tismate</span> <span class='ocrx_word' id='word_1_385' title='bbox 306 3000 435 3072; x_wconf 75' lang='lat' dir='ltr'>ioannis,</span> <span class='ocrx_word' id='word_1_386' title='bbox 469 3018 537 3059; x_wconf 84' lang='lat' dir='ltr'>voco</span> <span class='ocrx_word' id='word_1_387' title='bbox 567 3003 659 3060; x_wconf 88' lang='lat' dir='ltr'>Patris</span> <span class='ocrx_word' id='word_1_388' title='bbox 701 3009 730 3062; x_wconf 89' lang='lat' dir='ltr'>et</span> <span class='ocrx_word' id='word_1_389' title='bbox 784 3003 946 3061; x_wconf 84' lang='lat' dir='ltr'>sericordiae</span> <span class='ocrx_word' id='word_1_390' title='bbox 970 3006 1099 3073; x_wconf 82' lang='lat' dir='ltr'>verbum,</span> <span class='ocrx_word' id='word_1_391' title='bbox 1127 3020 1287 3063; x_wconf 87' lang='lat' dir='ltr'>sermonem</span> <span class='ocrx_word' id='word_1_392' title='bbox 1305 3000 1349 3075; x_wconf 63' lang='lat' dir='ltr'>yle</span> 
     </span>
     <span class='ocr_line' id='line_1_42' title="bbox 72 3016 1349 3148; baseline 0.002 -17"><span class='ocrx_word' id='word_1_393' title='bbox 72 3106 77 3113; x_wconf 88' lang='lat'><em>-</em></span> <span class='ocrx_word' id='word_1_394' title='bbox 143 3016 265 3147; x_wconf 58' lang='lat' dir='ltr'>Epiritus</span> <span class='ocrx_word' id='word_1_395' title='bbox 281 3072 387 3130; x_wconf 87' lang='lat' dir='ltr'>Sancti.</span> <span class='ocrx_word' id='word_1_396' title='bbox 783 3074 845 3144; x_wconf 85' lang='lat' dir='ltr'>riae,</span> <span class='ocrx_word' id='word_1_397' title='bbox 860 3075 960 3148; x_wconf 77' lang='lat' dir='ltr'>gratie</span> <span class='ocrx_word' id='word_1_398' title='bbox 979 3075 1151 3147; x_wconf 80' lang='lat' dir='ltr'>largitatem,</span> <span class='ocrx_word' id='word_1_399' title='bbox 1190 3077 1245 3134; x_wconf 92' lang='lat' dir='ltr'>uod</span> <span class='ocrx_word' id='word_1_400' title='bbox 1263 3074 1349 3133; x_wconf 74' lang='lat' dir='ltr'>omre</span> 
     </span>
     <span class='ocr_line' id='line_1_43' title="bbox 178 3093 1350 3218; baseline 0.004 -18"><span class='ocrx_word' id='word_1_401' title='bbox 178 3148 194 3201; x_wconf 82' lang='grc'><strong>6</strong></span> <span class='ocrx_word' id='word_1_402' title='bbox 223 3145 291 3211; x_wconf 86' lang='lat' dir='ltr'>Qum</span> <span class='ocrx_word' id='word_1_403' title='bbox 329 3162 498 3201; x_wconf 75' lang='lat' dir='ltr'>raramcrmr</span> <span class='ocrx_word' id='word_1_404' title='bbox 527 3146 669 3202; x_wconf 70' lang='lat' dir='ltr'>domas?</span> <span class='ocrx_word' id='word_1_405' title='bbox 694 3178 730 3190; x_wconf 87' lang='lat'><em>-</em></span> <span class='ocrx_word' id='word_1_406' title='bbox 783 3151 829 3203; x_wconf 87' lang='lat' dir='ltr'>rat</span> <span class='ocrx_word' id='word_1_407' title='bbox 844 3148 928 3215; x_wconf 89' lang='lat' dir='ltr'>Deus,</span> <span class='ocrx_word' id='word_1_408' title='bbox 948 3152 1076 3204; x_wconf 87' lang='lat' dir='ltr'>tacuerat</span> <span class='ocrx_word' id='word_1_409' title='bbox 1094 3093 1232 3218; x_wconf 46' lang='lat' dir='ltr'>tragedus,</span> <span class='ocrx_word' id='word_1_410' title='bbox 1251 3144 1350 3205; x_wconf 76' lang='lat' dir='ltr'>tamem</span> 
     </span>
     <span class='ocr_line' id='line_1_44' title="bbox 143 3214 1350 3292; baseline 0.003 -21"><span class='ocrx_word' id='word_1_411' title='bbox 143 3215 403 3288; x_wconf 81' lang='lat' dir='ltr'>Praedicabatergo</span> <span class='ocrx_word' id='word_1_412' title='bbox 418 3216 498 3288; x_wconf 88' lang='lat' dir='ltr'>prius</span> <span class='ocrx_word' id='word_1_413' title='bbox 517 3215 546 3272; x_wconf 94' lang='lat' dir='ltr'>in</span> <span class='ocrx_word' id='word_1_414' title='bbox 561 3218 685 3287; x_wconf 89' lang='lat' dir='ltr'>deserto,</span> <span class='ocrx_word' id='word_1_415' title='bbox 701 3223 730 3275; x_wconf 90' lang='lat' dir='ltr'>et</span> <span class='ocrx_word' id='word_1_416' title='bbox 784 3217 983 3289; x_wconf 88' lang='lat' dir='ltr'>Patriarchas,</span> <span class='ocrx_word' id='word_1_417' title='bbox 1016 3220 1165 3292; x_wconf 73' lang='lat' dir='ltr'>Prophetae</span> <span class='ocrx_word' id='word_1_418' title='bbox 1202 3214 1350 3276; x_wconf 76' lang='lat' dir='ltr'>nescierant·</span> 
     </span>
     <span class='ocr_line' id='line_1_45' title="bbox 141 3282 1352 3415; baseline 0.005 -73"><span class='ocrx_word' id='word_1_419' title='bbox 141 3290 243 3367; x_wconf 83' lang='lat' dir='ltr'>postea</span> <span class='ocrx_word' id='word_1_420' title='bbox 269 3287 344 3344; x_wconf 89' lang='lat' dir='ltr'>eirea</span> <span class='ocrx_word' id='word_1_421' title='bbox 369 3289 523 3345; x_wconf 87' lang='lat' dir='ltr'>Jordanem</span> <span class='ocrx_word' id='word_1_422' title='bbox 550 3288 587 3345; x_wconf 88' lang='lat' dir='ltr'>ad</span> <span class='ocrx_word' id='word_1_423' title='bbox 609 3306 658 3345; x_wconf 91' lang='lat' dir='ltr'>eos</span> <span class='ocrx_word' id='word_1_424' title='bbox 681 3289 728 3361; x_wconf 93' lang='lat' dir='ltr'>qui</span> <span class='ocrx_word' id='word_1_425' title='bbox 784 3282 1352 3415; x_wconf 44' lang='lat' dir='ltr'>Poenitentiam,inquit,agite:appingi</span> 
     </span>
     <span class='ocr_line' id='line_1_46' title="bbox 141 3359 1353 3432; baseline 0.006 -20"><span class='ocrx_word' id='word_1_426' title='bbox 141 3362 212 3412; x_wconf 81' lang='lat' dir='ltr'>moti</span> <span class='ocrx_word' id='word_1_427' title='bbox 231 3359 445 3416; x_wconf 79' lang='lat' dir='ltr'>conversatione</span> <span class='ocrx_word' id='word_1_428' title='bbox 460 3359 526 3416; x_wconf 74' lang='lat' dir='ltr'>vitae</span> <span class='ocrx_word' id='word_1_429' title='bbox 540 3361 601 3432; x_wconf 89' lang='lat' dir='ltr'>ejus</span> <span class='ocrx_word' id='word_1_430' title='bbox 616 3360 729 3418; x_wconf 85' lang='lat' dir='ltr'>exibant</span> <span class='ocrx_word' id='word_1_431' title='bbox 784 3360 883 3431; x_wconf 89' lang='lat' dir='ltr'>quavit</span> <span class='ocrx_word' id='word_1_432' title='bbox 905 3361 982 3418; x_wconf 90' lang='lat' dir='ltr'>enim</span> <span class='ocrx_word' id='word_1_433' title='bbox 1002 3378 1121 3432; x_wconf 78' lang='lat' dir='ltr'>reguum</span> <span class='ocrx_word' id='word_1_434' title='bbox 1143 3362 1291 3419; x_wconf 84' lang='lat' dir='ltr'>coelorum.</span> <span class='ocrx_word' id='word_1_435' title='bbox 1321 3370 1353 3413; x_wconf 80' lang='lat' dir='ltr'>n·</span> 
     </span>
     <span class='ocr_line' id='line_1_47' title="bbox 140 3427 1351 3509; baseline 0.009 -28"><span class='ocrx_word' id='word_1_436' title='bbox 140 3427 179 3509; x_wconf 74' lang='lat' dir='ltr'>ad</span> <span class='ocrx_word' id='word_1_437' title='bbox 198 3427 290 3499; x_wconf 85' lang='lat' dir='ltr'>ipsum</span> <span class='ocrx_word' id='word_1_438' title='bbox 309 3431 401 3486; x_wconf 85' lang='lat' dir='ltr'>dicens</span> <span class='ocrx_word' id='word_1_439' title='bbox 415 3450 424 3485; x_wconf 78' lang='grc' dir='ltr'><strong><em>ε</em></strong></span> <span class='ocrx_word' id='word_1_440' title='bbox 440 3434 630 3487; x_wconf 77' lang='lat' dir='ltr'>Paenitentiam</span> <span class='ocrx_word' id='word_1_441' title='bbox 644 3435 729 3502; x_wconf 82' lang='lat' dir='ltr'>eyite,</span> <span class='ocrx_word' id='word_1_442' title='bbox 783 3432 852 3487; x_wconf 93' lang='lat' dir='ltr'>burn</span> <span class='ocrx_word' id='word_1_443' title='bbox 867 3432 1042 3504; x_wconf 87' lang='lat' dir='ltr'>poenitentiae</span> <span class='ocrx_word' id='word_1_444' title='bbox 1059 3432 1141 3489; x_wconf 91' lang='lat' dir='ltr'>dulce</span> <span class='ocrx_word' id='word_1_445' title='bbox 1163 3439 1191 3490; x_wconf 87' lang='lat' dir='ltr'>et</span> <span class='ocrx_word' id='word_1_446' title='bbox 1206 3432 1351 3506; x_wconf 73' lang='lat' dir='ltr'>glorioso.</span> 
     </span>
     <span class='ocr_line' id='line_1_48' title="bbox 142 3497 1352 3576; baseline 0.003 -23"><span class='ocrx_word' id='word_1_447' title='bbox 142 3497 173 3553; x_wconf 85' lang='lat' dir='ltr'>rd</span> <span class='ocrx_word' id='word_1_448' title='bbox 196 3503 254 3567; x_wconf 90' lang='lat' dir='ltr'>est,</span> <span class='ocrx_word' id='word_1_449' title='bbox 273 3500 410 3570; x_wconf 75' lang='lat' dir='ltr'>poeniteat</span> <span class='ocrx_word' id='word_1_450' title='bbox 435 3501 629 3573; x_wconf 89' lang='lat' dir='ltr'>unusquisque</span> <span class='ocrx_word' id='word_1_451' title='bbox 655 3502 730 3559; x_wconf 89' lang='lat' dir='ltr'>mata</span> <span class='ocrx_word' id='word_1_452' title='bbox 783 3503 903 3560; x_wconf 82' lang='lat' dir='ltr'>verbum</span> <span class='ocrx_word' id='word_1_453' title='bbox 929 3506 1009 3576; x_wconf 89' lang='lat' dir='ltr'>regni</span> <span class='ocrx_word' id='word_1_454' title='bbox 1046 3503 1186 3561; x_wconf 87' lang='lat' dir='ltr'>eoetorum</span> <span class='ocrx_word' id='word_1_455' title='bbox 1219 3502 1352 3562; x_wconf 73' lang='lat' dir='ltr'>tamne</span> 
     </span>
     <span class='ocr_line' id='line_1_49' title="bbox 141 3567 1391 3650; baseline 0.004 -27"><span class='ocrx_word' id='word_1_456' title='bbox 141 3567 246 3640; x_wconf 86' lang='lat' dir='ltr'>prioris</span> <span class='ocrx_word' id='word_1_457' title='bbox 265 3570 339 3641; x_wconf 79' lang='lat' dir='ltr'>rita,</span> <span class='ocrx_word' id='word_1_458' title='bbox 355 3590 443 3645; x_wconf 89' lang='lat' dir='ltr'>oppro</span> <span class='ocrx_word' id='word_1_459' title='bbox 463 3576 676 3644; x_wconf 81' lang='lat' dir='ltr'>inquouitenim</span> <span class='ocrx_word' id='word_1_460' title='bbox 690 3590 731 3630; x_wconf 88' lang='lat' dir='ltr'>re·</span> <span class='ocrx_word' id='word_1_461' title='bbox 783 3573 979 3632; x_wconf 86' lang='lat' dir='ltr'>advocandum</span> <span class='ocrx_word' id='word_1_462' title='bbox 1007 3573 1047 3631; x_wconf 90' lang='lat' dir='ltr'>itti</span> <span class='ocrx_word' id='word_1_463' title='bbox 1076 3573 1127 3632; x_wconf 91' lang='lat' dir='ltr'>soti</span> <span class='ocrx_word' id='word_1_464' title='bbox 1153 3575 1248 3648; x_wconf 85' lang='lat' dir='ltr'>primo</span> <span class='ocrx_word' id='word_1_465' title='bbox 1271 3585 1353 3650; x_wconf 67' lang='lat' dir='ltr'>roure</span> <span class='ocrx_word' id='word_1_466' title='bbox 1388 3596 1391 3621; x_wconf 79' lang='grc' dir='ltr'><strong>ι</strong></span> 
     </span>
     <span class='ocr_line' id='line_1_50' title="bbox 141 3590 1391 3721; baseline 0.006 -27"><span class='ocrx_word' id='word_1_467' title='bbox 141 3643 380 3721; x_wconf 72' lang='lat' dir='ltr'>ynumcoelorum,</span> <span class='ocrx_word' id='word_1_468' title='bbox 406 3590 512 3701; x_wconf 45' lang='lat' dir='ltr'>scincet</span> <span class='ocrx_word' id='word_1_469' title='bbox 531 3644 730 3716; x_wconf 79' lang='lat' dir='ltr'>penitentiam</span> <span class='ocrx_word' id='word_1_470' title='bbox 770 3644 877 3715; x_wconf 88' lang='lat' dir='ltr'>niens,</span> <span class='ocrx_word' id='word_1_471' title='bbox 899 3646 947 3718; x_wconf 92' lang='lat' dir='ltr'>qui</span> <span class='ocrx_word' id='word_1_472' title='bbox 972 3645 1082 3718; x_wconf 89' lang='lat' dir='ltr'>primus</span> <span class='ocrx_word' id='word_1_473' title='bbox 1104 3646 1175 3703; x_wconf 82' lang='lat' dir='ltr'>Nori</span> <span class='ocrx_word' id='word_1_474' title='bbox 1198 3646 1352 3705; x_wconf 68' lang='lat' dir='ltr'>Testamenti</span> <span class='ocrx_word' id='word_1_475' title='bbox 1387 3624 1391 3701; x_wconf 60' lang='grc' dir='ltr'>ἶ</span> 
     </span>
     <span class='ocr_line' id='line_1_51' title="bbox 142 3712 1372 3853; baseline 0.003 -15"><span class='ocrx_word' id='word_1_476' title='bbox 142 3714 729 3853; x_wconf 51' lang='lat' dir='ltr'>ccccccccccddcdccdccc</span> <span class='ocrx_word' id='word_1_477' title='bbox 784 3716 1093 3847; x_wconf 46' lang='lat' dir='ltr'>cccccccccc</span> <span class='ocrx_word' id='word_1_478' title='bbox 1108 3712 1372 3847; x_wconf 52' lang='lat' dir='ltr'>{ccciccc</span> 
     </span>
     <span class='ocr_line' id='line_1_52' title="bbox 142 3805 1352 3940; baseline 0.007 -31"><span class='ocrx_word' id='word_1_479' title='bbox 142 3852 210 3910; x_wconf 89' lang='lat' dir='ltr'>licet</span> <span class='ocrx_word' id='word_1_480' title='bbox 234 3871 241 3909; x_wconf 73' lang='grc' dir='ltr'><strong><em>ε</em></strong></span> <span class='ocrx_word' id='word_1_481' title='bbox 266 3855 407 3940; x_wconf 80' lang='lat' dir='ltr'>cbristus,</span> <span class='ocrx_word' id='word_1_482' title='bbox 437 3859 592 3915; x_wconf 87' lang='lat' dir='ltr'>secuudum</span> <span class='ocrx_word' id='word_1_483' title='bbox 620 3830 691 3916; x_wconf 84' lang='lat' dir='ltr'>iu’ud</span> <span class='ocrx_word' id='word_1_484' title='bbox 721 3876 727 3914; x_wconf 94' lang='lat'><strong>:</strong></span> <span class='ocrx_word' id='word_1_485' title='bbox 805 3875 891 3916; x_wconf 91' lang='lat' dir='ltr'>anum</span> <span class='ocrx_word' id='word_1_486' title='bbox 903 3805 1160 3918; x_wconf 70' lang='lat' dir='ltr'>nostrumqrersum</span> <span class='ocrx_word' id='word_1_487' title='bbox 1177 3868 1221 3918; x_wconf 89' lang='lat' dir='ltr'>est</span> <span class='ocrx_word' id='word_1_488' title='bbox 1234 3828 1352 3918; x_wconf 58' lang='lat' dir='ltr'>insono</span> 
     </span>
     <span class='ocr_line' id='line_1_53' title="bbox 140 3875 1353 4010; baseline 0.002 -28"><span class='ocrx_word' id='word_1_489' title='bbox 140 3927 264 3994; x_wconf 84' lang='lat' dir='ltr'>Reynum</span> <span class='ocrx_word' id='word_1_490' title='bbox 273 3929 323 3981; x_wconf 71' lang='lat' dir='ltr'>nea</span> <span class='ocrx_word' id='word_1_491' title='bbox 336 3929 536 4010; x_wconf 76' lang='lat' dir='ltr'>introuosest3</span> <span class='ocrx_word' id='word_1_492' title='bbox 548 3936 646 3988; x_wconf 84' lang='lat' dir='ltr'>sancta</span> <span class='ocrx_word' id='word_1_493' title='bbox 658 3930 731 3989; x_wconf 87' lang='lat' dir='ltr'>Scri·</span> <span class='ocrx_word' id='word_1_494' title='bbox 783 3875 925 4002; x_wconf 62' lang='lat' dir='ltr'>fientium,</span> <span class='ocrx_word' id='word_1_495' title='bbox 949 3931 1016 4004; x_wconf 91' lang='lat' dir='ltr'>quia</span> <span class='ocrx_word' id='word_1_496' title='bbox 1036 3932 1085 3989; x_wconf 88' lang='lat' dir='ltr'>ubi</span> <span class='ocrx_word' id='word_1_497' title='bbox 1113 3938 1294 4005; x_wconf 87' lang='lat' dir='ltr'>peecatorum</span> <span class='ocrx_word' id='word_1_498' title='bbox 1313 3927 1353 3985; x_wconf 76' lang='lat' dir='ltr'>m</span> 
     </span>
     <span class='ocr_line' id='line_1_54' title="bbox 141 3996 1353 4076; baseline 0.003 -23"><span class='ocrx_word' id='word_1_499' title='bbox 141 4000 237 4069; x_wconf 90' lang='lat' dir='ltr'>ptura,</span> <span class='ocrx_word' id='word_1_500' title='bbox 258 3998 414 4055; x_wconf 89' lang='lat' dir='ltr'>seeundum</span> <span class='ocrx_word' id='word_1_501' title='bbox 434 3998 503 4055; x_wconf 83' lang='lat' dir='ltr'>utud</span> <span class='ocrx_word' id='word_1_502' title='bbox 521 4016 528 4055; x_wconf 75' lang='grc' dir='ltr'><strong><em>ε</em></strong></span> <span class='ocrx_word' id='word_1_503' title='bbox 544 4003 695 4069; x_wconf 64' lang='lat' dir='ltr'>cosmetur</span> <span class='ocrx_word' id='word_1_504' title='bbox 711 4020 730 4058; x_wconf 85' lang='lat' dir='ltr'>a</span> <span class='ocrx_word' id='word_1_505' title='bbox 784 4002 912 4074; x_wconf 88' lang='lat' dir='ltr'>quentia,</span> <span class='ocrx_word' id='word_1_506' title='bbox 935 4019 988 4060; x_wconf 90' lang='lat' dir='ltr'>nee</span> <span class='ocrx_word' id='word_1_507' title='bbox 1011 4003 1189 4076; x_wconf 83' lang='lat' dir='ltr'>poenitentiae</span> <span class='ocrx_word' id='word_1_508' title='bbox 1212 4003 1300 4073; x_wconf 87' lang='lat' dir='ltr'>locus,</span> <span class='ocrx_word' id='word_1_509' title='bbox 1314 3996 1353 4057; x_wconf 80' lang='lat' dir='ltr'>tu</span> 
     </span>
     <span class='ocr_line' id='line_1_55' title="bbox 139 4070 1352 4148; baseline 0.002 -23"><span class='ocrx_word' id='word_1_510' title='bbox 139 4070 217 4126; x_wconf 81' lang='lat' dir='ltr'>cobis</span> <span class='ocrx_word' id='word_1_511' title='bbox 240 4085 355 4140; x_wconf 83' lang='lat' dir='ltr'>repaum</span> <span class='ocrx_word' id='word_1_512' title='bbox 380 4073 439 4136; x_wconf 75' lang='lat' dir='ltr'>Det,</span> <span class='ocrx_word' id='word_1_513' title='bbox 463 4075 489 4127; x_wconf 85' lang='lat' dir='ltr'>ct</span> <span class='ocrx_word' id='word_1_514' title='bbox 514 4070 628 4128; x_wconf 80' lang='lat' dir='ltr'>decitur</span> <span class='ocrx_word' id='word_1_515' title='bbox 654 4077 731 4143; x_wconf 74' lang='lat' dir='ltr'>ynete·</span> <span class='ocrx_word' id='word_1_516' title='bbox 783 4077 847 4146; x_wconf 80' lang='lat' dir='ltr'>pler</span> <span class='ocrx_word' id='word_1_517' title='bbox 867 4079 928 4133; x_wconf 86' lang='lat' dir='ltr'>crat</span> <span class='ocrx_word' id='word_1_518' title='bbox 950 4074 1081 4148; x_wconf 87' lang='lat' dir='ltr'>plorandi</span> <span class='ocrx_word' id='word_1_519' title='bbox 1100 4075 1231 4133; x_wconf 77' lang='lat' dir='ltr'>materia.</span> <span class='ocrx_word' id='word_1_520' title='bbox 1249 4076 1352 4133; x_wconf 77' lang='lat' dir='ltr'>loannes</span> 
     </span>
    </p>
   </div>
   <div class='ocr_carea' id='block_1_5' title="bbox 0 0 1400 4912">
    <p class='ocr_par' dir='ltr' id='par_1_5' title="bbox 0 0 1400 4912">
     <span class='ocr_line' id='line_1_56' title="bbox 0 0 1400 4912; baseline 0 2"><span class='ocrx_word' id='word_1_521' title='bbox 0 0 1400 4912; x_wconf 95' lang='lat' dir='ltr'> </span> 
     </span>
    </p>
   </div>
  </div>
 </body>
</html>
