2790 4912
107 342 145 397 fit
490 330 602 385 l’lilllAE
630 329 752 384 PARTIS
780 329 886 384 cirus
913 328 980 381 t'lll
1044 385 1046 389 ,

113 448 211 503 nostra
224 439 395 506 temeritate,
408 452 466 493 uon
479 439 599 508 possunt
614 435 699 492 attin·

109 533 192 591 gere.
222 515 366 572 Conemm
399 507 487 578 igitur
516 512 575 563 toto
605 522 700 578 posse,

114 592 211 645 mente
226 584 336 641 reclusa
350 586 378 637 et
392 581 545 659 abstracta,
561 579 597 634 ab
612 576 703 634 omni-

113 660 167 717 bus
195 655 320 720 caducis
345 652 438 708 eidem
463 652 583 706 Domino
607 650 704 707 cordis

113 729 239 804 puritate
265 741 382 791 vacare,
399 721 466 794 quia
489 720 645 802 corporalis
662 737 706 803 re-

116 800 217 868 clusio,
231 798 301 855 nihii
317 802 366 853 aut
378 808 562 867 parum,s1ue
575 792 703 861 mentali,

117 871 229 930 videtur
243 869 389 942 prodesse.
410 865 490 921 Unda
505 865 679 933 Augustinus
697 883 706 918 z

114 963 131 999 u
156 942 228 1011 Quid
253 941 367 1014 prodest
389 935 512 994 solitudo
528 936 666 1007 corporis,
682 933 706 990 si

116 1014 240 1073 solitudo
261 1011 383 1068 desumit
406 1006 528 1063 mrsnlis‘i
544 1028 557 1059 n
574 1006 654 1062 Undc
679 1010 708 1062 ct

118 1087 281 1156 Gregorius:
290 1080 382 1149 «Quid
393 1079 508 1151 prodest
518 1093 636 1149 corpore
645 1094 710 1133 con-

117 1157 225 1215 versari
240 1158 267 1211 in
276 1154 412 1217 claustro,
425 1156 454 1207 et
465 1155 558 1206 mente
571 1149 665 1220 vagari
680 1148 709 1204 iu

117 1220 708 1286 seculoiconemuretiaminomnibuslieo

116 1299 224 1373 gratias
239 1313 332 1367 agere,
343 1301 370 1351 ot
383 1310 415 1350 cx
427 1292 512 1348 corde
521 1308 586 1348 eum
596 1292 710 1349 bencdi-

117 1386 193 1441 ccre‚
209 1385 275 1426 nam
290 1370 343 1423 froc
362 1368 388 1421 in
403 1363 553 1421 virtutibus
567 1361 708 1420 nobilissi-

118 1457 196 1500 mum
211 1446 263 1504 cst,
280 1445 306 1496 ot
322 1452 418 1495 coram
435 1438 490 1492 Duo
512 1433 708 1507 splendidissi-

118 1505 708 1581 mum,uthornoincozrctioncobcdientire,

119 1585 148 1642 in
160 1584 254 1651 exilio,
264 1583 292 1638 iu
306 1585 483 1653 paupertate,
493 1579 519 1632 in
533 1583 708 1658 contemptu,

117 1654 148 1713 in
163 1653 339 1715 infirmitate,
353 1652 381 1707 iu
399 1648 545 1719 urultiplicr
563 1653 666 1704 mentis
681 1653 710 1704 et

117 1728 245 1798 corporis
275 1722 467 1788 tribulatione,
485 1718 561 1788 solit,
578 1719 660 1788 sciat,
682 1724 710 1774 et

121 1796 210 1868 possit
224 1798 312 1851 Deum
329 1793 445 1848 laudare
463 1796 492 1846 et
507 1807 540 1845 ex
554 1791 644 1871 ¹corde
659 1791 708 1846 be-

118 1867 316 1931 mediocrene
339 1863 364 1919 oi
388 1878 453 1919 curn
475 1861 579 1934 gaudio
603 1861 709 1933 gratias

120 1954 217 2010 agore,
233 1935 375 1993 desideria
401 1949 515 1990 sursum
542 1932 664 2004 erigere,
682 1939 712 1988 ot

119 2025 185 2067 eum
218 2009 352 2079 operibus
381 2004 554 2061 collaudare.
586 2025 600 2055 n
632 2004 710 2062 Unde

118 2081 206 2139 etiam
216 2079 387 2136 Bernartius:
397 2101 408 2128 u
424 2076 498 2134 Felix
509 2074 555 2157 qui
564 2076 711 2147 passiones

120 2151 248 2223 corporis
258 2150 299 2205 sui
315 2147 576 2221 propterjustitram
584 2147 710 2216 ordinat,

121 2228 153 2280 ut
167 2221 302 2294 quidquid
324 2226 457 2291 potestur,
473 2224 590 2291 propter
603 2218 653 2276 Dci
669 2219 711 2275 Fi-

120 2294 191 2352 lium
215 2293 349 2365 patiatur,
366 2298 504 2362 qrratenus
524 2295 553 2347 et
582 2306 600 2346 a
625 2291 711 2347 cordo

118 2365 236 2423 tollatur
252 2363 448 2431 murmuratio,
465 2367 493 2418 ol
508 2360 537 2417 in
552 2378 601 2418 ore
615 2378 711 2419 vorse-

120 2443 169 2494 tur
184 2435 340 2508 gratiarum
357 2437 440 2504 actio,
456 2438 484 2490 et
504 2450 556 2489 vox
574 2434 666 2490 laudis
678 2434 684 2489 i
697 2453 710 2486 s

120 2509 182 2566 haec
193 2508 359 2565 Bernartius.
373 2506 425 2574 Qui
440 2507 516 2563 enim
529 2508 602 2562 bene
617 2512 710 2562 atten-

121 2580 212 2648 deret,
225 2579 300 2651 quod
315 2579 496 2647 attinentibus
511 2580 606 2640 Deum,
619 2580 712 2633 omnia

121 2656 300 2723 cooperentur
325 2653 356 2705 in
384 2651 491 2713 bortum,
516 2648 552 2704 ad
577 2664 711 2720 magnam

121 2722 210 2780 animi
232 2721 356 2792 qrrieteur
379 2721 553 2792 perveniret,
570 2721 666 2791 sicque
681 2719 712 2775 in

120 2809 156 2851 eo
168 2794 261 2850 locum
278 2793 407 2858 haberet,
424 2791 500 2862 quod
513 2790 632 2862 Sapiens
647 2790 687 2847 ait
702 2806 709 2846 :

120 2867 183 2924 Non
201 2863 376 2919 contristabit
396 2865 515 2931 justum,
535 2863 713 2931 quidquidci

121 2935 265 2991 acciderit.
307 2934 379 2999 Quia
422 2932 578 2988 secundum
614 2935 711 3002 Aupu-

120 3009 234 3067 atinum,
256 3003 395 3074 quidquid
411 3002 547 3059 acciderit
556 3003 645 3074 iusto,
663 3020 712 3060 ro-

122 3076 225 3132 luntati
245 3074 349 3129 diriore
370 3073 564 3144 uopuunuurn
587 3081 641 3144 est,
655 3090 712 3131 non

122 3145 258 3220 potestati
286 3143 404 3202 inimici.
427 3147 459 3200 Et
480 3144 622 3214 similitor,
652 3147 712 3217 ipse

122 3218 218 3276 dicere
247 3221 341 3289 posset
365 3232 431 3272 cum
457 3216 511 3272 tob
528 3233 535 3270 :
554 3218 633 3275 Sicut
658 3219 712 3273 Ito·

123 3292 197 3347 mino
232 3290 349 3360 placuit,
379 3291 420 3343 tta
446 3290 552 3354 sactum
588 3293 646 3358 est‚·
676 3291 713 3344 sit

123 3376 220 3420 nomen
236 3363 347 3416 Domini
368 3361 548 3416 herediolum.

161 3435 353 3490 ttTurnunnrro
369 3449 496 3488 nononuu
512 3449 578 3486 rrsrs
593 3449 713 3489 rnorrnn

124 3522 256 3561 nunonem
274 3521 370 3561 urnis.
389 3535 421 3545 -
442 3503 530 3574 igitur
550 3503 580 3558 in
595 3502 712 3561 tribula·

125 3574 317 3642 tionibus,seu
330 3574 450 3645 flagellis
460 3580 489 3630 et
499 3573 713 3647 afflictionibus,

125 3660 184 3703 non
209 3645 297 3726 debes
323 3644 463 3714 dubitare,
480 3646 548 3717 quia
560 3647 635 3702 Deus
655 3663 712 3702 nou

125 3718 265 3789 permittit
293 3731 342 3771 cas
365 3716 402 3772 ad
428 3732 495 3773 suos
522 3716 630 3786 venire,
657 3716 712 3773 nisi

125 3803 177 3860 pro
186 3785 315 3859 ipsorum
329 3786 460 3844 utilitate.
478 3787 573 3845 l‘rimo
586 3788 711 3859 quidem,

125 3863 158 3915 ut
176 3859 262 3914 homo
277 3874 294 3914 a
312 3858 407 3915 seculo
426 3875 457 3915 sc
478 3864 621 3928 avertens,
637 3859 714 3916 oble-

127 3933 270 3987 ammenta
294 3930 462 4000 temporalia
485 3935 610 4002 respuat,
627 3936 655 3987 et
676 3931 713 3987 ad

126 4001 217 4058 ileum
233 4016 265 4056 sc
283 4007 464 4070 convertens,
486 4007 594 4059 aeterua
613 4018 714 4059 concu-

126 4070 228 4144 piscat.
258 4070 337 4127 Unde
366 4073 540 4141 Augustinus
568 4093 577 4129 ε
607 4092 622 4127 e
651 4076 713 4131 Non

127 4140 205 4199 enim
229 4141 406 4198 contenitur
430 4142 526 4200 anima
551 4144 589 4214 ad
610 4146 712 4215 Deum,

126 4211 183 4269 nisi
207 4228 272 4270 cunr
293 4213 413 4295 abhoc
436 4215 531 4272 seculo
558 4216 710 4287 eremitam

127 4298 181 4342 nec
196 4288 384 4358 opportunius
398 4285 504 4345 abhoc
519 4286 614 4345 seculo
631 4303 712 4347 arer-

761 434 843 504 titur,
863 434 920 491 nisi
944 432 1112 506 perniciosis
1138 432 1202 497 eius
1229 432 1364 507 volupta-

763 505 841 564 tibus
869 505 976 562 laboris
1003 509 1033 561 et
1062 504 1170 562 doloris
1198 520 1285 576 aquae
1310 506 1363 564 mi·

765 582 908 635 secantur.
926 578 955 634 Si
972 575 1048 633 enim
1066 581 1192 632 cessaret
1206 576 1362 650 Dominus,

765 656 793 707 et
811 665 868 705 non
887 650 1020 706 misceret
1039 646 1247 705 amaritudines
1268 649 1360 706 felici-

765 720 872 778 tatibus
886 719 986 788 seculi,
1000 719 1235 776 oblivisceremur
1244 736 1315 777 eum
1326 740 1332 777 :
1344 744 1359 773 n

766 792 829 849 haec
853 793 1036 861 dunestanus.
1059 793 1093 845 Et
1121 790 1185 847 idco
1214 790 1256 847 ait
1285 793 1362 851 Psal-

767 863 853 920 mista
868 881 875 920 :
891 864 1086 934 Multipltcctae
1099 868 1163 917 sunt
1181 865 1361 932 infirmitates

767 952 869 999 eorum,
892 939 989 1007 postea
1013 936 1241 990 conclamarant.
1259 966 1297 977 -
1314 937 1362 994 Se-

767 1006 872 1074 cundo,
888 1011 920 1063 ut
937 1012 1054 1078 peccata
1079 1022 1131 1061 sua
1151 1005 1253 1063 melius
1271 1022 1359 1078 agno-

768 1083 838 1147 scat,
849 1083 877 1134 et
888 1077 954 1134 inde
964 1077 1104 1149 paenitens
1116 1082 1144 1132 et
1158 1093 1187 1132 sc
1201 1077 1361 1152 corrigens,

768 1154 907 1223 purgatus
928 1155 956 1206 et
979 1149 1131 1207 mundatus
1151 1149 1220 1204 bat:
1235 1165 1317 1219 nam,
1331 1155 1362 1207 ut

768 1220 808 1278 ait
819 1223 1003 1290 Augustinus,
1018 1220 1092 1291 quod
1106 1220 1174 1276 lima
1184 1220 1274 1291 ferro,
1285 1221 1361 1293 quod

769 1293 870 1349 fornax
890 1308 972 1360 auro,
993 1293 1068 1363 quod
1088 1292 1233 1360 flagellum
1251 1308 1360 1364 grano;

769 1365 823 1420 hoc
835 1362 980 1420 tribulatio
993 1363 1053 1419 viro
1064 1365 1150 1434 justo.
1168 1363 1247 1419 Unde
1258 1363 1362 1421 iratres

768 1436 875 1508 ioseph
885 1434 1019 1492 dicebaut
1029 1439 1142 1491 :Merito
1154 1439 1208 1490 trac
1221 1439 1359 1506 patimur,

769 1510 838 1578 quie
856 1509 1028 1578 peccabimus
1046 1510 1074 1561 in
1089 1510 1206 1574 fratrem
1224 1512 1359 1562 nostrum.

769 1577 920 1646 -Tertio,
933 1583 973 1645 ut,
986 1578 1098 1634 sublato
1106 1579 1247 1648 adjutore,
1257 1578 1361 1634 melius

769 1649 1014 1721 imperfectionem
1040 1665 1119 1705 suam
1139 1649 1245 1717 rideat,
1260 1654 1291 1705 et
1308 1649 1360 1706 sei·

769 1736 853 1793 psum
864 1726 1026 1791 cognoscat.
1035 1722 1114 1777 Unde
1123 1720 1289 1777 Psalrnista:
1303 1725 1360 1790 Epo

769 1793 833 1848 disi
844 1794 875 1847 in
888 1793 1061 1850 abundantia
1077 1810 1151 1848 ritca:
1164 1796 1223 1850 ,ton
1236 1793 1359 1849 mouetur

771 1867 800 1919 in
825 1869 972 1932 aeternum
989 1865 1038 1920 sed
1054 1870 1085 1920 ut
1105 1864 1205 1920 melius
1224 1879 1270 1920 me
1290 1862 1358 1921 mitri

769 1936 935 1993 ostenderes
951 1953 958 1991 ε
973 1938 1110 1992 avertisti
1127 1939 1228 2003 seruam
1248 1941 1325 1991 tuum
1343 1952 1360 1991 o

769 2024 821 2073 me,
850 2012 875 2063 ct
904 2011 997 2075 suctus
1024 2025 1084 2063 sum
1115 2008 1303 2063 conturbatus.
1325 2037 1358 2048 -

770 2080 886 2148 Quarto,
903 2085 1021 2151 propter
1035 2078 1224 2135 humilitatem
1244 2093 1358 2134 conser-

769 2150 901 2218 vandam,
929 2156 958 2206 et
978 2151 1114 2206 virtutum
1138 2150 1309 2219 custodiam,
1322 2165 1357 2205 ne

770 2221 805 2278 de
830 2220 941 2281 meritis
965 2221 1024 2278 suis
1046 2226 1209 2293 prasumat,
1227 2221 1299 2277 etin
1314 2236 1356 2278 su·

770 2293 899 2365 pcrbiarn
912 2309 942 2349 se
952 2293 1080 2350 extollat.
1094 2295 1173 2349 Unde
1183 2292 1353 2365 Apostolus:

769 2368 811 2424 Nc
834 2365 997 2433 nepotesue
1019 2367 1216 2420 revelationum
1242 2365 1357 2420 extoilet

770 2451 822 2500 me,
839 2437 921 2492 dutus
948 2441 987 2491 cst
1016 2439 1087 2492 anibi
1110 2437 1240 2492 stimulus
1269 2438 1358 2491 curnis

770 2524 844 2570 meae,
865 2509 989 2577 Angelus
1013 2510 1124 2565 Satanae
1150 2511 1198 2577 ptri
1223 2524 1266 2562 me
1290 2507 1360 2562 cote·

768 2581 873 2706 plicet.
890 2579 1051 2648 -Quinto,
1068 2584 1099 2636 ut
1117 2579 1187 2635 sciat
1200 2594 1287 2650 quam
1303 2593 1360 2634 ma-

783 2666 830 2706 um
852 2649 888 2707 sit
906 2649 1093 2722 dereliquisse
1111 2653 1209 2718 Deum,
1231 2656 1259 2706 et
1277 2650 1313 2706 ab
1326 2665 1359 2706 co

771 2737 832 2778 esse
864 2721 1044 2778 derelictum.
1073 2722 1153 2778 Unde
1185 2722 1327 2778 ieremias
1351 2737 1359 2776 ι

770 2794 845 2850 Scito
862 2798 888 2848 ct
906 2794 979 2859 uide,
995 2796 1179 2864 paternalem
1196 2799 1362 2849 eternorum

771 2869 811 2920 cst
823 2866 969 2936 reliquisse
983 2871 1008 2921 te
1020 2868 1166 2921 Dominum
1174 2869 1258 2920 licum
1271 2870 1359 2928 tuum,

771 2941 797 2992 et
825 2952 879 2992 non
903 2952 959 2992 esse
979 2939 1104 2992 timorem
1132 2937 1192 3007 ejus
1217 2937 1295 3007 apud
1322 2941 1357 2991 te.

772 3009 911 3078 -Sexto,
924 3014 955 3063 ut
968 3008 1044 3064 Deus
1058 3008 1226 3079 patientiam
1238 3006 1360 3079 alicujus

772 3078 908 3143 declaret,
927 3085 956 3135 ct
973 3095 1026 3160 por
1044 3081 1211 3136 Sanctorum
1230 3078 1360 3150 exempla

772 3149 844 3206 alios
863 3149 899 3206 ad
926 3149 1094 3222 patientiam
1119 3150 1251 3208 instruat.
1280 3149 1361 3206 Unde

770 3222 825 3278 iob
839 3238 846 3277 ε
858 3223 922 3277 lla’c
935 3224 974 3277 sit
985 3223 1056 3277 mibi
1069 3224 1229 3291 consolatio,
1243 3228 1275 3279 ut
1286 3223 1360 3291 cmi-

771 3308 837 3362 pens
856 3309 897 3347 nre
916 3292 1010 3349 dolare
1027 3310 1081 3348 non
1095 3300 1213 3366 parcnt;
1232 3310 1282 3350 nec
1301 3309 1362 3350 con·

772 3364 908 3420 trudicum
923 3366 1092 3420 sermonibus
1114 3368 1228 3421 sanctis.
1255 3396 1291 3406 -
1313 3365 1362 3422 Se·

771 3434 871 3508 ptimo,
889 3439 921 3492 ut
934 3434 982 3492 olii
999 3436 1090 3507 magis
1106 3436 1234 3505 timeant,
1250 3441 1281 3492 et
1293 3435 1359 3492 inde

771 3506 1011 3578 exemplumbene
1021 3506 1133 3563 urendi
1143 3513 1266 3564 sumant.
1279 3507 1361 3564 Unde

772 3577 890 3650 Sapiens
910 3594 917 3632 ε
933 3579 1079 3635 Pestilente
1091 3581 1244 3649 stripeltato,
1257 3579 1361 3635 stultus

770 3651 923 3704 scientior
946 3652 1008 3706 erit.
1037 3681 1072 3691 —
1098 3651 1214 3718 Octauo,
1242 3650 1279 3707 ad
1308 3647 1359 3706 Dei

771 3666 907 3776 sescentis
935 3719 1061 3791 laudem,
1088 3728 1117 3779 et
1148 3723 1209 3794 ejus
1236 3720 1360 3793 gloriam

771 3791 1029 3861 manifestandam,
1068 3793 1140 3850 sicut
1177 3791 1361 3849 infirmitates

770 3861 837 3919 caeci
850 3863 908 3920 uati
923 3868 952 3920 et
965 3863 1062 3920 Lazari
1078 3866 1201 3934 fuorunt,
1219 3868 1252 3921 ut
1269 3863 1300 3920 in
1320 3861 1361 3920 eis

771 3949 858 4007 opera
881 3936 932 3991 Dei
950 3934 1214 4005 manifestarentur,
1242 3939 1271 3992 et
1299 3934 1360 4007 ipse

771 4006 846 4062 Deus
865 4005 1075 4078 glorificaretur
1105 4007 1134 4063 in
1157 4013 1308 4065 aeternum.
1326 4035 1361 4048 -

771 4078 863 4147 Nono,
878 4084 909 4134 ut
923 4077 1030 4136 amoris
1050 4079 1154 4137 Christi
1173 4078 1297 4150 insignia
1314 4092 1359 4134 re·

770 4147 886 4220 cogitet,
894 4154 922 4207 et
935 4149 1161 4208 misericordiam
1171 4149 1221 4207 Dei
1236 4148 1313 4206 circa
1326 4163 1358 4206 se

770 4226 965 4292 recognoscet.
995 4222 1076 4279 Unde
1098 4222 1129 4279 in
1157 4219 1356 4279 blachabaeis:

770 4292 881 4349 Etenim
893 4294 980 4351 mutto
994 4297 1113 4368 ternpore
1123 4310 1178 4367 non
1191 4295 1281 4351 sinae
1292 4306 1359 4366 pec·
