2790 4912
185 442 220 491 u'i‘
246 441 374 494 sath'ftt
402 444 543 499 uelitis
572 448 714 512 lltllllh'l,
743 449 782 502 ET
811 448 1004 500 fttlt'lfitu
1033 448 1157 501 llllllb.
1260 452 1288 504 ti

96 539 197 598 arbitrum
222 544 325 601 mentis
347 561 407 602 non
428 548 575 605 hominem
604 551 653 607 sed

738 574 767 610 ii
782 555 813 609 Β.
832 553 865 608 V.
883 553 979 608 Manias
997 568 1110 611 riom.
1127 556 1216 611 -De
1232 555 1291 610 lda-

97 609 157 667 lteun
167 629 298 685 quaerere,
311 617 420 674 nullum
434 619 549 690 laedere,
562 621 655 678 omni·
699 623 750 679 riae
762 623 947 696 conceptione
961 628 990 680 et
1010 624 1234 682 sanctificatione
1249 630 1293 681 est

97 680 133 737 bus
143 683 201 765 hene
220 686 303 756 velle,
317 689 473 761 majoribus
492 707 654 764 assurgere,

97 754 215 823 aqudihus
230 773 300 838 ⁸non
326 759 466 831 invidere,
487 763 655 834 jactantiam

97 821 171 894 lupe,
186 833 326 911 rationem
345 833 435 903 sequi,
452 849 550 891 amare
567 835 654 892 virtu·

97 896 141 949 ten.
153 897 259 963 Quando
276 900 336 971 illa,
362 903 405 959 vel
420 909 501 974 nutu,
521 905 594 963 laesit
609 923 656 978 pa·

96 968 175 1024 rates?
194 970 312 1051 Quando
338 973 475 1031 fastidivit
501 977 657 1035 humilem?

96 1033 178 1118 Quando
194 1041 283 1099 irrisit
296 1043 439 1102 debilem?
453 1047 570 1113 Quando
584 1049 656 1105 vita·

97 1110 248 1188 iit'nopemf
271 1114 345 1196 riihit
369 1122 481 1174 torvum
500 1117 531 1173 in
554 1119 655 1188 oculis,

96 1175 143 1233 utu
158 1197 252 1265 procax
276 1201 305 1242 in
329 1187 435 1256 verbis,
452 1188 521 1244 nihil
545 1189 656 1247 invere-

95 1249 183 1332 cundum
200 1270 230 1311 in
247 1262 323 1314 actu.
341 1259 403 1315 Non
417 1264 514 1330 gestus
530 1261 656 1331 fractior,

95 1331 142 1401 non·
150 1338 268 1409 incessus
287 1328 417 1397 solutior,
436 1347 493 1387 non
508 1349 560 1389 vox
575 1339 656 1404 petu-

95 1385 185 1450 lantior:
198 1401 228 1452 ut
239 1413 302 1469 ipsa
312 1399 423 1471 species
435 1402 563 1474 eorporis
572 1404 657 1460 sinin·

95 1456 169 1541 lttfun
181 1467 265 1549 fuerit
280 1470 395 1540 inentis,
410 1477 439 1529 et
455 1473 546 1531 forma
561 1475 656 1547 prohi-

95 1533 233 1618 fatisfatis
257 1540 334 1597 enim
354 1541 407 1599 fuit
425 1544 524 1615 blaria,
544 1552 575 1602 ut
597 1547 657 1618 ejus

96 1615 153 1682 nnita
165 1613 218 1665 uta
237 1612 365 1669 omnium
386 1613 535 1687 disciplina
561 1616 606 1674 sit.
628 1616 656 1674 Si

95 1678 235 1741 iuturaetor
247 1698 305 1739 non
319 1682 460 1755 displicet,
473 1703 543 1759 opus
557 1688 658 1760 probe·

95 1755 138 1824 uus
148 1764 154 1802 :
166 1755 195 1832 nt
204 1751 374 1826 quicumque
389 1755 441 1813 sibi
457 1763 570 1830 exoptat
583 1774 656 1831 prae-

94 1826 163 1888 muni,
186 1823 314 1880 imitetur
340 1829 500 1901 exemplum
525 1847 532 1885 :
559 1849 574 1880 »
595 1831 656 1886 haec

92 1884 230 1965 fitilmsius.
244 1895 324 1952 Unde
336 1903 366 1953 et
375 1899 542 1957 Ansetmus:
557 1922 571 1952 ι(
585 1903 657 1957 Nota

92 1961 159 2029 ltttur,
179 1963 323 2023 infantiles
344 1983 434 2026 annos
458 1975 550 2040 eiuta,
570 1988 656 2099 guam

91 2034 152 2104 tute,
164 2049 247 2117 quani
262 2044 371 2108 sancte,
391 2056 477 2110 quani
497 2044 555 2099 Deo
590 2043 656 2113 igne

90 2103 151 2157 tltin
162 2109 323 2178 instituerit,
336 2126 369 2166 ac
381 2110 539 2169 institutam
555 2114 655 2185 egerit,

90 2171 112 2220 nt
127 2174 159 2229 iel
178 2193 211 2232 co
233 2178 303 2236 'tatu
328 2187 450 2253 nequeat
472 2184 535 2256 quis
560 2187 655 2256 conje-

89 2241 151 2298 ctare.
162 2193 371 2322 anffdenique
386 2253 514 2324 dubium,
529 2255 656 2313 castissi-

89 2320 143 2369 mtn
163 2333 273 2390 corpus,
306 2327 334 2377 et
359 2324 567 2383 sanctissimam
590 2327 653 2384 ani·

88 2389 388 2521 ffiaejuscenalfldi‘tgsi
406 2395 497 2524 Rigsseel
520 2398 557 2455 ab
576 2398 653 2455 ouini

498 2484 532 2524 or
641 2502 653 2511 ·

89 2477 343 2615 stodia,pdpiietectai'iij;
356 2481 653 2613 ifftpotegaularlilinduffiln

88 2601 135 2674 ills
148 2606 174 2684 et·
186 2619 315 2661 omnium
329 2607 446 2664 Creator
461 2612 536 2667 Deus
552 2627 653 2684 corpo-

87 2661 156 2726 lllltcr
166 2676 387 2748 inhabitaturus,
402 2685 431 2736 et
450 2696 483 2737 ei
498 2696 554 2753 qna
566 2682 655 2739 homi·

87 2743 134 2813 ssim
152 2758 204 2802 suae
229 2762 361 2819 personae
379 2750 500 2822 unitum,
516 2752 653 2810 ineffabili

87 2798 123 2884 tui
145 2818 302 2886 operatione
328 2827 500 2893 sumpturus.
531 2826 564 2879 Et
587 2825 653 2896 quid

86 2884 269 2959 ¹1¹¹pn‘trtam
293 2896 321 2947 et
341 2891 416 2949 inter
438 2893 568 2950 homines
587 2911 654 2952 usus

84 2943 187 3028 vitium,
205 2961 229 3017 si
246 2967 343 3019 tamen
361 2964 525 3022 coelestihns
543 2965 577 3022 ad
596 2970 653 3022 ter-

84 3025 135 3080 rena
148 3035 237 3100 potest
255 3049 318 3089 esse
338 3035 513 3107 comparatio
534 3036 602 3107 ulla,
622 3042 654 3094 ut

82 3094 130 3163 Qu
150 3116 204 3171 prae
245 3108 309 3159 tens
335 3103 438 3186 aliquis
464 3106 509 3163 vel
531 3122 654 3179 persona

82 3150 148 3237 ditet,
188 3171 284 3244 aiqno
328 3175 406 3232 vadit
448 3177 652 3250 hospitaturus,

81 3223 174 3298 theutes
200 3251 354 3314 procurent
381 3247 486 3317 locum,
515 3249 653 3316 inuniant,

80 3306 206 3395 mundent,
234 3321 346 3397 ornent,
373 3323 460 3390 atque
483 3320 653 3389 custodiant,

80 3379 120 3440 Quo
143 3391 265 3441 venienti
290 3387 406 3445 domino
431 3405 493 3460 sno,
515 3396 597 3463 aptus
618 3392 653 3447 ad

79 3436 255 3536 hibitandum,
279 3463 308 3513 et
330 3473 473 3587 eonffruus
492 3462 552 3519 flat.
575 3462 653 3530 Quod

78 3527 95 3572 ⁸1
114 3527 175 3608 tatis
200 3535 354 3600 apparatus
402 3537 423 3602 t,
452 3548 503 3604 pro
532 3533 654 3590 adventu

76 3590 162 3653 terreni
181 3599 315 3670 hominis,
335 3609 363 3658 et
383 3610 589 3662 momentaneae
604 3619 654 3676 po-

73 3664 178 3750 testatis,
212 3670 304 3741 qualis
338 3678 471 3745 putamus
503 3680 655 3752 apparatus

70 3749 149 3821 cuiuis
168 3741 235 3797 boni
252 3741 340 3823 flebat
356 3760 410 3816 pro
429 3745 553 3803 adventu
572 3746 656 3803 ccele-

66 3814 108 3866 stis
121 3817 151 3866 et
164 3816 266 3869 aeterni
280 3814 366 3885 Regis
380 3816 410 3872 in
425 3817 511 3874 corde
526 3816 656 3874 sacratis·

701 694 858 763 sciendum,
877 694 953 767 quod
968 710 1034 751 cum
1050 697 1124 751 Dens
1136 697 1291 754 humanam

701 771 831 823 naturam
854 781 1001 823 assumere
1026 764 1207 836 decrevisset,
1222 784 1291 824 con·

702 853 803 908 gruum
828 836 879 893 fuit
898 842 929 895 ut
949 841 1080 904 matrem,
1108 836 1143 894 de
1161 855 1218 908 qua
1240 854 1291 895 na·

702 913 838 976 sceretur,
864 907 1059 980 praemitteret.
1088 910 1122 964 Et
1146 910 1207 965 liaec
1241 925 1293 980 per

702 978 791 1036 filiam
807 978 881 1052 regis
894 979 1017 1051 astiagis
1031 978 1215 1051 praellgurata
1227 979 1291 1047 fuit,

702 1050 760 1122 qui,
780 1050 856 1106 utin
889 1050 1061 1107 Scholastica
1081 1050 1204 1107 Historia
1222 1049 1292 1106 dici·

702 1127 758 1190 tur,
776 1122 805 1177 in
826 1120 935 1177 visione
956 1120 1026 1177 vidit
1049 1121 1126 1193 quod
1150 1121 1186 1178 de
1211 1127 1292 1178 utero

703 1192 769 1249 flliae
780 1191 911 1248 snaevitis
925 1191 1043 1262 pulchra
1058 1194 1213 1258 crescebat,
1228 1207 1291 1264 quai

703 1262 851 1319 frondibus
867 1266 896 1317 et
911 1261 1028 1319 floribus
1042 1279 1073 1320 se
1092 1263 1241 1331 dilatabat,
1262 1269 1292 1317 ct

704 1334 824 1390 fructum
857 1333 1006 1404 profereus
1048 1339 1137 1389 totum
1170 1350 1290 1404 regnum

704 1420 787 1462 suum
801 1404 1005 1471 obumbrabat;
1018 1403 1180 1474 dictumque
1195 1409 1238 1460 est
1253 1404 1290 1473 ei,

705 1475 782 1548 qnod
798 1475 834 1531 de
854 1474 914 1530 filia
932 1489 984 1530 sua
1000 1490 1048 1530 rex
1063 1489 1182 1544 magnus
1197 1474 1308 1533 nasci.

705 1553 784 1604 turus
798 1550 860 1603 erat
876 1563 883 1602 :
902 1561 965 1616 quae
977 1550 1042 1617 post
1057 1544 1117 1599 haec
1130 1546 1232 1616 Cyrum
1246 1561 1291 1601 re·

704 1633 769 1689 gem
794 1615 951 1699 generavit,
967 1615 1014 1686 qui
1042 1614 1117 1696 filios
1145 1616 1231 1672 lsrael
1256 1615 1291 1672 do

703 1687 878 1817 Jpfiffm}
892 1685 1062 1814 ltlabyloitiiea
1088 1685 1228 1814 lhhcffiivit.
1249 1689 1291 1770 lta

703 1774 896 1904 iilaecrelljlqneliss2
910 1774 1289 1957 l(lirblrieslii’ni({l·¹lsl)eqenilagnilirlgal-

704 1907 757 1971 ret,
774 1901 822 1972 qui
841 1917 894 1957 nos
912 1901 947 1957 de
972 1900 1133 1972 captivitate
1148 1900 1194 1955 dia
1216 1901 1291 1957 otiea

703 1972 844 2040 liberavit,
857 1971 904 2044 qni
920 1976 948 2028 et
966 1987 1034 2027 vera
1049 1971 1113 2027 vitis
1125 1970 1187 2039 fnit,
1201 1976 1289 2052 etto·

703 2049 762 2100 tum
775 2043 911 2099 mnndum
923 2042 1111 2099 obumbravit.
1127 2044 1190 2113 lpsa
1204 2048 1289 2098 etiam

702 2113 1133 2256 llllh‘tttlttlillttl
1148 2112 1289 2254 tatur

1125 2226 1131 2251 i

703 2256 866 2312 conclusam
885 2254 915 2311 in
945 2259 1024 2312 utero
1044 2254 1143 2310 matris
1169 2253 1289 2324 Spiritus

702 2328 822 2385 Sanctus
835 2325 1066 2392 sanctificavit,et
1078 2325 1170 2396 sigillo
1184 2329 1288 2381 sanctie

700 2397 846 2456 Trinitatis
877 2396 917 2453 sic
943 2395 1079 2452 conclusit
1107 2397 1177 2451 etsi
1200 2394 1287 2466 navit,

701 2469 777 2541 quod
790 2468 819 2524 in
836 2483 899 2549 eam
918 2481 1073 2548 numquam
1089 2411 1199 2545 aliquit}
1210 2466 1288 2522 eoin·

741 2540 849 2596 inatnm
872 2542 1009 2595 introivit.
1033 2539 1098 2591 llaec
1117 2542 1202 2591 etiam
1217 2551 1287 2608 pra·

711 2613 822 2682 igurata
837 2606 890 2663 fnit
902 2622 955 2679 por
968 2606 1079 2663 stellam
1095 2606 1221 2674 Balaam,
1238 2605 1287 2677 qui

701 2679 831 2753 promisit
859 2677 934 2750 quod
970 2678 1006 2735 de
1037 2679 1123 2734 Jacob
1164 2677 1288 2733 oriretur

701 2752 804 2809 stella:
822 2766 873 2823 per
898 2764 982 2821 quam
1006 2748 1183 2820 figurabatur
1198 2747 1287 2805 Maria

701 2821 900 2880 fluctuantium
920 2819 1030 2877 ductrix
1048 2826 1076 2876 et
1094 2819 1217 2892 adjutrix
1232 2819 1287 2876 sin-

700 2894 806 2965 gularis
830 2897 858 2950 et
871 2891 1029 2966 praecipua3
1049 2891 1110 2948 sine
1130 2907 1185 2962 qua
1204 2891 1287 2948 stella

700 2981 757 3022 non
785 2970 948 3037 poteramus
968 2964 1022 3019 boc
1043 2962 1182 3019 fervidum
1207 2978 1286 3042 mare

700 3036 884 3109 pertransire,
898 3051 950 3093 nec
974 3034 1010 3091 ad
1051 3039 1144 3090 ortum
1163 3031 1287 3089 coelestis

699 3106 798 3178 patrias
812 3106 969 3179 pervenire.
982 3135 1014 3146 —
1029 3049 1192 3187 fpsaetiam
1202 3105 1287 3161 beata

700 3177 796 3251 Virgo,
810 3177 904 3249 quoad
919 3193 999 3234 suani
1013 3180 1199 3239 nativitatem,
1215 3189 1287 3246 prae·

702 3249 824 3332 figurata
842 3248 896 3305 fuit
910 3263 963 3319 per
975 3246 1082 3315 virgam
1099 3246 1135 3300 de
1149 3244 1245 3300 radice
1259 3249 1287 3300 et

701 3326 788 3392 stirpe
800 3322 879 3377 lesse
890 3317 977 3391 patris
991 3316 1079 3372 David
1089 3314 1287 3395 egressamde

701 3406 757 3463 qua
772 3392 825 3446 flos
842 3387 1063 3453 amoenissimus,
1078 3385 1185 3441 scilicet
1205 3386 1286 3442 Chri·

701 3468 761 3519 stus
779 3459 915 3517 Dominus
935 3455 1062 3514 ascendit
1072 3457 1087 3523 ς’
1101 3472 1186 3528 super
1200 3471 1287 3527 quam

693 3529 874 3605 septiformis
908 3529 1000 3600 gratia
1037 3527 1159 3600 Spiritus
1193 3525 1288 3584 Sancti

700 3601 848 3675 requievit.
881 3598 1027 3668 Quomodo
1055 3604 1151 3655 autem
1184 3601 1287 3656 florem

700 3669 1289 3816 ttldlitlffllthilhlhlltlt

703 3814 1288 3897 stravit,quaenumquamaperiridebehat‚

65 3880 135 3938 ninia
156 3882 291 3954 Virginis,
310 3900 374 3957 quae
393 3885 472 3944 illum
489 3904 546 3945 non
565 3888 656 3944 soluni
703 3887 754 3945 sed
768 3889 904 3944 Dominus
918 3884 995 3943 solus
1019 3901 1147 3958 peream
1163 3885 1289 3942 clausam

65 3963 117 4012 erat
129 3955 162 4012 in
174 3955 357 4029 semetipsam
371 3958 519 4016 transitive
533 3958 658 4031 hospita·
702 3958 826 4015 transire
842 3956 962 4014 volebat.
980 3959 1043 4029 ipsa
1059 3956 1145 4013 etiam
1181 3957 1290 4028 raeflgu-

65 4042 130 4095 ura,
145 4027 196 4084 sed
212 4026 298 4084 etiam
313 4044 346 4085 ex
360 4029 522 4086 substantia
536 4045 589 4087 sus
605 4030 657 4087 ho·
703 4035 765 4086 rata
779 4028 831 4084 fuit
843 4043 894 4100 per
908 4028 1055 4110 templum,
1066 4028 1142 4099 quod
1155 3972 1289 4084 §atomon

65 4098 164 4155 ninem
178 4098 284 4156 factum
299 4100 447 4171 paritura?
460 4122 474 4152 η
488 4101 549 4158 haec
561 4103 658 4156 Auset-
685 4138 687 4142 »
703 4098 823 4157 Domino
837 4098 995 4156 edificavit.
1008 4101 1065 4154 lloc
1080 4096 1291 4179 templumerat

65 4185 125 4226 ius.
142 4199 178 4212 -
192 4170 348 4228 Considera
361 4172 408 4229 hie
419 4177 526 4230 attente
540 4171 657 4228 virtutes
702 4175 894 4228 constructum
911 4184 1054 4226 marmore
1073 4168 1289 4229 candidissimo,

65 4247 83 4297 et
101 4256 203 4298 mores
233 4241 359 4315 Virginis
378 4243 484 4314 Maria,
499 4241 656 4315 prasertim
703 4247 732 4300 et
760 4246 890 4298 ornatum
917 4240 1089 4297 intrinsecus
1114 4250 1291 4318 auromun·

65 4314 125 4370 luni
154 4310 208 4368 fnit
237 4312 267 4369 in
295 4315 400 4387 templo
439 4319 468 4372 et
494 4330 546 4388 pro
572 4329 657 4387 posse
703 4312 841 4384 dissim03
873 4311 915 4369 sie
943 4310 1032 4368 ldaria
1055 4313 1116 4365 erat
1146 4309 1291 4366 albissima

67 4399 106 4441 uo
124 4381 214 4441 etiam
228 4383 335 4443 imitari
349 4356 440 4442 stude.
703 4384 827 4442 candore
845 4381 1007 4457 purissima
1027 4377 1175 4448 castitatis,
1193 4382 1221 4434 et
1243 4389 1292 4429 or·

1015 4510 1264 4626 A·
