2790 4912
118 342 197 412 'ris
272 314 277 322 ’
351 344 356 355 ’
524 345 1014 400 rnrnnrrnnscirnrxrn
1120 351 1128 367 ·

152 474 310 531 omnesque
338 456 400 527 ejus
429 452 582 510 blanditias
612 454 737 519 duceret,
795 451 880 509 vitam
910 450 1127 524 predicantium
1153 452 1339 510 ostendebat.
1367 475 1382 504 u

152 533 200 607 qni
223 537 282 588 tam
306 525 443 583 vilissimo
471 525 635 581 indumento
660 525 738 582 eibo-
793 524 872 580 Unde
886 528 915 581 et
930 525 1153 592 chrysostomus:
1170 545 1186 575 «
1204 523 1305 606 Talem
1319 539 1381 581 esse

153 621 208 678 que
220 599 310 665 tonali,
323 605 352 655 et
364 597 503 668 imparato
516 597 658 653 utebatur.
674 597 740 653 Sola
793 596 942 722 oportebat
957 596 1165 651 Praecursorom
1184 597 1301 677 bomini
1315 598 1380 677 l’ro·

152 675 228 734 enim
245 673 327 742 huius
338 668 403 725 vitae
418 669 580 724 necessaria
593 669 739 737 quaerebat
792 683 810 738 p
833 672 907 723 etam
923 670 951 722 et
965 665 1132 747 Apostolum
1144 667 1325 748 Obruta-qur
1339 671 1379 724 to·

152 745 203 819 qui
218 745 259 800 sic
273 741 368 797 virere
382 740 572 812 disposuerat.
586 739 675 794 llu'us
688 755 737 795 ex·
793 745 852 794 tum
865 754 895 795 se
910 737 1017 793 coelestr
1033 738 1286 810 Deo.conternptis
1294 738 1375 796 rebus

152 816 279 887 emplum
298 813 335 868 illi
358 814 526 881 sequuntur,
549 809 595 880 qui
616 755 736 866 dicunt:
793 809 901 873 nfundi,
916 812 1075 891 praestaret.
1098 808 1179 865 Unde
1195 825 1253 866 non
1277 809 1379 868 imme·

151 885 440 946 Habentesolimentc,
450 887 476 937 ct
488 882 589 951 quibus
601 886 737 949 tenemur,
793 880 848 937 rito
863 883 1012 938 abomino
1026 886 1112 937 etiam
1126 881 1253 952 Angelus
1269 897 1389 963 nuncn-

153 962 197 1016 his
214 958 333 1013 contenti
355 969 458 1009 summ.
485 953 639 1024 Propterea
662 951 739 1009 enim
791 958 885 1024 patnr,
910 951 976 1023 quia
1002 951 1032 1007 in
1052 952 1107 1008 boc
1135 953 1243 1033 mundo
1271 958 1389 1024 positus

153 1030 222 1104 qnia
236 1024 431 1101 poenitcntiam
451 1023 635 1096 praedicabat,
647 1024 737 1094 quali·
793 1024 929 1080 niunden
945 1023 1038 1105 ipsum
1058 1023 1190 1105 angelica
1213 1029 1273 1107 rita
1287 1024 1389 1083 calos-

152 1108 197 1160 ter
227 1098 396 1172 prenitentes
420 1095 515 1151 rivere
542 1095 674 1162 debeant,
709 1100 739 1152 ut
793 1093 1389 1176 bat.Siautem1llequ1pnrnsrtaemt

153 1174 245 1231 bonus
266 1167 400 1241 magister
419 1165 505 1223 eisin
528 1167 621 1237 seipso
641 1182 737 1222 exem-
791 1172 819 1222 et
833 1166 905 1229 coelo
923 1165 1037 1232 clarior,
1052 1170 1081 1222 et
1095 1166 1247 1238 Prophetis
1266 1167 1389 1242 celsior,

152 1244 231 1317 plum
247 1247 274 1297 et
290 1239 417 1307 reculam
432 1238 526 1294 itabat.
544 1239 611 1293 Erat
623 1239 647 1293 ci
661 1242 738 1295 terra
791 1243 820 1294 et
834 1254 889 1309 quo
913 1237 1008 1293 nullus
1025 1237 1171 1293 hominnm
1193 1240 1287 1309 major
1315 1237 1389 1299 fnit⁴

153 1314 256 1382 cubile,
285 1317 368 1368 antra
393 1310 505 1378 domus,
537 1308 613 1380 pilus
640 1311 736 1378 restis,
792 1309 895 1380 quique
910 1308 1072 1380 tantaapnd
1083 1310 1171 1365 Deum
1186 1309 1389 1372 fainiliaritsts

172 1386 235 1443 ellis
248 1398 356 1451 zonas
378 1398 414 1438 ua
424 1386 518 1453 potus,
528 1380 605 1436 locus
616 1382 736 1437 lacibus.
791 1381 943 1462 gaudebat,
960 1381 999 1436 ita
1013 1380 1197 1451 semetipsum
1213 1382 1249 1437 ad
1266 1397 1389 1443 ornnem

151 1402 187 1515 El
201 1456 241 1513 sic
260 1472 318 1510 non
339 1398 430 1510 sisium
456 1451 591 1508 mnndum
612 1457 639 1507 et
656 1452 736 1508 blan-
793 1458 956 1519 'rabennam
968 1452 1086 1507 durabat
1099 1451 1389 1519 laborumtluxade

153 1529 238 1585 ditias
252 1528 313 1599 ejus
327 1531 518 1593 contemnere,
533 1522 680 1579 sedetiam
696 1529 737 1579 to·
791 1523 920 1580 liciarum
939 1538 1004 1579 cnm
1024 1523 1129 1604 divitiis
1144 1523 1314 1605 despiciens,
1332 1532 1389 1584 at·

153 1601 210 1657 tius
229 1597 343 1669 generis
363 1595 479 1652 humani
499 1598 616 1666 peccata
631 1594 737 1651 dedere
791 1612 847 1666 que
859 1595 895 1650 ad
910 1609 1023 1650 omnem
1034 1611 1065 1650 se
1079 1599 1144 1650 vitre
1159 1611 1286 1663 rigorem
1293 1611 1389 1654 ocar-

153 1687 184 1728 se
199 1669 333 1731 ostendit,
349 1672 378 1722 et
392 1668 549 1738 exemplum
566 1664 633 1721 utile
649 1670 738 1736 poste
792 1673 887 1734 rtans3
909 1681 993 1737 quam
1010 1682 1063 1722 nos
1077 1666 1248 1723 habebimus
1262 1683 1389 1726 excusa-

153 1742 193 1799 ris
209 1737 368 1810 dereliquit.
385 1741 484 1795 Totum
501 1753 569 1808 ergo
585 1737 738 1806 quoderat
792 1738 910 1805 tionem,
921 1737 968 1808 qni
983 1743 1046 1808 post
1058 1743 1099 1794 tot
1110 1737 1213 1794 Christi
1226 1738 1389 1813 beneficia,

152 1813 182 1870 in
195 1814 314 1880 loanne,
330 1809 526 1881 poenitentiam
545 1809 735 1880 praedicabat:
793 1813 855 1881 post
871 1814 950 1865 tanta
966 1814 993 1864 rt
1014 1808 1126 1890 infinita
1140 1825 1231 1866 onera
1245 1816 1389 1893 peccstp-

151 1889 180 1942 et
194 1899 308 1949 nomen,
323 1880 391 1952 qnia
408 1884 456 1937 bei
477 1884 584 1949 pretim
603 1884 631 1936 et
649 1879 736 1949 locus,
792 1897 866 1951 rum,
885 1896 977 1952 neque
992 1896 1140 1936 minimam
1158 1881 1324 1953 particulam
1338 1881 1387 1939 nl-

152 1955 219 2026 qnia
232 1955 375 2010 desertum
387 1970 394 2021 ;
413 1958 442 2008 et
456 1951 579 2018 habitus,
596 1950 662 2023 quia
676 1951 737 2007 cili·
792 1952 847 2009 lius
860 1951 1055 2023 castigationis
1066 1951 1213 2010 imitamur
1222 1971 1230 2022 ;
1239 1953 1289 2009 sed
1301 1968 1383 2011 com·

151 2025 227 2082 cium
240 2029 293 2092 ;.et
314 2022 404 2088 cibus,
422 2022 488 2104 quia
505 2023 694 2090 locustarnm;
710 2028 739 2079 ot
793 2023 1011 2081 messationibus
1026 2028 1054 2079 et
1072 2023 1259 2081 ebrietatibus
1274 2022 1375 2091 dediti,

151 2112 258 2157 sermo,
277 2093 343 2164 quia
361 2092 536 2164 punitentia
557 2093 693 2161 verbnm,
709 2098 737 2149 et
791 2112 824 2152 ac
849 2094 1000 2168 peregrino
1026 2094 1114 2151 odore
1142 2096 1312 2166 fragrantes,
1326 2094 1373 2152 vel

151 2164 290 2238 operatio,
308 2163 374 2234 quia
391 2163 531 2236 baptisma
546 2163 737 2221 assuefaciens
792 2167 885 2236 potius
899 2167 1040 2232 foetentes,
1061 2181 1093 2222 ac
1109 2166 1235 2237 undiquc
1249 2170 1366 2249 nosmet·

151 2238 188 2295 ad
202 2239 317 2294 bonum.
790 2238 868 2310 ipsos
896 2237 1054 2294 relaxantes
1072 2242 1100 2293 et
1124 2237 1319 2295 mollificantes
1337 2251 1362 2317 in

187 2311 276 2366 bl’nn
295 2325 373 2363 resurr
393 2322 543 2362 ricunirun
567 2323 737 2366 rumore-incr
789 2310 914 2383 pradum
936 2307 1040 2364 diaboli
1062 2324 1270 2380 prmparamur,
1293 2312 1319 2367 et
1339 2324 1359 2365 er

151 2397 342 2437 annueramus.
358 2409 392 2419 —
405 2380 434 2434 ln
444 2381 554 2435 loanno
567 2377 737 2436 describitur
788 2380 944 2453 captabiles
960 2395 1012 2435 nos
1032 2379 1170 2437 facimus?
1184 2403 1198 2430 »
1214 2382 1275 2438 baec
1287 2381 1354 2450 Cirr
1387 2436 1389 2441 ,

150 2448 735 2524 Evangeliipraedicator:etprimoqnan·
785 2458 928 2510 sostomus.
1385 2460 1389 2495 ²

150 2530 210 2581 tum
226 2524 261 2581 ad
272 2524 441 2589 doctrinam,
454 2521 540 2577 debet
554 2519 628 2577 enim
643 2537 734 2578 exem·
822 2548 838 2598 9
855 2525 1012 2581 Concursus
1027 2542 1123 2582 rorum
1138 2543 1172 2580 sn
1187 2529 1317 2583 Jonnnsu.
1328 2550 1352 2566 -
1384 2498 1389 2567 i

149 2596 196 2668 plo
210 2594 328 2653 Jonnnis
351 2594 508 2666 predicare
524 2591 732 2665 poenitentiam,
788 2599 871 2665 Tunc,
901 2595 998 2652 audita
1017 2596 1135 2654 loannis
1161 2599 1247 2666 lama,
1277 2595 1350 2653 carlo

151 2672 178 2723 et
193 2666 443 2738 eaqiiaerecedere
455 2664 732 2735 faciuntapcccatis,
785 2667 823 2721 cd
847 2682 908 2722 cum
927 2670 1015 2723 omnis
1034 2670 1214 2740 ierosolyma,
1233 2674 1348 2741 quantun

150 2742 178 2794 et
193 2755 226 2794 ca
241 2754 303 2809 quun
317 2738 422 2792 faciunt
436 2738 572 2792 accedere
587 2738 622 2791 ad
637 2752 734 2793 ronse·
785 2738 821 2794 ad
837 2738 999 2795 habitantes
1015 2740 1041 2795 in
1059 2739 1174 2797 civitate
1191 2739 1251 2809 illa,
1266 2745 1291 2796 et
1306 2754 1347 2795 on·

150 2809 293 2864 cntionem
319 2809 401 2878 regni
439 2806 576 2876 coelestis;
606 2808 732 2864 secundo
785 2811 951 2874 alsteden,
971 2811 1348 2883 quantumadcircumjscce

170 2884 285 2933 nantum
302 2877 337 2932 ad
350 2878 565 2948 continentiam,
581 2877 648 2949 qnia
662 2895 733 2936 zona
784 2886 829 2937 tes
843 2880 873 2937 in
887 2897 932 2949 ea,
946 2887 971 2937 et
985 2885 1073 2937 omnis
1088 2887 1163 2953 nepio
1179 2886 1253 2939 circo
1269 2882 1348 2939 forde·

149 2893 420 3003 dicituressocirca
440 2948 562 3015 lumbos,
588 2950 734 3020 utprsedi·
785 2968 870 3016 irem,
896 2959 1031 3023 quantum
1061 2954 1097 3009 ad
1127 2955 1199 3012 duas
1227 2953 1349 3013 tribuset

149 3024 229 3074 cator
241 3017 442 3073 continentiam
459 3018 571 3086 lrabeat,
589 3021 665 3076 unde
680 3023 733 3078 Do
785 3023 947 3093 dimidiam,
978 3023 1081 3093 oiiinis,
1109 3025 1240 3096 inquam,
1267 3025 1295 3082 id
1319 3024 1349 3081 ol

150 3088 243 3144 minus
265 3086 418 3144 leremiam
444 3088 558 3144 mittens
577 3090 733 3160 praedicare
786 3095 864 3151 multi
880 3096 915 3152 de
930 3095 1071 3162 omnibns,
1087 3103 1116 3153 ut
1128 3097 1165 3154 sit
1176 3099 1213 3169 by
1234 3095 1348 3159 erbolin,

148 3159 204 3216 ait:
220 3160 452 3227 deunculumbos
463 3166 537 3225 tuos;
549 3160 633 3240 tertio
645 3177 732 3232 quan·
785 3165 813 3222 id
831 3171 884 3236 est,
900 3167 1018 3223 multum
1037 3169 1200 3239 expressiva
1214 3114 1350 3235 formicet

148 3238 207 3289 tum
225 3230 373 3299 advitam,
389 3235 417 3287 et
436 3232 490 3287 boc
505 3230 664 3302 dupliciter,
676 3236 731 3289 sci·
784 3236 900 3308 ponitur
917 3237 955 3295 ibi
983 3238 1131 3296 continens
1153 3256 1206 3313 pro
1225 3242 1350 3297 contento.

147 3304 212 3362 licet
233 3309 368 3375 quantum
380 3302 416 3359 sd
427 3305 558 3359 vestitum
573 3307 601 3360 et
614 3303 730 3372 victum,
783 3309 1092 3380 rebaptizationem
1106 3328 1135 3368 eo
1148 3316 1178 3367 in
1191 3312 1307 3368 sarcum
1317 3309 1352 3367 bt·
1386 3352 1389 3363 .

148 3376 298 3448 inquibus
323 3374 410 3431 etiam
438 3390 455 3431 a
478 3377 587 3432 loanne
611 3375 730 3448 accipiat
782 3379 886 3450 ptismo
899 3396 961 3449 sno,
974 3385 1129 3451 conmeatus
1141 3388 1257 3455 peccato
1267 3378 1351 3460 sumti

145 3448 314 3518 exemplum.
331 3446 383 3513 Qui
400 3463 469 3574 erpo
488 3447 685 3518 poenitentiam
702 3455 731 3505 et
783 3467 813 3506 so
837 3457 967 3578 aptantes
992 3452 1137 3524 baptismo
1155 3455 1261 3511 Christi
1278 3465 1350 3510 suso·

145 3518 385 3599 asperainjungit
403 3535 435 3575 ve
465 3518 602 3601 praedicat
622 3525 727 3575 etcor-
781 3523 847 3649 Eleu
868 3538 895 3579 o.
914 3523 1074 3604 Baptismus
1094 3525 1172 3582 enirn
1195 3517 1351 3583 loannisst

144 3589 544 3660 riprt‚habitumpoenitenbae
559 3590 728 3662 praetendat,
803 3609 835 3648 oc
855 3598 916 3650 erat
943 3596 1103 3659 ordinatus,
1126 3597 1209 3668 quasi
1234 3594 1350 3669 qnaedsn

144 3674 246 3729 aspera
257 3667 334 3715 reste
347 3664 470 3730 tegatur,
482 3666 511 3717 ct
523 3677 608 3732 parce
618 3662 728 3719 reficia-
781 3665 951 3746 praeparatio
969 3669 997 3722 et
1038 3667 1211 3739 raefrgnratio
1227 3666 1343 3741 baptism

144 3735 200 3792 tur,
217 3733 248 3785 nt
263 3730 291 3785 in
303 3746 337 3786 eo
351 3730 443 3789 vilitas
458 3732 542 3789 vestis
555 3738 583 3788 et
596 3733 651 3790 cibi
669 3734 728 3790 lan·
780 3735 870 3807 ipsius
885 3736 987 3794 Christi
1005 3682 1040 3794 de
1055 3739 1183 3810 proximo
1199 3737 1343 3807 venturis

143 3800 236 3867 detur,
245 3816 443 3883 quornmtnsns
454 3804 481 3859 in
493 3803 579 3859 divite
587 3804 725 3885 arguitur.
780 3806 844 3864 ideo
859 3810 984 3865 loannes
997 3825 1054 3889 non
1070 3810 1162 3867 solnm
1178 3811 1352 3893 predicant

142 3873 299 3927 husterrtas
327 3889 402 3929 enim
430 3873 494 3931 vitae
520 3883 676 3945 requiritur
696 3876 725 3933 in
780 3879 829 3934 sed
845 3879 931 3936 etiarn
946 3880 1124 3951 baptizabat3
1143 3898 1213 3954 qnia
1226 3883 1298 3941 sieut
1310 3893 1353 3939 snt

141 3942 286 4012 Evangelii
314 3944 517 4016 praedicatore;
561 3947 623 4004 ideo
656 3946 725 4005 dicit
780 3950 982 4021 predicatione
1002 3952 1153 4009 nuntiabat
1167 3949 1354 4012 Christumdo

141 4014 292 4084 Apostolus
308 4031 315 4069 :
340 4017 449 4084 Castico
465 4034 564 4089 corpus
579 4035 679 4083 meum,
699 4026 727 4076 et
780 4023 907 4092 proximo
922 4029 1085 4092 venturum,
1099 4023 1140 4080 sie
1155 4041 1208 4082 suo
1227 4025 1356 4098 baptism

141 4088 170 4140 in
195 4088 352 4142 seruitutem
375 4089 490 4157 redico,
514 4106 548 4145 nc
568 4092 640 4159 forte
664 4108 725 4147 cum
779 4093 985 4150 assuefaciebat
1009 4094 1140 4152 homines
1165 4097 1203 4154 ad
1234 4094 1356 4155 libentius

140 4159 207 4213 otiis
218 4158 438 4227 pradicaocrim,
451 4162 511 4230 ipse
519 4163 652 4231 reprobus
666 4165 725 4233 cfp·
779 4163 991 4236 suseipiendum
1027 4166 1131 4223 Christi
1175 4170 1354 4241 baptismum·

138 4231 207 4285 cicc.
216 4228 295 4285 Unde
307 4231 505 4298 hieronymus:
518 4233 633 4288 «Vestis
646 4233 725 4306 quip
780 4236 858 4292 Unde
867 4237 1023 4307 baptismus
1032 4237 1153 4295 loannis
1162 4238 1354 4313 cratqucdnu

138 4316 174 4372 pe
192 4306 221 4358 et
235 4299 314 4358 cibus
328 4305 357 4358 et
374 4306 458 4374 potus
475 4306 563 4360 totam
581 4307 724 4363 austeram
777 4307 945 4377 protestatio
958 4309 1093 4367 credendi
1101 4309 1132 4368 in
1141 4310 1286 4371 Christum
1298 4322 1355 4368 ron·
