2790 4912
88 225 133 280 l'ld
462 219 576 276 aaran
602 219 725 277 itatis
752 219 858 275 CAPUT
884 218 936 273 XX

84 335 182 407 portas
194 329 288 404 aperit
298 325 424 403 paradisi
441 344 448 383 :
465 347 480 378 η
498 327 560 383 haee
573 325 672 394 Aaou·
730 323 805 381 delet
823 321 910 381 etiam
928 326 1048 397 peecata
1066 323 1201 383 momda
1218 325 1286 384 obiit

85 407 185 461 atinae.
194 405 237 459 Un
247 401 283 459 de
291 401 473 468 ermeneias
482 397 519 454 ad
529 412 673 454 commen·
768 417 796 453 ιι
811 395 971 452 Courassoa
982 413 1023 452 sir
1034 413 1177 454 samaras.
1192 398 1286 456 -Valt

85 473 231 533 dationem
253 468 477 529 consessionissie
490 467 576 524 dixit:
592 490 608 520 η
621 467 672 524 ldi-
729 470 824 524 autem
849 470 947 523 cautus
972 467 1058 525 debet
1078 484 1144 525 esse
1164 468 1286 528 contessa

85 551 197 614 rentur,
213 542 261 616 qui
278 542 387 611 volunt,
408 540 439 597 in
456 539 582 613 quolibet
594 539 673 612 justo
729 538 758 594 in
771 538 894 620 tenendo
909 542 1050 596 secretum
1065 539 1286 611 confessionis,i

85 615 224 675 eastitatis
240 611 455 680 continentiam,
470 610 611 667 mirentur
627 612 671 666 in·
731 616 760 666 ut
775 625 828 666 nec
843 608 912 666 illud
923 610 1042 679 revelet,
1056 610 1144 668 etiam
1158 611 1193 668 de
1206 611 1286 669 lieent

84 687 246 760 tegritatem
257 683 387 757 justitiae,
403 682 546 739 mirentur
561 681 673 738 viscera
730 679 917 762 confitentia·
928 682 960 737 ln
978 697 1045 738 casu
1062 683 1143 739 enim
1159 699 1215 754 quo
1231 685 1286 741 conl

83 758 217 832 pietatis3
247 771 300 827 ego
325 771 383 812 non
422 752 518 811 minus
545 752 673 810 admiror
728 756 792 808 tens
805 755 949 809 renuntmt
961 768 1011 810 sue
1022 761 1146 823 secreto,
1157 758 1186 811 et
1197 754 1286 812 datco:

84 829 294 886 contessionem
323 824 511 884 humillimam
540 830 672 898 peceato·
729 822 830 880 sessori
845 822 989 880 licentiam
1003 823 1116 882 dicendi
1129 825 1173 881 cui
1189 826 1286 883 volueri

83 915 158 970 rum,
175 914 260 971 quam
275 902 317 954 tot
331 895 465 954 sublimia
483 902 564 968 geste
583 895 671 952 virtu·
728 894 772 952 vel
792 893 928 966 loquendi
948 895 983 951 de
1002 911 1048 964 eo,
1068 913 1128 953 non
1146 901 1241 969 potest
1256 895 1286 970 in.

82 975 144 1029 tum
161 987 169 1027 :
184 992 199 1021 η
215 971 278 1026 haec
293 970 450 1039 diaeonus.
728 965 875 1022 consessor
887 966 1014 1024 revelare
1025 966 1134 1025 dietum
1148 966 1203 1025 sihi
1215 967 1245 1024 in
1253 984 1286 1026 eoi

121 1063 153 1100 ιο
172 1042 379 1099 Comassmuaa
396 1055 540 1096 aonunnarc
558 1054 673 1093 iremus
728 1036 861 1107 sessione,
877 1037 1017 1111 quiaipse
1031 1039 1242 1096 confitensnon
1254 1054 1286 1112 po

82 1129 260 1170 tamensim
275 1130 333 1169 sse.
348 1109 470 1168 -Utile
485 1113 528 1166 est
544 1108 629 1165 etiam
644 1114 672 1164 et
728 1113 782 1178 est,
811 1107 841 1165 in
869 1124 961 1181 praeee
983 1115 1012 1166 to
1045 1110 1129 1182 Legis
1159 1109 1286 1167 dirime=

82 1185 164 1242 valde
176 1184 290 1241 salubre
304 1180 511 1239 contessionem
527 1179 612 1237 etiam
626 1196 672 1236 eo·
728 1178 914 1252 Evangelicae,
935 1125 988 1238 suff>
1007 1196 1063 1252 quo
1086 1187 1229 1238 secretum
1249 1198 1286 1239 eoi

82 1255 213 1313 rumdam
255 1259 415 1311 eecatorum
437 1253 600 1327 frequenter
619 1252 671 1308 ite·
728 1250 860 1308 sessionis
882 1251 968 1321 eadit,
987 1252 1031 1309 dis
1052 1269 1164 1310 ensare.
1190 1255 1224 1309 Et
1241 1252 1286 1311 ide

81 1342 159 1397 rare,
174 1331 203 1384 et
217 1271 344 1399 eruribus
363 1323 503 1393 confiteri,
519 1323 586 1395 quia
602 1338 670 1404 cun·
728 1323 752 1379 si
776 1322 925 1405 consessor
948 1339 1006 1405 nonu
1032 1268 1118 1406 flabat
1149 1328 1286 1407 potestate*

82 1397 168 1456 lessio
181 1397 293 1467 iterata,
306 1396 371 1453 licet
385 1397 421 1453 ad
437 1395 556 1452 salutem
567 1410 623 1450 non
636 1398 672 1449 sit
727 1393 904 1462 absolvendi,
920 1394 964 1451 vel
982 1396 1091 1465 indiget
1105 1395 1225 1452 consilio
1239 1411 1286 1453 san

81 1468 255 1537 necessaria,
271 1473 367 1525 tamen
388 1467 509 1524 multum
526 1471 569 1522 est
585 1465 671 1536 proti-
728 1465 781 1535 ori,
797 1465 882 1522 debet
896 1465 949 1522 sihi
964 1466 1068 1523 iterum
1085 1472 1166 1524 extra
1180 1467 1286 1524 consess

82 1545 226 1599 cua:tum
237 1539 304 1613 quia
316 1539 406 1596 nescit
415 1539 513 1607 homo,
524 1552 563 1593 an
576 1534 673 1618 inpri-
728 1552 823 1604 onem,
841 1538 877 1594 oh
897 1538 971 1594 hane
991 1543 1103 1594 tantum
1123 1554 1239 1595 eausam
1259 1538 1286 1595 di

81 1628 129 1669 ma
143 1612 324 1669 confessione
339 1610 515 1666 sufficienter
529 1611 673 1664 contritus
728 1608 831 1675 lacere,
848 1612 878 1664 et
893 1614 960 1665 ωηο
978 1614 1071 1681 potest
1090 1608 1248 1681 exprimere
1260 1611 1286 1668 Si

81 1682 185 1749 luerit;
202 1689 262 1739 tum
284 1680 352 1754 quia
370 1680 462 1753 major
481 1678 626 1736 humilitas
644 1681 672 1733 et
728 1677 844 1762 periori,
859 1679 902 1736 vel
917 1679 998 1737 alteri
1011 1679 1182 1737 consulenti.
1199 1680 1252 1739 Sed
1259 1696 1286 1737 n·

83 1753 280 1811 embeseentia
305 1752 436 1809 meritum
458 1756 556 1808 causat
576 1753 604 1806 et
624 1765 672 1805 ac·
728 1766 758 1806 ιη
780 1766 848 1807 casu
870 1751 970 1808 mortis
988 1751 1041 1807 sibi
1058 1751 1245 1822 imminentis,
1261 1768 1286 1809 n«

82 1824 184 1896 quirit;
199 1823 337 1896 tumquia
370 1840 402 1880 er
414 1827 672 1895 quantamcumque
729 1820 1094 1893 subsigilloeonlessionis,
1127 1828 1201 1880 otest
1215 1822 1286 1880 reid

81 1895 300 1963 consessionem,
319 1839 437 1964 tofiitur,
454 1894 557 1950 virtute
577 1908 672 1949 saera·
728 1894 777 1949 bet
800 1894 862 1964 quis
884 1900 1024 1951 secretum
1048 1839 1236 1976 confessionis
1251 1893 1286 1950 ali

81 1966 180 2035 menti,
196 1965 302 2036 aliquid
317 1965 353 2022 de
368 1980 464 2037 poena,
481 1969 509 2020 et
528 1965 674 2020 eoniertur
728 1963 871 2032 revelare;
897 1981 950 2022 nec
975 1965 1060 2022 debet
1084 1980 1139 2037 ipsi
1158 1966 1286 2023 eonfilent

84 2036 291 2108 aliquagratia.
305 2035 463 2102 Quiaenim
476 2034 674 2091 sacerdesvir·
729 2041 793 2108 post
813 2035 1019 2092 consessionem
1040 2042 1189 2109 peceatum
1209 2037 1286 2110 impr«

84 2111 145 2164 tute
161 2106 281 2163 clavium
297 2106 405 2177 aliquid
419 2106 526 2163 relaxat
540 2105 576 2161 de
608 2121 674 2161 oena
728 2121 840 2178 pecare,
856 2123 908 2163 nee
927 2108 963 2164 ab
983 2124 1017 2164 eo
1038 2113 1197 2181 peceatum,
1213 2108 1248 2165 ad
1262 2106 1286 2164 dt

83 2176 191 2247 debita,
204 2182 300 2250 posset
310 2176 423 2260 aliquis,
436 2177 520 2234 toties
532 2122 672 2246 confflem,
729 2178 905 2248 nudandum,
925 2178 969 2235 vel
988 2178 1197 2236 detrahendum
1220 2183 1286 2237 mut

85 2249 161 2322 quod
176 2249 292 2306 tandem
307 2248 377 2304 nihil
389 2253 551 2305 remaneret
562 2248 597 2305 de
612 2264 673 2320 pce·
729 2249 800 2318 lose,
821 2255 885 2322 post
908 2250 1116 2307 consessionem
1137 2256 1286 2323 extorques

82 2335 132 2377 na.
155 2323 190 2377 Et
208 2319 273 2376 licet
289 2319 376 2392 aliqui
397 2319 502 2389 dicant,
520 2320 596 2390 quod
612 2319 673 2376 sela
767 2341 797 2378 ιη
813 2322 852 2376 lin
866 2339 1069 2378 samsracriosn
1083 2340 1178 2379 orams
1192 2341 1242 2379 nnn
1254 2338 1286 2379 oo:

82 2392 176 2464 prima
189 2391 329 2449 absolutio
340 2392 474 2449 effectum
487 2392 574 2448 habet
583 2392 606 2445 vi
619 2391 674 2447 cla·
727 2409 835 2448 rasam.
850 2423 884 2433 -
898 2392 992 2449 Tertia
1005 2409 1071 2466 pars
1082 2393 1258 2465 poeuitentiae
1270 2409 1286 2450 e

82 2462 171 2534 vium,
186 2463 250 2521 aliae
269 2469 364 2520 autem
383 2480 451 2534 non,
468 2478 532 2520 eum
546 2461 616 2518 nihil
632 2461 674 2518 in·
728 2463 823 2534 operis
842 2464 1007 2520 satisfactio.
1024 2466 1072 2521 Est
1091 2471 1189 2521 autem
1208 2463 1286 2521 satisl

81 2534 197 2592 veniant
213 2535 431 2605 absolvendum3
448 2534 603 2592 secundum
625 2534 673 2590 be·
727 2533 920 2661 etio,quafro
931 2535 1067 2607 qualitate
1080 2537 1172 2608 culpae
1182 2535 1286 2608 poenad

80 2605 242 2679 nigniorem
254 2613 349 2664 ωηηοη
363 2606 525 2679 opinionem
539 2605 670 2675 aliorum,
726 2621 783 2677 gna
798 2605 960 2662 exseritur.
992 2606 1062 2663 ilinc
1079 2614 1121 2663 est
1139 2607 1286 2678 illudBapt

80 2692 139 2734 non
153 2682 303 2751 reputatur
317 2677 530 2745 inconveniens,
543 2676 609 2747 quin
624 2677 673 2733 ho·
727 2682 777 2732 stae
791 2680 902 2733 :Facite
912 2679 1010 2746 dianes
1018 2680 1129 2746 fructus
1161 2680 1286 2734 enitentia

80 2763 127 2804 mo
138 2754 235 2819 posset
245 2749 330 2805 toties
340 2749 416 2805 idem
428 2753 574 2821 peccatum
586 2747 671 2828 corde
727 2748 808 2828 Unde
820 2749 966 2817 &ceorlus
977 2768 986 2804 ε
999 2770 1014 2800 «
1026 2751 1086 2824 Non
1102 2695 1196 2806 sesiam
1210 2750 1286 2806 lructi

80 2816 204 2874 contrito
229 2819 370 2888 confiteri,
393 2826 422 2875 et
443 2820 479 2876 ab
498 2835 531 2875 eo
550 2818 670 2889 absolu,
726 2818 914 2945 Foemtentiae,
939 2820 989 2876 sed
1012 2818 1113 2891 dignos
1142 2819 1285 2893 poenitenti

81 2887 158 2960 quod
176 2889 301 2970 pern-hee
316 2889 436 2970 dilueret
452 2894 541 2971 totam
558 2904 671 2962 poenam
739 2895 840 2972 ructus·
853 2891 987 2947 admonet
1003 2907 1066 2948 esse
1084 2891 1242 2975 iaciendos.
1260 2891 1286 2947 Nl

80 2963 308 3109 tistitus}
328 2960 670 3102 tlitittttiiiftti
726 2976 943 3090 limittit}
955 2962 1286 3116 liiiittitltttt

80 3112 195 3170 semper
211 3099 320 3171 aliquid
335 3099 452 3170 relaxat,
469 3099 521 3157 etsi
540 3101 605 3157 talis
619 3103 669 3158 ab·
726 3102 846 3175 amplius
860 3103 894 3159 de
907 3104 988 3176 iquit,
1004 3109 1053 3162 aut
1067 3106 1128 3177 ejus
1143 3105 1192 3177 qui
1207 3122 1237 3162 m
1252 3120 1286 3161 nu

79 3168 184 3228 solutio
202 3186 262 3228 non
281 3170 406 3227 inveniat
424 3171 545 3244 eulpam,
562 3171 670 3228 invenit
725 3173 770 3243 lis,
786 3180 815 3230 et
830 3175 891 3246 ejus
906 3175 953 3247 qui
968 3175 998 3231 in
1017 3176 1188 3248 quibusdam
1208 3175 1286 3233 facim

78 3246 189 3299 reatum
201 3259 303 3316 poenae.
317 3244 350 3299 Et
362 3242 429 3300 dato
442 3244 518 3315 quod
530 3241 600 3299 nilril
611 3259 670 3315 poe-
724 3245 803 3302 ribus
816 3245 926 3302 cecidit.
944 3248 999 3304 Per
1012 3247 1067 3303 hoe
1078 3264 1147 3319 ergo
1164 3247 1286 3319 cqjuslili

77 3329 123 3371 nae
137 3312 274 3386 inveniat,
299 3320 366 3371 tunc
384 3315 452 3371 iacit
471 3314 509 3371 ad
528 3330 668 3386 augmen·
724 3315 899 3374 conscientia
913 3318 1090 3388 convenitur,
1108 3324 1233 3376 uttanto
1253 3333 1286 3375 mt

77 3389 138 3442 tum
150 3386 264 3459 gratiam
277 3402 311 3443 ex
323 3385 350 3441 vi
364 3385 550 3455 contritionis,
564 3402 616 3442 nee
628 3392 671 3443 ta·
720 3388 787 3458 jora
809 3392 919 3459 quaerat
934 3390 1074 3447 bonorum
1096 3405 1218 3461 operum
1236 3390 1286 3446 luci

77 3471 144 3513 men
167 3463 315 3540 peecatum
337 3462 404 3515 ωηο
423 3462 585 3540 remaneret
606 3457 667 3515 sine
722 3459 987 3541 perpcenitentiam,
1000 3459 1286 3542 quantograviorasi

77 3529 479 3678 litteratissimis
492 3544 666 3657 iiiittii
722 3530 1286 3685 iiiiii‘'sistititiiliitiddti

77 3671 119 3724 aa
134 3667 306 3749 confitentis,
323 3685 386 3742 quae
405 3670 434 3726 in
451 3670 581 3753 sequenti
597 3687 665 3728 eon·
723 3677 776 3741 est,
792 3675 825 3729 ut
839 3675 887 3744 qui
899 3689 929 3729 se
942 3672 1041 3731 illicita
1053 3673 1185 3731 meminit
1200 3689 1286 3731 comm

77 3737 202 3794 sessione
218 3744 347 3797 iteratur·
368 3741 440 3808 Quid
460 3741 548 3813 igitur
565 3740 666 3800 melius
722 3742 804 3813 sisse,
823 3759 840 3800 a
859 3743 1030 3816 quibusdam
1047 3745 1133 3803 etiarn
1148 3745 1236 3804 licitis
1254 3750 1286 3803 stt

78 3822 164 3880 quam
181 3809 345 3880 frequenter
360 3813 501 3881 cenilteri,
517 3829 665 3886 quousque
722 3813 787 3871 dent
818 3815 972 3885 abstinere,
1004 3821 1143 3888 quatenus
1172 3833 1227 3889 per
1261 3817 1286 3873 inc

76 3894 129 4006 Per
136 3880 339 3961 centesimam,
353 3883 397 3939 vel
408 3883 587 3941 millesimam
599 3901 666 3941 con·
722 3884 867 3943 Conditori
883 3903 934 3944 suo
948 3886 1118 3957 satisfaciat;
1134 3894 1163 3944 et
1178 3887 1228 3960 qui
1239 3902 1286 3946 con

88 3965 229 4031 essionem
246 3955 306 4008 tota
330 3968 417 4025 poena
439 3955 581 4013 relaxetur
595 3972 664 4012 eon·
721 3955 798 4013 misit
822 3956 974 4029 prohibita,
1003 3958 1118 4015 sibimet
1144 3958 1286 4016 abscindet

77 4021 192 4103 licentii
217 4023 251 4076 Et
272 4024 430 4081 notandum
451 4027 529 4098 quod
556 4028 665 4084 confes·
721 4028 825 4084 debeat
851 4029 936 4086 etiam
965 4045 1109 4086 concessa.
1135 4052 1150 4081 »
1178 4029 1260 4087 Unde
1283 4052 1286 4079 ι

77 4107 120 4149 sio
139 4092 291 4164 generalis,
314 4109 376 4165 que
395 4095 428 4151 iit
455 4102 522 4154 ante
547 4098 664 4155 missam
719 4099 890 4157 Bernartius:
912 4122 927 4151 κ
947 4102 1001 4157 Pro
1021 4117 1054 4157 eo
1079 4101 1157 4173 quod
1182 4103 1220 4159 ab
1242 4101 1286 4174 ips

77 4162 108 4221 in
117 4163 247 4237 ecelesia,
257 4170 360 4239 purgat
371 4172 485 4240 peccata
497 4168 628 4242 venialia,
637 4173 666 4227 et
720 4169 805 4228 licitis
819 4171 1005 4244 abstinemus,
1017 4188 1052 4230 aa
1060 4173 1144 4231 nobis
1155 4189 1220 4247 quae
1232 4170 1286 4246 prii
