2790 4912
82 383 113 433 ai
306 398 309 403 ·
473 382 583 435 Pltliiiti
610 384 730 437 liniis
756 384 861 440 Clll'lll'
888 385 929 439 lll

85 489 153 540 nata
172 480 345 541 intrinsecus
368 498 437 539 auro
461 484 674 555 perfectissime
725 493 753 544 et
777 486 916 558 sauguine
943 488 1122 546 refocillavit.
1146 493 1231 561 lteui,
1246 508 1291 565 pri

84 553 241 611 charitatis.
269 552 380 612 oblatio
411 570 478 611 vero
511 555 606 612 llariae
644 557 674 613 in
726 563 884 615 monstrata
899 558 951 615 luit
967 561 1291 632 polemoniam

84 623 532 706 temploluitproemonstrataper
544 642 672 709 mensam
725 628 775 686 illa
791 645 823 686 eii
840 630 960 701 abrupto
985 636 1015 687 et
1039 631 1196 690 indiscrete
1210 635 1291 692 oblata

84 695 159 752 Solis
171 711 201 751 iii
216 695 327 764 sabulo,
340 695 375 753 de
391 712 447 766 qua
463 697 673 755 mensadicitur
725 702 783 757 lieo
808 705 907 772 postea
933 701 1039 759 servire
1064 703 1204 775 nequivit,
1225 703 1291 762 Medi

84 765 113 822 iu
143 765 318 848 Scholastica
349 766 482 824 Historia.
514 768 672 826 Piscatores
726 787 792 828 vero
805 771 858 828 rite
872 775 902 827 et
916 770 1036 829 discrete
1049 773 1291 847 oblata,postobli

84 836 161 894 ouini
174 837 290 909 quidam
305 843 365 894 rete
382 838 500 896 inmare
514 840 669 910 mittentes,
724 840 830 899 tionem
845 858 926 900 suem
950 858 1063 916 semper
1081 846 1203 902 Domino
1227 846 1291 903 servi·

84 924 152 965 casu
180 908 302 966 mirabili
329 925 458 966 mensam
483 926 600 967 auream
627 926 672 967 ei·
725 912 780 982 vii,
800 912 849 970 illa
863 918 927 985 post
942 913 1088 972 victoriam
1101 916 1226 974 hostium
1239 923 1288 975 ten·

84 984 238 1048 traxerunt,
264 996 327 1061 quae
355 979 408 1052 ipsi
437 981 491 1038 soli
519 980 669 1064 materiali,
723 983 888 1110 horatium,
912 1000 968 1066 pro
984 985 1157 1070 ‘gratiarum‘
1175 988 1288 1070 actione,

83 1066 253 1203 titali?
264 1051 669 1204 ¹llttll31¹¹qltlfflilltl
722 1059 1291 1198 ,illtlltlililcittttltl

82 1192 212 1249 inlittore
223 1208 358 1261 mai·is,in
368 1194 467 1252 salubo
476 1200 668 1253 constructum
723 1197 850 1263 Qualiter
863 1202 958 1254 autem
973 1200 1031 1254 lieo
1044 1199 1171 1269 servivit,
1187 1206 1215 1258 et
1226 1211 1291 1274 quim

83 1270 154 1321 erat.
185 1266 241 1321 Pei
269 1264 347 1321 illam
376 1281 515 1335 mensam,
543 1282 608 1339 quae
639 1265 669 1323 in
722 1267 1291 1344 vitamhahuit,hoeinhortoiit0suspensi

82 1338 140 1391 tem
162 1334 586 1406 losolismaterialisestoblata,
597 1339 670 1395 bene
722 1338 946 1396 demonstratum
962 1339 1024 1409 tuit,
1039 1357 1124 1412 quem
1145 1359 1195 1399 rex
1210 1344 1291 1400 Perst·

82 1410 126 1462 est
138 1350 227 1464 floria
243 1407 375 1478 figurata,
392 1423 455 1480 quae
469 1424 536 1465 vero
556 1407 625 1476 Soli,
640 1408 670 1490 id
722 1425 787 1466 runi
800 1410 880 1466 uxori
894 1409 923 1466 in
937 1411 995 1467 alta
1005 1417 1151 1469 structure
1160 1410 1291 1486 plantavit

81 1482 125 1533 est
153 1493 263 1559 summo
280 1481 350 1548 lieo,
368 1483 396 1534 et
412 1479 442 1535 in
466 1480 571 1605 templo
597 1479 669 1536 Solis
723 1480 759 1537 de
772 1496 827 1551 quo
844 1479 965 1564 patriam
981 1498 1062 1538 suam
1077 1483 1112 1540 de
1136 1484 1223 1556 longe
1240 1495 1291 1542 con

82 1549 227 1604 aeternalis
249 1553 291 1604 est
306 1549 411 1606 oblata.
427 1551 461 1605 Et
487 1550 603 1621 puchre
619 1565 670 1622 per
724 1551 853 1624 templari
879 1552 1106 1626 affectavi13per
1133 1570 1220 1627 quam
1243 1564 1291 1612 con

82 1633 210 1674 mensam
227 1619 315 1675 llario
333 1625 375 1675 est
391 1619 522 1690 figurata,
537 1619 604 1691 quia
618 1636 670 1693 per
723 1623 886 1695 templativa
896 1622 1053 1681 vitatlariae
1063 1625 1291 1699 designatumqut

82 1703 145 1743 eam
160 1689 285 1745 coelestis
306 1705 371 1745 esca
390 1689 472 1746 uobis
491 1696 534 1747 cst
549 1691 667 1759 collata;
723 1691 872 1767 intemplo
887 1694 998 1750 Domini
1020 1697 1251 1769 contemplationi
1263 1696 1291 1753 m

81 1773 147 1839 naui
167 1757 229 1830 ipsa
238 1759 338 1840 Filium
353 1761 402 1842 Dei
417 1763 514 1817 lesum
526 1761 668 1820 Christum
723 1763 850 1834 sistens,
901 1764 1003 1822 atriam
1026 1766 1171 1825 coelestem
1198 1779 1291 1842 sempe

81 1829 164 1886 nolus
178 1836 335 1901 generavit,
351 1846 398 1901 qui
418 1848 471 1888 nos
485 1849 536 1889 suo
550 1849 669 1906 corpore
724 1836 865 1908 contempl
905 1841 980 1894 atur.

632 2008 762 2067 ORATIO

118 2155 140 2211 0
167 2153 252 2224 Virgo
280 2153 431 2227 virgiuum,
462 2154 561 2224 Maria,
585 2169 648 2227 quae
673 2171 721 2210 nee
739 2157 859 2226 pmmom
877 2158 1072 2212 simitemm'so
1089 2173 1128 2220 es,
1147 2157 1291 2214 merleber

81 2232 246 2296 sequentem,
269 2242 332 2296 ques
350 2225 442 2297 prime
458 2226 531 2283 inter
549 2225 670 2283 seminas
687 2226 833 2283 servande
852 2227 1022 2299 virginitatis
1041 2233 1138 2284 votum
1153 2227 1291 2297 vovistis

83 2295 239 2368 gloriosum
253 2312 356 2354 munus
364 2299 422 2354 Deo
437 2296 574 2366 obtulisti,
585 2312 651 2353 eum
665 2297 719 2351 lioc
729 2312 747 2352 e
758 2297 836 2354 uullo
850 2297 967 2355 homine
980 2314 1032 2355 nec
1044 2300 1131 2356 verbo
1147 2298 1291 2356 didicisses

83 2382 136 2423 uec
150 2367 277 2440 exemplo
290 2364 329 2424 ad
344 2367 531 2426 imitationem
546 2367 664 2424 invitata
678 2365 790 2436 luisses,
805 2369 914 2451 hacque
929 2369 1031 2426 virtute
1045 2375 1074 2426 et
1088 2370 1191 2428 ceteris
1205 2373 1291 2426 ornati

83 2440 141 2495 Deo
160 2439 300 2511 placuisti,
320 2443 349 2495 et
366 2439 480 2497 vivendi
500 2438 658 2509 exemplum
675 2439 806 2495 omnibus
820 2439 959 2512 reliquisti
976 2457 983 2496 z
999 2440 1137 2513 deprecor
1151 2440 1291 2500 bonitatem

82 2514 159 2567 tuam
172 2510 350 2581 immensam,
360 2515 401 2580 ut,
414 2516 450 2571 tu
466 2525 608 2567 summum
618 2524 713 2566 meum
727 2510 871 2580 solatium,
882 2510 1082 2582 dirigasvitam
1091 2527 1195 2581 meam,
1204 2525 1291 2582 meque

82 2586 146 2638 tuas
156 2582 274 2639 virtutes
299 2588 328 2638 et
349 2538 476 2655 exempla
498 2598 550 2654 pro
569 2596 653 2653 posse
669 2579 775 2637 imitari
797 2582 896 2650 lacios,
913 2588 942 2638 et
959 2582 1081 2654 gratiam
1099 2589 1179 2640 tuem
1193 2595 1291 2654 semper

82 2653 182 2709 adesse
192 2653 261 2710 inihi
272 2653 422 2709 concedas.
437 2655 538 2709 Anien.

595 2955 732 3026 CAPUT
750 2957 792 3026 lll

474 3172 511 3216 uu
531 3169 776 3217 DESPONSATIONE
796 3172 908 3218 ultim.

119 3395 293 3451 iCoucimuii
315 3410 398 3449 surm
420 3392 516 3447 llinis
535 3408 614 3447 voro.
633 3422 668 3431 —
720 3390 835 3447 domum
846 3397 1067 3460 reverterentur,
1078 3407 1111 3450 ec
1121 3392 1230 3465 nuptiis
1240 3407 1291 3466 ope

79 3463 165 3534 Virgo
180 3464 274 3534 itaque
289 3462 401 3520 Domini
410 3462 509 3531 illaria,
525 3478 589 3519 cum
603 3467 669 3518 aela-
719 3476 781 3518 rani
793 3462 904 3519 darent.
916 3462 967 3519 Cui
977 3463 1195 3533 maudet0,cum
1204 3470 1291 3521 cetera

79 3531 116 3588 tis
132 3549 277 3605 processu,
290 3534 416 3605 quotidie
435 3534 521 3590 etiam
537 3532 566 3589 in
583 3533 669 3590 virtu·
738 3548 816 3589 ronae
839 3533 1010 3604 paruissent,
1026 3535 1087 3591 sola
1113 3534 1198 3606 Virgo
1218 3534 1291 3593 uiri

79 3602 155 3660 tibus
173 3605 364 3676 proficiebat:
393 3609 422 3661 et
447 3605 514 3676 quia
531 3611 613 3731 gater
639 3609 667 3660 et
718 3547 772 3684 Boc
788 3620 821 3685 se
840 3604 938 3661 ¹locere
961 3620 1019 3661 non
1045 3620 1127 3676 posse
1147 3604 1291 3688 respondit

81 3679 171 3731 mater
198 3692 261 3732 eam
287 3676 509 3747 dereliquerant,
555 3691 667 3731 ominus
718 3674 862 3746 Siquidem
886 3680 916 3757 et
932 3680 1065 3756 parentes
1090 3690 1157 3732 suos
1178 3693 1211 3735 se
1237 3676 1291 3735 din

78 3760 143 3801 eam
157 3746 320 3819 assumpsit.
340 3745 470 3814 Quotidie
490 3761 613 3872 namgue
629 3747 666 3802 ab
718 3744 830 3802 Domini
845 3751 959 3803 servitio
974 3746 1167 3830 mancipass03
1183 3753 1213 3805 et
1227 3748 1290 3806 insu

79 3815 196 3896 Angelis
213 3817 457 3888 frequentabatur,
477 3816 555 3888 quoti
577 3817 602 3873 ie
623 3815 666 3872 di·
716 3830 768 3897 per
783 3817 912 3945 seipsam·
921 3817 1041 3899 Domino
1053 3817 1247 3898 virginitatem
1261 3834 1291 3901 vo

79 3886 324 3944 vina-visitatione
343 3888 499 3956 fruebatur,
519 3903 582 3960 quae
603 3902 665 3944 eam
717 3902 800 3944 visse.
854 3888 960 3945 outilex
988 3893 1075 3959 igitur
1115 3904 1145 3944 ιιι
1173 3895 1291 3963 angusti

79 3972 97 4013 a
113 3957 195 4014 melis
209 3958 341 4014 omnibus
352 3958 538 4039 custodiebat,
548 3964 576 4015 et
584 3957 666 4015 bonis
716 3957 835 4029 positus,
855 3974 920 4040 cum
938 3974 1040 4040 'neque
1064 3964 1164 4016 contra
1183 3961 1291 4089 Sem

78 4027 211 4085 omnibns
227 4028 387 4085 redundare
413 4029 549 4098 iaciebat;
571 4029 666 4101 itaque
717 4044 778 4085 ram
803 4045 866 4102 quae
891 4029 984 4085 dicit:
1014 4033 1113 4087 Vocete
1131 4035 1158 4086 et
1184 4048 1217 4088 re
1263 4036 1269 4048 '

78 4098 119 4155 sic
136 4099 277 4170 usquead
301 4114 408 4155 aunum
427 4099 568 4157 decimum
603 4116 665 4157 uer
717 4105 814 4156 votum
834 4099 1048 4172 infringendum
1065 4106 1189 4173 putaret,
1213 4119 1291 4176 nequi

77 4175 137 4228 tum
158 4169 296 4242 pervenit.
314 4173 393 4226 Tuuc
412 4169 540 4226 Pontifex
555 4116 665 4243 piiilice
718 4185 826 4240 morem
852 4171 942 4254 genti·
955 4172 1097 4228 insuetum
1119 4171 1291 4254 introducent

76 4240 265 4310 denuntiavit,
273 4247 304 4298 ut
313 4240 437 4313 virgines
447 4256 511 4314 qua
520 4240 550 4297 in
559 4243 665 4316 templo
717 4242 845 4311 auderet,
864 4242 1014 4301 concilium
1040 4244 1139 4301 habmt
1161 4260 1228 4302 cuni
1248 4244 1291 4319 pii

76 4312 235 4371 constitutae
257 4313 463 4374 hancaetatem
488 4311 663 4384 implessent,
717 4312 844 4371 moribus
862 4311 930 4385 quid
957 4317 1033 4372 esset
1049 4313 1228 4386 laciendum;
1245 4332 1291 4375 om
