2790 4912
123 251 169 304 tat
502 248 612 302 lntttn
638 248 758 303 rtnrls
786 246 891 301 CAPUT
917 246 981 301 llll
1393 319 1395 379 A

121 354 276 438 aliquando
298 353 384 412 Filius
403 354 506 411 tamem
524 353 645 427 patiens,
682 371 712 412 a·
767 354 885 436 suendo,
900 352 1022 435 texendo
1036 350 1346 434 sollicitam,0quomodo
1394 389 1395 400 ,

124 442 190 485 nem
202 430 293 498 petut,
309 440 361 482 nec
375 426 451 507 unde
465 426 546 483 daret
561 428 651 483 llater
662 370 713 483 Ka·
767 425 834 481 lacit
848 440 883 482 ea
897 423 1021 482 lldelrter
1037 427 1125 551 atgue
1138 423 1346 506 bumtbterem
1393 461 1395 478 2

125 497 205 556 buit?
216 499 314 555 Nonne
327 496 356 553 in
370 497 415 552 lns
428 500 455 553 et
467 497 495 553 in
509 496 660 565 similibus,
671 504 713 554 to·
767 496 915 567 diligentia
928 511 960 552 se
971 495 1065 552 baben
1087 511 1116 562 o,
1132 499 1161 551 et
1175 494 1347 555 nibilonnu

123 568 220 626 taliter
233 568 467 625 concutiebantur
485 568 593 625 viscera
605 569 713 642 ipsius?
767 583 853 640 super
874 566 944 624 Filio
967 570 996 623 et
1015 565 1227 636 gubernatione
1246 565 1345 639 domu,

122 639 329 698 consolabatur
360 640 454 696 verbis
483 639 595 708 Filium,
627 645 713 723 prout
767 654 864 695 curam
880 637 1125 709 diligentissimam
1139 635 1347 709 babendo,vigl·

123 715 245 783 poterat,
263 710 712 783 etnihllominusopereuctum
766 709 870 782 liisque
893 714 921 766 et
940 708 1129 777 orationibus,
1154 709 1239 781 iuxta
1264 722 1345 780 poan,
1376 762 1383 773 ,

122 783 305 854 procurabat,
330 786 359 838 et
386 781 439 838 sibi
466 782 539 839 sorte
559 782 713 854 aliquando
767 797 881 853 semper
903 780 1095 849 intendendo,
1117 785 1145 838 et
1169 785 1232 836 toto
1254 778 1346 837 adeda

120 853 160 910 de
173 852 248 920 victu
266 853 462 920 subtrahebat,
482 858 513 910 ut
529 853 599 910 Filio
620 869 712 910 reser-
767 868 828 909 com
851 857 930 909 atere
955 850 1024 934 sibi}
1052 855 1082 908 et
1104 850 1258 908 considera
1280 848 1345 922 prod

122 928 212 980 caret.
227 926 262 982 Et
276 924 316 980 sic
328 940 361 980 ex
376 940 462 996 opere
482 940 616 982 manuum
632 940 715 996 opor·
766 869 1062 981 nanzabuitomnrno
1073 923 1293 994 gratisregnum
1303 918 1345 979 uei

124 994 202 1052 lebat
216 1011 344 1067 quaerere
359 995 474 1051 victum.
495 996 568 1062 Quid
587 995 713 1052 dicemus
768 996 889 1052 Domina
899 993 990 1067 regni.
1005 995 1060 1051 Sed
1073 1001 1102 1050 et
1113 994 1220 1066 Josepir
1234 995 1346 1061 undat,

123 1065 159 1123 de
173 1066 360 1136 vestimentis,
378 1067 446 1138 quid
462 1067 497 1123 de
518 1065 712 1136 ustensilibus,
767 1066 847 1122 labec
859 1064 1007 1137 lignarius,
1021 1064 1128 1136 aliquid
1140 1061 1346 1137 operabaturin

120 1136 230 1194 scilicet
255 1138 336 1194 lectis
361 1143 389 1194 et
412 1137 476 1194 aliis
497 1139 573 1195 intra
596 1139 713 1195 domum
767 1142 828 1194 arte
842 1135 1017 1209 lignaminis.
1040 1137 1118 1194 Unde
1140 1135 1208 1207 quia
1225 1148 1345 1207 compat·

122 1208 311 1291 opportunis?
322 1209 464 1281 Numquid
477 1209 714 1282 dupliciatltum-
766 1207 855 1265 sionis
876 1207 1000 1265 occurrit
1014 1207 1144 1275 materia,
1162 1207 1278 1263 tandem
1289 1218 1345 1263 oum

118 1278 715 1353 quidsuperllua‘lllumquidcuriosahabe·
765 1279 892 1352 aliquam
907 1295 1016 1336 moram
1036 1295 1100 1336 cum
1115 1279 1157 1336 eis
1171 1275 1345 1346 contraxerit,

122 1351 194 1409 bat?
208 1353 273 1408 llaec
288 1351 384 1408 omnia
403 1359 503 1410 contra
518 1358 712 1425 paupertatem
765 1357 830 1422 pete
849 1350 1001 1407 recedendi
1018 1350 1173 1418 licentiam,
1190 1352 1220 1406 el
1240 1345 1345 1405 benedi·

123 1425 200 1490 sunt,
219 1430 248 1479 et
266 1423 342 1492 ideo,
363 1423 386 1479 si
405 1424 512 1481 habere
529 1429 635 1496 posset,
651 1424 712 1480 nol·
765 1421 860 1479 ctione
877 1427 1003 1493 accepta,
1019 1422 1111 1494 primo
1130 1437 1148 1478 a
1167 1435 1256 1493 puero
1275 1420 1344 1489 lesu,

117 1492 208 1550 letea
240 1497 395 1567 anper-tatis
414 1495 543 1552 amatrix.
561 1496 615 1553 Sed
630 1511 712 1551 num·
765 1494 868 1551 deinde
895 1509 913 1550 a
941 1496 1040 1562 Matre,
1068 1498 1169 1565 postea
1194 1507 1213 1548 a
1239 1488 1343 1562 tosept,

122 1563 190 1691 fuid
214 1510 342 1648 flemina¹
354 1567 472 1634 suendo,
489 1567 533 1623 vel
548 1567 605 1623 elia
625 1583 713 1638 opera
765 1565 888 1648 genibus
903 1565 993 1633 llexis,
1009 1573 1037 1621 et
1051 1581 1115 1622 cum
1130 1561 1264 1645 lacrymis
1277 1574 1342 1641 oom-

134 1637 264 1704 amende,
277 1638 411 1719 ‚iactebat
430 1653 509 1718 more
525 1638 712 1720 quorumdam
765 1652 897 1708 passione
921 1652 1025 1707 magna
1047 1636 1199 1717 valefacias
1218 1649 1269 1715 ers,
1286 1644 1343 1713 quta

120 1708 712 1850 lldlulsllffiidlffll,Efflui‘llill
766 1701 1345 1850 tltltftltlt„titillabat

121 1848 360 1977 igflgtessoffissitcai
374 1849 490 1976 {letgruo
507 1851 590 1978 latit?
604 1850 713 1934 dicetur
766 1851 1005 1977 pgregrinandum
1017 1849 1135 1978 ibidetm,
1144 1850 1175 1905 in
1189 1846 1347 1976 [ἓξὲξ

121 1988 153 2045 in
167 1936 315 2048 ὶαῦοήὺυξ
328 1998 356 2048 et
365 1937 712 2064 egenibunsugciisffililtffigffi
766 1937 1087 2051 eristugeguiagffirifep
1100 1936 1166 1991 ω’

679 2180 808 2238 ORATIO

124 2388 133 2399 ‚
160 2315 279 2374 Domine
306 2321 374 2377 Jesu
399 2317 519 2386 Christe,
546 2320 594 2392 qui
616 2320 708 2378 adhuc
728 2320 834 2390 infans,
854 2318 1068 2403 persecutiones
1087 2322 1115 2375 et
1135 2317 1219 2375 exilia
1243 2315 1304 2391 pati,
1318 2316 1344 2370 et

124 2388 248 2450 infantes
262 2395 327 2446 lunc
339 2406 390 2462 pro
406 2397 433 2447 te
448 2391 537 2448 occidi
552 2391 677 2460 voluisti,
692 2392 729 2449 da
742 2391 810 2449 mibi
827 2407 932 2448 misero
947 2392 1008 2447 baec
1022 2389 1129 2459 omnia,
1140 2405 1174 2446 ae
1186 2387 1272 2446 etiam
1281 2399 1344 2465 mor-

123 2465 194 2529 tem,
219 2461 243 2517 si
257 2467 378 2534 oportet,
397 2478 449 2534 pro
464 2467 491 2519 te
506 2463 648 2534 patienter
664 2465 798 2532 tolerare,
813 2469 971 2534 cunctaque
992 2477 1129 2534 prospera
1146 2459 1245 2517 mundi
1260 2459 1344 2529 despl-

124 2547 200 2601 cere,
216 2538 245 2589 et
260 2533 338 2590 nulla
352 2535 413 2606 ejus
426 2535 547 2592 adversa
559 2534 723 2592 formidare.
740 2537 773 2591 Et
786 2551 845 2604 vos,
859 2551 875 2591 o
890 2532 1061 2591 sanctissimi
1074 2535 1254 2600 innocentes,
1269 2530 1342 2607 liores

120 2610 153 2660 et
177 2604 308 2677 primitiae
328 2611 496 2678 martyrum,
521 2606 570 2679 qui
588 2623 640 2678 per
658 2604 849 2662 innocentiam
871 2611 900 2663 et
919 2604 1046 2676 martyrii
1067 2604 1192 2676 palmam
1215 2601 1265 2659 Dei
1283 2596 1343 2658 lille

123 2673 226 2732 intanti
249 2676 420 2745 adhaesistis,
448 2677 603 2749 dignemini
627 2677 663 2735 de
688 2676 862 2750 plenitudine
884 2676 983 2748 gratiae
1004 2684 1032 2732 et
1049 2674 1224 2732 innocentiae
1242 2676 1343 2745 vesca,

124 2745 285 2829 infirmitati
302 2753 330 2803 et
346 2748 467 2804 miserim
479 2755 662 2829 peccatorum
680 2764 809 2807 meorum
823 2747 946 2818 veniam,
962 2752 991 2805 et
1002 2747 1124 2820 gratiam
1138 2748 1175 2805 ab
1189 2745 1290 2804 eodem
1302 2741 1346 2800 Det

123 2815 195 2873 Falto
210 2818 414 2889 bemgnissimo
427 2821 569 2877 obtinere.
585 2822 685 2879 Amen.

618 3141 756 3214 CAPUT
783 3143 859 3215 XIV

144 3358 183 3404 ult
201 3359 310 3406 nmlru
326 3360 433 3408 noffltlt
449 3360 491 3408 EX
505 3359 637 3418 ΕὓΥΡΤΟ,
657 3361 694 3406 ΕΤ
711 3359 804 3407 ΙΝΙΤΙΟ
818 3359 1015 3406 emmenum
1030 3358 1154 3406 teanum
1171 3357 1327 3404 aarum
1336 3372 1363 3395 α

504 3594 507 3599 .
614 3546 739 3606 ldatthaei
751 3563 814 3620 cap.
830 3548 865 3604 ll.

164 3770 174 3804 1
174 3750 294 3876 AEJosrern
305 3768 421 3810 emmaus
432 3770 558 3836 nonanus
569 3772 603 3811 oa
617 3771 714 3812 naemu
766 3758 810 3815 est
819 3752 998 3837 cbristusket
1008 3751 1155 3826 trigesimo
1169 3755 1271 3810 octavo
1283 3768 1343 3810 ann
1352 3765 1376 3796 a

125 3824 715 3976 :totta„ltt'lt'tllllbtt
766 3821 1394 3979 {lllltallt‘lttftltllttultss

123 3968 256 4089 ffnatus
271 3970 315 4020 est
340 3982 369 4021 1n
392 3969 522 4052 AEgvpto,
541 3974 570 4025 et
587 3970 716 4038 destincte
768 3968 971 4051 adimpleretur
990 3968 1066 4040 quod
1084 3968 1190 4024 dictum
1208 3971 1254 4024 est
1269 3982 1289 4024 a
1304 3968 1372 4024 Do‘

89 4134 92 4138 -
149 4024 717 4169 ttultllttllll'llttttt·
768 4040 1370 4169 it¹n⁰tl⁰lossii⁸l¹bll⁰llillmsmfi

128 4117 277 4249 frigesiqmo
294 4193 371 4236 anne
389 4180 472 4252 regni
490 4182 620 4254 llerodis,
635 4155 718 4242 natus
769 4129 1048 4243 communitatem.
1065 4184 1124 4240 lloe
1140 4152 1237 4239 autem
1253 4181 1291 4240 de
1310 4194 1361 4236 vo·
