2790 4912
54 262 102 315 296

58 364 95 421 sit
110 363 219 420 seilicet
231 360 384 419 secundum
395 359 533 417 rationem
550 359 644 417 inten-

59 435 156 503 tionis,
182 434 233 491 etsi
257 450 315 489 non
331 433 484 487 secundum
505 431 644 488 intentio·

59 523 126 564 nem
141 504 331 578 operationis;
346 503 383 558 sit
395 501 423 557 in
437 502 604 560 abscondito
616 508 646 559 et

58 582 169 635 secreto
189 575 302 644 mentis,
318 574 347 630 id
373 583 416 629 est
439 573 467 628 iu
491 573 552 645 ipsa
568 575 646 630 bona

61 647 248 715 couscientia,
275 663 339 717 quae
366 645 499 701 humanis
527 645 644 701 demon·

61 719 146 776 strari
162 734 219 774 nou
236 723 329 790 potest
353 715 452 772 oculis.
470 717 580 773 Sulllcit
593 716 645 773 tibi

58 791 95 848 ad
115 789 336 862 promerendum
357 787 516 858 premium,
534 788 582 856 qui
597 804 645 845 ao·

60 862 103 918 lus
116 859 297 917 conscientiae
312 859 457 930 inspector
471 865 524 916 est.
539 862 573 916 Et
591 861 646 916 hoc

60 936 104 990 est
131 932 206 1003 quod
233 931 386 987 subditur:
407 934 442 986 Et
470 934 551 986 Peter
570 938 644 994 tuus,

60 1003 168 1060 scilicet
186 1006 270 1071 Deus,
284 1003 332 1073 qui
356 1007 400 1058 est
418 1004 502 1059 Pater
517 1002 644 1058 omnium

59 1090 112 1147 per
126 1075 311 1142 creationem,
326 1081 354 1129 et
366 1075 507 1146 justorum
520 1089 570 1145 per
584 1090 647 1146 gra·

59 1147 108 1203 tiae
121 1146 314 1216 adoptionem,
331 1149 380 1216 qui
395 1146 471 1200 videt
485 1148 516 1200 in
530 1147 643 1200 abscon·

62 1218 130 1275 dito.
141 1218 208 1288 quia
217 1218 278 1289 ipse
288 1218 365 1273 solus
373 1216 450 1272 videt
459 1216 646 1273 intentionem

63 1289 203 1357 cordium,
220 1290 315 1344 reddet
337 1289 399 1351 tibi,
419 1287 486 1359 quia
510 1288 647 1345 retribuet

62 1359 157 1427 bonis,
174 1361 327 1417 secundum
350 1359 535 1416 intentionem
555 1358 648 1415 cordis

61 1431 226 1489 hominibus
245 1431 439 1488 absconditam
454 1437 482 1487 ol
497 1433 647 1498 occultam,

64 1501 118 1560 etsi
132 1520 188 1559 non
204 1504 232 1559 in
245 1502 491 1574 praesenti,tamen
500 1502 529 1558 in
542 1503 647 1560 futuro.

61 1576 123 1631 llou
138 1591 206 1701 erfo
222 1575 244 1631 si
262 1575 323 1630 baec
336 1573 426 1630 sciant
441 1573 582 1642 homines,
596 1574 650 1629 lor-

62 1645 160 1702 midan
184 1646 346 1716 umest,sed
357 1644 380 1700 si
389 1648 443 1701 boc
458 1646 553 1702 animo
566 1647 648 1711 liant,

62 1723 95 1773 ut
108 1716 216 1773 fructus
230 1716 359 1787 placendi
379 1716 542 1774 bominibus
564 1717 593 1773 iu
608 1716 649 1772 eis

63 1794 251 1859 exspectetur,
261 1793 289 1844 et
301 1790 362 1844 laus
377 1789 501 1845 humana
510 1787 649 1845 admisce-

64 1863 137 1915 atur,
164 1863 195 1914 ln
222 1858 300 1914 omni
326 1859 402 1915 enim
427 1876 512 1941 opere
540 1866 649 1926 nostro,

63 1928 154 1986 nescit
179 1930 294 1984 sinistra
315 1929 382 2054 guid
401 1930 468 1985 lacn
484 1932 609 1998 dextera,
626 1931 650 1986 si

64 2015 122 2055 non
145 2015 243 2055 amore
268 1999 313 2054 lau
338 1999 361 2055 is
376 2002 518 2069 bumanae,
535 2003 585 2057 sed
600 2002 649 2058 Dei

64 2085 163 2151 amore
178 2076 206 2125 et
218 2069 340 2152 iustiliae·
351 2070 379 2126 id
393 2087 520 2152 agamus.
538 2075 570 2127 Et
586 2073 649 2130 ideo

64 2156 123 2197 ame
152 2157 181 2197 m
207 2156 368 2213 synagogis,
388 2157 448 2198 sive
474 2160 503 2198 ιιι
532 2143 601 2200 vicis
622 2149 650 2200 ot

63 2211 165 2342 ffiateis
180 2213 399 2284 eleemosynam,
414 2215 457 2270 vel
482 2212 559 2271 aliud
578 2231 650 2286 opus

105 2301 173 2340 num
188 2284 251 2353 quis
269 2285 362 2354 l'ariat,
380 2285 409 2341 in
424 2285 591 2343 abscondito
604 2291 650 2343 ta·

66 2372 131 2413 men
158 2357 235 2424 lacit,
255 2357 426 2429 quicumque
455 2360 508 2414 boc
532 2356 648 2425 taciens,

64 2444 123 2484 non
139 2430 175 2485 ab
190 2428 362 2497 bominibus,
378 2429 427 2485 sed
442 2446 459 2485 a
476 2432 544 2498 lleo,
559 2429 648 2486 videri

65 2499 217 2556 desiderat.
248 2504 268 2556 Ε
299 2506 397 2557 contra
425 2517 513 2570 vero,
542 2501 589 2572 qui
620 2501 649 2558 iu

65 2571 232 2627 abscondito
250 2571 458 2644 eleemosynam
472 2573 550 2642 lacit,
565 2579 594 2629 et
608 2574 649 2628 vi·

65 2641 125 2697 deri
153 2643 268 2713 cupiens
297 2645 410 2701 laudem
427 2661 460 2700 on
480 2645 532 2701 hac
551 2652 579 2702 et
593 2646 651 2717 glo-

65 2711 138 2768 riam
153 2714 266 2837 quaerit,
287 2732 345 2771 nou
361 2714 389 2770 in
404 2717 569 2773 abscondito
586 2716 651 2789 qui-

65 2782 131 2838 dem
173 2784 249 2851 acit,
277 2785 412 2855 quoniam
452 2788 649 2845 absconditum

65 2868 121 2932 non
144 2854 203 2908 vult
218 2871 279 2909 esse
295 2857 369 2925 quod
386 2855 468 2925 lacit3
485 2864 650 2931 tantumque

64 2938 90 2977 er
107 2923 191 2988 valet,
208 2941 240 2978 ac
256 2924 278 2978 si
293 2926 321 2979 in
336 2927 447 2995 publico
463 2929 554 2984 lieret.
570 2933 650 2988 Unde

65 2994 272 3060 ctrysoscomns
287 3014 295 3047 :
314 3017 327 3044 a
345 2998 441 3051 Potest
455 2999 531 3053 euim
546 3001 649 3072 aliquis

66 3078 161 3119 eoram
187 3063 351 3121 bominibus
374 3066 499 3124 eleemos
520 3086 585 3126 uam
605 3075 647 3128 la·

65 3150 139 3208 cere,
160 3152 212 3191 nec
235 3143 330 3191 tamen
358 3137 394 3193 ad
419 3139 472 3194 boc
498 3085 601 3211 fruere,
618 3150 649 3200 ut

63 3223 126 3265 eam
156 3207 304 3264 bominum
334 3208 423 3266 oculis
450 3213 598 3281 osteudal3
621 3221 649 3271 et

62 3278 168 3352 aliquis
179 3298 236 3337 non
246 3297 340 3337 coram
353 3280 514 3340 bominibus
529 3284 647 3359 faciens,

63 3366 97 3433 ep
115 3358 210 3410 tamen
229 3352 324 3409 auimo
350 3354 452 3422 lacere,
468 3361 499 3412 ut
512 3373 543 3413 se
561 3356 591 3414 id
606 3359 647 3415 la·

63 3431 184 3481 cientem
206 3430 282 3496 optet
305 3425 405 3483 videri.
430 3428 549 3499 Propter
572 3430 648 3501 quod

64 3509 122 3548 non
149 3495 252 3551 lactum
272 3497 373 3567 ipsum,
389 3498 438 3553 sed
462 3499 646 3571 voluntatem,

63 3568 112 3642 aul
126 3573 254 3634 coronal,
270 3573 318 3624 aut
335 3568 429 3640 punit;
445 3585 496 3625 nec
511 3570 563 3626 lini
578 3588 646 3645 ope·

63 3648 113 3701 ns,
130 3639 178 3690 secl
199 3638 335 3695 voluntati
361 3643 515 3711 operantis,
541 3659 647 3701 merce·

62 3702 127 3759 dem
142 3705 310 3765 damnumve
330 3711 467 3768 decernit.
484 3716 544 3769 Non
560 3712 647 3785 igitur

62 3778 256 3834 tantummodo
287 3781 399 3840 dedisse
427 3784 643 3856 eleemosynam,

63 3846 113 3927 sed
133 3851 371 3928 quemadmodum
389 3862 500 3926 oportet
520 3857 643 3927 dedisse,

64 3924 175 3974 intutis
186 3925 249 3975 est:
267 3942 281 3970 »
299 3924 359 3981 haec
374 3927 590 3996 chrysostomus

97 3990 164 4056 iDn
176 4008 308 4048 onarmue
318 4013 348 4049 ar
363 4013 460 4053 onnam
477 4017 595 4057 nono-
605 4000 644 4058 Si·

59 4057 165 4117 militer
179 4061 208 4117 in
225 4064 362 4133 oratione,
378 4068 459 4124 docet
472 4087 525 4127 nos
547 4072 644 4144 lugere

408 256 519 310 rnltln
550 254 666 310 llntls
692 255 798 309 eleut
825 255 926 308 xxxv

699 358 768 415 dicit
793 360 1011 430 chrysostomus,
1026 371 1088 413 non
1116 351 1286 411 intendentes

700 429 838 499 exaudiri,
855 430 905 487 sed
918 428 1021 498 videri,
1036 431 1136 483 omont
1158 428 1190 480 in

699 505 779 572 poue
794 507 821 558 et
842 505 872 557 in
891 503 1005 570 aepulis
1019 501 1190 580 pluteorum,
1208 438 1281 551 π

701 575 730 628 in
739 573 862 645 publico,
878 574 914 629 ad
928 571 1201 636 manifestationem,
1214 571 1274 623 stoa

701 651 740 701 tes
756 661 845 714 more,
861 650 892 700 ut
905 645 1054 700 videantur
1066 643 1102 697 ab
1126 638 1271 695 hammites.
1363 658 1373 663 ·

701 718 735 772 Et
752 715 818 788 quia
842 715 1031 772 intentionem
1047 714 1159 771 babent
1177 724 1268 782 perier·
1353 764 1362 771 .

700 786 1018 855 sam,ideodamnosam
1029 784 1125 843 subdit
1136 781 1266 854 sequelan,
1352 786 1373 835 ·.

701 859 769 930 quia
782 876 862 916 umen
881 860 942 915 dico
954 859 1043 925 uobis,
1051 871 1193 928 recepe-im

701 932 791 986 cedem
806 946 896 998 suom,
911 929 1018 987 scilicet
1032 928 1147 985 laudem
1161 924 1264 982 transito
1361 986 1364 991 ,
1380 906 1389 912 ”

700 1001 784 1069 riam,
811 1003 862 1058 sed
880 1002 994 1058 tandem
1020 998 1155 1126 reciEient
1175 1008 1261 1068 poemn

701 1075 1065 1145 aternamlrgumentum

1193 859 1264 909 tm

1099 1068 1258 1135 abesexbc,
1328 1050 1352 1117 Ῑ
1368 1048 1385 1125 ι’

701 1145 776 1216 quod
807 1161 870 1201 cum
899 1161 971 1202 vana
990 1142 1082 1215 gloria
1109 1141 1144 1198 sit
1169 1138 1258 1195 monile

700 1221 859 1287 peceatum,
879 1216 943 1273 ideo
968 1231 1051 1272 omne
1074 1229 1143 1285 opus
1160 1227 1189 1267 ex
1207 1224 1257 1267 rma

701 1287 793 1358 gloria
821 1288 937 1357 lactum,
958 1293 1001 1344 est
1015 1285 1133 1343 mortale
1155 1287 1256 1354 repulia·

703 1359 782 1426 dum,
809 1358 876 1430 quia
903 1375 955 1431 pro
987 1375 1021 1415 eo
1047 1372 1131 1429 poena
1152 1351 1256 1435 infligitur
1338 1382 1354 1406 .-

704 1436 820 1487 aeterna.
849 1434 891 1487 lta
911 1446 979 1503 ergo
994 1429 1102 1486 faciunt
1127 1429 1255 1510 hypocrita
1378 1428 1394 1503 f

706 1506 746 1558 Tu
760 1509 850 1558 eutem
865 1519 925 1558 cum
951 1504 1083 1568 oropum,
1099 1504 1171 1555 iutro
1192 1511 1256 1553 mot·

705 1576 825 1630 bicatum
839 1581 926 1643 tuum,
942 1572 971 1630 id
986 1572 1073 1630 estin
1088 1572 1176 1627 locum
1193 1581 1257 1625 secte

705 1652 776 1715 tum,
794 1651 819 1701 et
832 1648 925 1701 clauso
942 1648 1022 1715 ostio,
1042 1659 1079 1699 ue
1092 1642 1180 1699 ueniat
1191 1634 1258 1719 null
1353 1672 1359 1679 -

704 1718 772 1774 tudo
796 1717 954 1788 impediens
977 1714 1162 1772 elevationem
1175 1713 1258 1786 meula
1340 1742 1366 1787 ‘2

704 1794 732 1845 et
750 1792 881 1845 avertens
899 1792 959 1845 tea
982 1786 1139 1859 proposito,
1164 1799 1207 1839 om
1222 1782 1258 1837 it·
1344 1796 1361 1873 ζ.
1362 1801 1376 1863 1·

705 1868 774 1916 trem
789 1867 876 1928 tuum,
902 1861 1058 1927 caelestem,
1079 1861 1110 1913 in
1123 1852 1258 1913 abcondit·

705 1934 739 1988 Et
753 1937 797 1988 est
815 1947 917 1988 sensus
940 1929 1095 1987 secundum
1116 1929 1260 2003 liernipimf
1361 1918 1389 1991 ἦ,

706 2002 834 2061 Sufficiat
860 2002 912 2060 tibi
935 2008 966 2060 ut
999 2001 1047 2058 ille
1078 2002 1154 2058 solus
1180 1996 1263 2055 notent

707 2080 785 2131 tuam
805 2074 975 2142 orationem,
992 2072 1040 2146 qui
1061 2072 1187 2129 omnium
1202 2063 1266 2148 colit

706 2145 784 2203 novit
799 2146 910 2202 occulta
925 2163 932 2214 ;
949 2144 1016 2217 quia
1031 2143 1103 2216 ipse,
1119 2143 1166 2216 qui
1186 2146 1225 2198 est
1236 2149 1267 2192 u·

706 2223 828 2289 spector,
844 2217 898 2274 erit
910 2216 1067 2274 exauditor.
1077 2220 1114 2273 Et
1127 2222 1202 2287 poter
1213 2218 1279 2282 tutti.
1378 2202 1392 2259 .'

705 2290 787 2360 cujus
800 2290 938 2346 bonorem
963 2289 1051 2345 debes
1070 2287 1224 2354 intendere,
1236 2285 1282 2353 qao

704 2362 819 2416 videtin
829 2361 998 2429 abscondito,
1010 2360 1107 2416 reddet
1115 2351 1291 2415 obstructam

705 2432 842 2488 orationis
865 2432 895 2488 in
910 2438 1017 2504 aperto.
1037 2431 1118 2488 Unde
1135 2425 1298 2499 aarum&

704 2520 779 2559 mus:
793 2503 873 2571 «Qui
889 2503 928 2560 sic
943 2508 1005 2560 orat
1016 2509 1138 2571 secreto,
1151 2509 1183 2557 ut
1195 2502 1230 2558 ab
1238 2494 1309 2556 bo*

705 2574 829 2631 minibus
860 2576 997 2632 absconse
1026 2590 1111 2630 orare
1154 2557 1334 2699 silicata&

1264 2684 1345 2769 ὅ)

1305 2742 1351 2778 ‘0

704 2662 763 2702 non
786 2647 875 2702 Deum
894 2646 1005 2718 aspicit,
1029 2645 1079 2703 sed
1100 2644 1241 2701 homines.

704 2716 769 2774 ideo
780 2724 916 2788 quantum
931 2718 967 2774 ad
977 2716 1156 2791 propositum
1170 2731 1254 2773 suum

705 2789 856 2871 synagogis
886 2796 965 2859 orat,
982 2806 1015 2846 ac
1034 2788 1121 2846 etiam
1146 2789 1188 2845 sir.
1205 2788 1301 2871 dupl

705 2866 776 2917 citer
790 2861 931 2931 laudatur,
950 2867 979 2917 et
1004 2860 1072 2933 quia
1091 2866 1166 2930 orat,
1183 2866 1213 2917 et
1231 2868 1290 2932 qur

704 2934 841 2989 absconse
861 2938 933 2989 orat.
955 2934 1039 3004 Cujus
1067 2938 1163 2989 autem
1189 2930 1283 2988 oranti

1344 2822 1362 2864 t

1354 2892 1368 2932 S

704 3020 783 3061 mens
804 3004 896 3060 solum
922 3004 1022 3076 aspicit
1048 3006 1150 3073 Deum,
1166 2963 1378 3131 ᾛυαωιῇῤ

1153 3093 1169 3131 u
1210 3090 1253 3143 se,

703 3074 733 3131 in
751 3091 895 3157 synagoga
909 3082 980 3144 oret,
997 3081 1093 3132 tamen
1113 3091 1151 3147 ap

702 3152 812 3203 secreto
841 3147 952 3204 videtur
981 3163 1074 3203 orare.
1104 3147 1198 3204 Orans
1229 3162 1245 3202 e

702 3217 772 3273 nibil
790 3234 894 3274 novum
927 3217 1022 3288 saciat,
1051 3219 1127 3346 guod
1155 3168 1384 3323 aspicianlz

702 3288 843 3359 homines,
865 3290 909 3346 vel
937 3291 1048 3347 claman
1070 3305 1098 3359 o,
1127 3289 1171 3347 vel
1198 3296 1295 3363 pectus

702 3361 1293 3487 percutiendo,velmanusexpandendo:a

711 3449 765 3488 naec
773 3434 988 3503 chrysostomus.
1001 3432 1053 3490 Ubi
1063 3434 1213 3490 serendum
1241 3433 1296 3492 uod

702 3503 804 3575 duplex
821 3511 864 3560 est
879 3505 986 3586 oratio..
1007 3505 1143 3573 Quaedam
1169 3451 1294 3578 pudica,

701 3575 1295 3705 tltlittlllllllltlltbtl¹⁸¹³

701 3716 731 3772 in
751 3718 876 3790 publico,
896 3724 925 3775 et
942 3718 973 3775 in
987 3665 1294 3794 ecclesia'coramapfg

701 3789 778 3870 pulo,
799 3790 867 3861 quia
882 3806 932 3864 pm
953 3794 1012 3847 tota
1026 3791 1147 3847 offertur
1165 3807 1293 3850 commu·

700 3867 801 3931 nitate,
822 3866 850 3918 et
863 3863 984 3935 populus
999 3861 1029 3917 in
1044 3863 1098 3918 hoc
1113 3862 1294 3922 conformare

700 3947 731 3987 se
755 3933 840 3989 debet
863 3933 1000 3990 ministris
1030 3932 1174 4004 Ecclesia,
1200 3937 1292 4008 ipsum

699 4004 788 4059 Deum
796 4004 985 4078 deprecando,
1003 4005 1160 4061 secundum
1176 4007 1291 4073 modum

699 4090 855 4146 congruum
870 4082 899 4133 et
913 4077 965 4134 sibi
981 4076 1156 4149 possibilem.
1173 4078 1237 4135 ntia
1248 4083 1290 4136 est

60 4133 436 4220 uanamglonriamdicens:
453 4145 563 4198 Etcum
584 4161 644 4200 oro·
698 4146 790 4204 oratio
812 4147 932 4220 privata,
955 4153 984 4206 et
1007 4148 1073 4205 talis
1088 4148 1181 4220 magis
1205 4150 1290 4208 debet

61 4205 108 4273 tas,
122 4222 177 4263 nou
188 4213 266 4262 cratis
281 4209 520 4281 ecatoupocrea,
537 4218 597 4285 qui,
612 4222 643 4272 ut
698 4216 761 4275 lieri
774 4217 935 4294 iasecreto‚
950 4219 1055 4294 duplici
1065 4219 1100 4278 de
1111 4236 1216 4279 causa:
1232 4236 1289 4279 una

1364 3342 1381 3361 Α
