2790 4912
246 209 288 263 tiu
316 210 471 267 stilletis
498 160 618 268 ueniri
645 213 680 266 ii·
706 210 830 264 lth'TE.
1111 215 1157 270 285

57 313 99 369 nis
118 313 202 371 mites
221 315 406 384 possidebunt
420 319 540 397 Domi-t
569 335 636 376 iere
654 316 730 375 beati
745 316 793 389 qui
810 317 918 387 lugent,
933 315 1067 389 quoniam
1081 320 1156 377 Deus
1218 368 1223 376 .

64 392 141 442 terra
164 386 330 444 viventium.
347 391 390 458 Et,
411 407 512 448 seeun-
537 416 539 435 ι
571 407 620 448 eos
634 389 806 447 consolando
830 405 933 443 omnem
951 391 1101 459 lacrymam
1119 392 1155 447 ab

57 475 137 520 isam,
172 459 287 515 uoniam
300 461 467 534 semetipsos
482 463 511 519 in
536 466 539 537 ζ
570 465 656 518 oculis
671 478 761 517 eorum
775 461 920 529 absterpet.
937 461 1017 516 Unde
1033 463 1153 517 Bernar-

72 474 229 600 possident,
246 531 433 590 hereditatem
447 537 513 591 'Pa-
537 554 540 591 ÷
570 535 646 589 ilus:
666 555 680 586 a
701 532 776 590 Felix
795 531 919 603 lacryma
936 547 999 602 quie
1015 548 1099 590 manu
1114 531 1154 606 pii

57 602 144 657 'iituro
164 601 362 672 possidebunt.
392 605 443 662 Ubi
472 606 511 662 ait
537 618 540 645 ³
572 604 682 661 Domini
708 610 834 660 meretur
852 602 987 675 abstergi.
1012 625 1027 654 »
1055 606 1100 666 Et.
1123 608 1154 660 ut

57 689 121 726 ius:
155 696 168 723 a
182 675 258 730 Tunc
271 690 338 731 vere
354 676 511 757 possidebis
537 717 539 751 ,
569 677 638 733 dicit
659 680 800 733 Maximus
815 694 855 729 :a
878 677 1020 747 Lacrymie
1042 675 1154 732 veniam

57 744 432 818 inandoiiihieserisei,qui
445 750 511 805 lecit
537 784 539 813 :
569 764 626 804 non
647 747 801 819 postulant,
820 750 849 802 et
876 750 971 803 tamen
993 751 1151 816 merentur;

57 822 71 868 et
88 823 204 871 terrim.
222 819 279 873 lloe
295 825 338 873 est
355 819 431 875 enim
447 837 509 878 esse
537 848 538 857 κ
569 835 682 876 causam
702 835 757 875 non
781 817 888 885 dieunt,
908 823 937 875 et
950 824 1045 875 tamen
1068 817 1153 875 mise·

58 904 105 941 ion
126 887 257 944 resistere
280 891 336 946 [leo
350 896 413 958 tuo;
430 899 460 948 ut
478 893 507 948 in
536 898 539 911 '
568 890 720 947 ricordiam
735 895 963 960 consequuntur;
980 890 1046 962 quia
1059 905 1155 946 serino

57 1007 59 1010 .
89 959 161 1014 hene
189 959 268 1026 lacis,
291 959 352 1032 ipse
379 961 428 1018 tihi
450 964 509 1034 pla·
535 944 539 1029 i
568 962 710 1019 interdum
732 978 789 1018 non
812 966 901 1017 tolum
926 962 1033 1032 profert
1065 977 1153 1033 nego·

57 1036 112 1084 itu
134 1030 195 1085 tihi.
210 1033 240 1086 ln
261 1048 295 1088 eo
318 1040 412 1089 autem
433 1035 507 1105 quod
535 1054 538 1149 ,
568 1033 657 1101 tium;
678 1034 737 1090 laer
756 1049 802 1089 ma
816 1049 883 1089 vero
899 1038 988 1088 totum
1003 1033 1098 1105 prodit
1113 1033 1153 1088 al-

58 1108 84 1155 te
97 1101 214 1171 pateris,
232 1102 290 1173 ipse
311 1104 360 1160 tihi
380 1122 436 1162 non
452 1107 507 1162 dis·
534 1154 536 1175 ,
567 1105 681 1163 sectum.
703 1051 964 1162 »ionsotahuniur
986 1113 1081 1160 autem
1107 1104 1154 1160 lu-

57 1174 97 1227 ied
115 1180 144 1228 tii
162 1173 222 1229 tihi.
244 1175 340 1246 Neque
359 1177 434 1232 enim
457 1193 509 1248 pa·
568 1183 677 1247 gentes,
696 1183 722 1232 et
748 1177 793 1232 hie
814 1181 842 1231 et
861 1175 890 1231 in
908 1176 1010 1232 laturo.
1027 1178 1057 1230 ln
1079 1190 1151 1245 prae·

68 1243 135 1312 qnia
162 1245 287 1315 placeliis
303 1247 339 1314 ei,
355 1248 507 1319 displicens
535 1288 536 1309 2
567 1248 638 1304 senti
654 1247 728 1303 enini
749 1246 959 1302 consolationes
980 1245 1151 1316 spirituales,

57 1315 181 1386 plicehis
206 1323 300 1372 autem
332 1318 368 1389 ei,
395 1321 507 1387 placens
534 1324 536 1359 ³
568 1319 732 1375 consolante
760 1316 865 1389 Spiritu
892 1319 1005 1383 Sancto,
1023 1316 1071 1386 qui
1099 1317 1151 1372 Pa·

73 1387 134 1441 liae
160 1390 343 1455 :lupusti'aus
370 1390 507 1448 Riientur
534 1368 537 1447 i
567 1390 700 1457 caelatus,
717 1389 745 1446 id
774 1394 816 1444 est
845 1390 1012 1451 consolator,
1038 1385 1150 1453 dicitur,

57 1457 138 1523 nites,
155 1466 183 1514 ei
201 1459 337 1515 dimicent
352 1478 403 1533 pro
416 1469 505 1519 terre·
534 1456 537 1535 l
567 1461 705 1534 recipiunt
729 1460 909 1533 poenitentes.
924 1458 1153 1539 Consolahuntur

57 1531 222 1600 nporalihus
252 1533 350 1601 rehus;
368 1534 505 1591 heatiau-
534 1540 537 1609 i
566 1535 639 1589 etin
659 1534 762 1599 laturo,
784 1529 1154 1601 cumadgloriamperdu·

57 1618 97 1666 es,
117 1603 250 1671 quoniam
268 1602 320 1674 ipsi
349 1605 504 1662 hereditate
534 1612 536 1675 i
566 1611 675 1673 centur,
695 1603 742 1662 uhi
757 1603 890 1675 gaudium
907 1608 935 1658 et
958 1600 1084 1658 laetitiam
1099 1600 1153 1656 oh·

57 1674 151 1727 hiliter
167 1680 195 1729 et
216 1673 303 1730 solide
319 1676 504 1747 possidebunt
534 1700 535 1751 3
566 1678 695 1733 tinchiint
714 1678 811 1746 tonia,
826 1674 978 1732 seeundum
993 1675 1152 1742 Clirpsosto·

57 1751 152 1800 larnai
178 1745 429 1804 beatitudinishd
450 1751 503 1805 hoe
533 1784 535 1805 .
565 1766 655 1811 mum,
688 1748 849 1818 hujusmodi
881 1746 985 1802 luctum
1013 1743 1149 1800 Dominus

57 1815 141 1871 niues
162 1817 270 1873 lecoees
290 1829 404 1875 movent
431 1820 504 1876 hella
532 1816 535 1899 l
566 1819 693 1891 perpetui
728 1819 824 1890 gaudii
853 1816 1046 1874 consolatione
1074 1829 1151 1872 eoni-

57 1896 207 1957 sequentes
227 1894 319 1945 motus
334 1890 502 1961 irascibiles,
532 1904 535 1949 t
564 1896 675 1963 pensat.
692 1892 726 1946 Ut
741 1896 836 1947 autem
856 1888 925 1946 dicit
941 1888 1016 1944 idem
1032 1889 1147 1957 Chryso·

77 1960 169 2015 securi
195 1961 359 2032 possideant
386 1969 502 2029 terrain,
532 1954 534 2045 J
563 1969 696 2018 stamus:
726 1983 739 2015 a
767 1962 930 2033 Lugendum
956 1966 999 2017 est
1027 1966 1055 2016 et
1083 1972 1148 2039 veie

60 2029 205 2098 ininiieis;
237 2040 265 2088 et
280 2033 342 2088 ideo
370 2033 424 2089 illis
455 2035 503 2106 qui
531 2058 534 2101 i
563 2033 716 2105 lugendum
739 2033 888 2106 praesentis
908 2032 971 2089 vitae
993 2036 1148 2104 tempusin

57 2102 119 2157 liter
140 2104 501 2173 quietatiamotihusira·
530 2108 533 2169 i
563 2123 619 2177 quo
640 2112 749 2162 tantam
774 2106 912 2163 malornm
933 2105 1036 2174 lahem,
1057 2108 1148 2160 tanta·

57 2192 72 2239 i,
90 2175 160 2229 hene
176 2175 350 2246 promittitur
359 2178 501 2248 possessio
530 2174 533 2247 ξ
563 2192 616 2247 que
632 2178 759 2249 quotidie
774 2179 902 2233 ridemus
922 2176 1029 2246 flagitia
1045 2191 1147 2230 cumu-

57 2251 140 2299 terrac
170 2247 343 2314 viventium,
380 2250 415 2304 de
444 2266 501 2320 qua
529 2262 532 2303 i
562 2248 626 2316 lari,
647 2266 709 2320 aaa
738 2249 761 2303 si
789 2249 858 2304 velis
885 2248 1067 2302 considerare
1094 2258 1147 2315 per

68 2323 185 2386 possunt
204 2320 240 2374 ab
260 2319 441 2375 adversariis.
456 2321 501 2376 si·
529 2306 532 2389 ξ
562 2319 685 2390 singula,
711 2335 864 2391 numquam
889 2320 917 2372 te
945 2315 1087 2397 poterisa
1106 2316 1145 2370 la·

57 2388 132 2443 enini
159 2396 247 2458 terra,
267 2391 422 2446 secundum
442 2392 500 2447 Aa·
529 2396 532 2473 i
561 2391 665 2460 cry'mis
696 2396 864 2462 temperare.
895 2390 1005 2442 Etenim
1035 2402 1058 2440 si
1083 2389 1146 2455 quis

57 2502 62 2520 ‚
91 2461 244 2529 qnamdam
272 2461 444 2518 soliditatem
473 2468 501 2519 et
529 2484 532 2516 ι
562 2460 737 2516 eitiinsecas
762 2460 956 2529 undecumque
982 2456 1105 2524 adesset,
1117 2464 1146 2515 et

57 2546 98 2585 eni
139 2533 305 2588 hereditatis
335 2540 499 2605 perpetuae,
529 2556 532 2593 ÷
561 2538 767 2604 praeceptorum
784 2531 885 2587 Christi
906 2544 939 2584 ae
954 2532 1058 2608 nostra·¹
1078 2543 1147 2585 eon-

57 2618 79 2666 1,
95 2618 144 2672 pcc
159 2604 501 2674 honiimass'eeliim,tam-
530 2639 532 2659 .
562 2602 729 2659 versationis
759 2599 1145 2679 perturbationemrideret,

84 2674 144 2729 loco
172 2691 221 2730 sno
243 2676 410 2746 requiescit,
429 2676 501 2733 sicut
529 2726 532 2749 ,
562 2674 691 2730 inimicos
710 2690 762 2730 nos
775 2688 837 2729 esse
852 2677 880 2727 et
893 2676 1052 2752 contrarios
1071 2686 1145 2753 prae3

57 2750 164 2812 iterra,
181 2752 208 2801 et
225 2748 289 2801 inde
302 2747 365 2802 ciho
381 2764 431 2804 suo
447 2748 499 2803 ali·
529 2786 532 2807 i
562 2751 706 2817 ceptorum
733 2743 835 2803 Christi
857 2743 1003 2809 adiceret,
1019 2747 1048 2797 et
1062 2757 1146 2812 quasi

63 2833 164 2886 corpus
179 2834 195 2872 a
212 2825 297 2874 terra.
316 2821 379 2890 lpsa
395 2826 438 2875 ost
456 2836 499 2875 re·
529 2826 531 2883 j
562 2817 609 2889 qui
637 2816 759 2874 studium
786 2815 930 2887 quoidam
950 2813 1144 2887 hahuerimus,

75 2886 130 2942 iila
150 2890 327 2945 Sanctorum.
346 2910 359 2940 a
376 2893 404 2946 Si
420 2907 498 2962 erga,
529 2894 532 2975 j
561 2889 704 2945 contraria
731 2891 758 2944 in
780 2886 913 2945 omnihus
938 2901 1037 2957 gerere
1060 2902 1146 2957 quani

57 2960 122 3023 leda,
141 2961 275 3015 carlorum
291 2977 413 3031 regnum
428 2979 499 3033 pau·
529 2982 531 3021 ε
560 2960 609 3017 ille
628 2960 797 3017 mandavit:
818 2982 832 3010 >i
852 2961 912 3016 liae
929 2960 1146 3029 chrysostomus.

60 3036 87 3085 et
112 3036 187 3087 terra
214 3031 330 3088 mitibus
359 3032 499 3105 plomitti·
529 3064 532 3127 ι
597 3038 613 3087 o
642 3034 745 3090 Liicrus
773 3050 863 3088 eaesis
892 3048 1021 3094 deisona.
1049 3060 1085 3073 —-
1112 3034 1146 3088 Et

81 3103 209 3173 superbis
238 3109 267 3158 et
296 3104 498 3173 contentiosis,
561 3102 706 3160 sciendum
726 3103 801 3175 quod
824 3102 949 3174 quinque
973 3105 1145 3159 suntcausae

59 3189 120 3240 nus,
141 3174 339 3245 relinquetur?
357 3195 369 3226 o
562 3173 663 3242 luetus,
679 3191 797 3256 quarum
823 3174 886 3229 dua
914 3172 1068 3251 respiciunt
1085 3173 1145 3227 cul·

57 3263 78 3299 ii
98 3263 246 3301 nixirircne
263 3264 270 3301 i
289 3263 386 3303 ireres
408 3265 440 3301 nr
455 3264 500 3303 ni·
560 3261 637 3316 pam,
658 3246 765 3301 scilicet
788 3243 931 3315 propriam
956 3247 984 3296 et
1005 3243 1146 3303 alienam:

57 3345 74 3357 -
100 3317 207 3373 iieinde
233 3317 362 3387 seqnitur
386 3318 497 3374 tertia:
529 3312 532 3391 ξ
561 3317 624 3371 dua>
649 3331 773 3386 poenam,
796 3312 903 3369 seilicet
926 3315 1093 3381 praesentem
1117 3317 1144 3366 et

66 3389 177 3455 lupciit;
193 3393 323 3458 quoniam
338 3393 394 3460 ipsi
406 3406 499 3445 eoaso·
529 3412 532 3433 ε
561 3393 712 3454 aeternam3
730 3384 829 3458 quinta
848 3382 968 3462 gloriani
988 3380 1143 3461 caelestem.

72 3461 137 3515 ltere
157 3459 241 3516 tertia
258 3460 403 3517 beatitudo
424 3467 500 3517 recte
528 3438 532 3525 i
562 3458 727 3528 Lugendum
754 3461 797 3512 est
824 3470 892 3524 ergo
921 3468 951 3508 in
973 3452 1109 3532 liaessvita
1135 3469 1144 3506 :

57 3531 182 3600 sequitur
201 3538 229 3587 et
248 3533 420 3600 secundam3
437 3538 501 3604 post
529 3534 532 3575 l
561 3529 665 3601 primo,
682 3544 733 3601 pro
752 3531 875 3599 peccatis
894 3529 921 3581 et
941 3538 1063 3604 miseriis
1077 3538 1143 3607 pro·

59 3618 104 3656 um
116 3619 240 3675 namque
255 3603 353 3660 mundi
368 3620 420 3674 per
434 3620 501 3675 pau·
529 3584 532 3675 i
560 3600 649 3673 pilis:
671 3599 806 3667 secundo,
821 3614 873 3670 pro
897 3603 1027 3677 peccatis·
1042 3600 1071 3650 et
1091 3610 1143 3651 ini·

57 3682 143 3744 ,post
164 3678 289 3746 quietem
316 3675 429 3743 mentis,
450 3691 502 3756 per
529 3680 532 3731 Ι
562 3673 643 3729 seriis
672 3671 790 3738 alienis;
817 3669 912 3737 tertio,
940 3682 992 3738 pro
1020 3667 1145 3724 incolatu

57 3744 171 3814 idinem,
197 3762 301 3802 vacans
323 3748 409 3802 homo
435 3746 500 3811 sihi,
530 3776 533 3841 p
562 3744 710 3816 praesentis
735 3743 872 3809 miseriam
894 3744 1006 3810 quarto,
1027 3754 1078 3822 pro
1097 3755 1144 3811 pe·

57 3815 153 3872 lcrans
185 3823 289 3874 statum
314 3833 408 3884 suuni,
428 3817 499 3873 nihil
530 3844 533 3885 i
561 3813 881 3885 riculoetduhiopanae
892 3816 1146 3893 aeierna3quinto,

57 3903 95 3942 iee
113 3888 143 3943 in
168 3905 209 3956 se,
227 3906 276 3945 nec
302 3888 331 3943 in
356 3888 429 3958 aliis,
446 3888 499 3945 nisi
530 3894 533 3901 '
562 3902 613 3968 pro
628 3886 763 3943 dilatione
781 3884 889 4010 ἧξονίφ.
910 3885 942 3939 Et
959 3881 1023 3939 ideo
1040 3900 1047 3964 ς
1064 3885 1142 3939 Beati

57 3977 61 4012 i
82 3959 174 4015 luctus
196 3966 224 4015 et
243 3959 376 4029 tlehilem,
392 3966 420 4015 et
436 3960 499 4017 ideo
562 3974 609 4030 qui
624 3958 731 4030 lugent,
749 3973 787 4012 sei
801 3963 855 4013 icet
871 3959 1057 4028 inpraesenti,
1073 3970 1142 4025 quo·

57 4045 134 4099 gere.
150 4032 199 4086 Est
223 4038 317 4088 autem
347 4032 499 4102 lugendum
561 4029 638 4087 niani
650 4028 703 4101 ipsi
721 4028 951 4095 consolabuntur,
968 4025 1094 4099 plenarie
1113 4024 1142 4080 in

58 4107 101 4157 ter
123 4104 291 4174 temporalia
317 4103 433 4171 damna,
449 4103 499 4159 sed
561 4101 665 4170 tuturo,
686 4106 784 4157 eontra
805 4100 929 4172 quinque
952 4098 1044 4154 luctus
1069 4110 1142 4166 prae-

57 4173 215 4245 spiritualia
247 4174 429 4232 detrimenta.
465 4177 498 4230 Et
560 4171 650 4229 dictos
666 4190 673 4228 ι
687 4176 786 4230 eontra
804 4172 939 4245 primum,
954 4170 989 4225 de
1010 4169 1144 4239 peecato-
