2790 4912
93 117 139 172 lla
476 116 585 169 intua
612 113 733 169 ratris
759 112 862 166 CAPUT
889 111 940 165 xx

86 221 135 281 hic
152 222 230 291 facit,
246 226 410 279 nouantem
425 237 443 277 a
456 219 580 278 residua.
599 220 678 278 Unde

86 294 269 353 benardus:
290 314 305 343 α
327 295 383 349 Nec
405 291 456 349 tibi
475 291 641 362 blandiaris,
654 292 677 349 si

120 364 210 423 ariter
226 363 351 436 peccanti
379 362 468 420 levior
485 379 580 435 pcena,
597 363 640 420 vel
659 380 677 420 a

84 379 281 493 dissimulante
296 435 433 502 dictatur;
452 451 516 490 cum
531 434 560 490 in
573 450 675 517 purga-

82 506 166 564 toriis
181 506 294 575 ignibus
310 505 513 578 perficiendum
529 505 576 574 sit,
592 507 674 577 quid-

84 576 154 706 ?uid
177 577 223 633 hic
242 576 336 632 minus
361 577 471 645 feceris,
491 576 558 648 quia
574 577 674 659 dignos

96 653 195 705 ructus
222 648 396 720 poenitentiae
431 648 534 720 quaerit
562 648 673 705 Altissi·

82 734 148 776 mus
169 736 176 774 ε
203 740 216 771 s
242 721 302 775 llaec
322 721 486 775 Bernardus.
504 718 594 801 Digna
606 736 673 776 vero

85 790 265 863 poenitentia,
280 807 335 846 non
348 796 458 847 tantum
473 807 568 848 carnis
583 807 675 848 maee-

83 861 207 930 ratione,
237 862 279 917 vcl
319 861 456 932 temporis
487 862 672 934 longitudine,

85 940 224 1005 quantum
242 932 336 988 cordis
352 931 523 989 contritione
538 950 673 1006 compen·

83 1009 179 1073 satur;
194 1004 261 1074 quia
274 1005 348 1074 apud
368 1006 457 1060 Deum
471 1021 527 1061 non
545 1011 603 1061 tam
622 1022 671 1062 va-

80 1074 120 1133 let
139 1091 272 1132 mensura
292 1075 438 1147 temporis,
452 1093 538 1146 quam
553 1077 670 1146 doloris,

81 1161 136 1202 nec
173 1152 282 1202 tantum
322 1146 495 1203 abstinentia
530 1148 669 1217 ciborum,

81 1223 219 1290 quantum
243 1218 423 1275 mortificatio
445 1218 588 1276 vitiorum.
605 1221 672 1276 Pro-

82 1290 672 1415 sterquodmensuramtemporisinageu-

102 1374 121 1416 a
147 1360 326 1432 poenitentia,
351 1377 476 1417 canones
493 1360 522 1416 in
550 1361 670 1420 arbitrio

81 1430 239 1487 sacerdotis
268 1430 453 1502 intelligentis
485 1437 614 1489 statuunt
643 1438 672 1489 et

79 1501 255 1573 poenitentiae
266 1508 403 1575 tempora,
414 1503 470 1560 tide
480 1508 508 1560 et
520 1520 670 1561 couversa-

78 1571 158 1629 tione
177 1574 374 1644 poenitentium
394 1574 598 1646 abbrevianda,
625 1577 669 1633 vel

81 1643 257 1715 negligentia
294 1646 460 1715 protelanda
497 1645 668 1704 existimant.

80 1714 172 1771 Tanta
201 1715 286 1770 otiam
318 1716 450 1771 contritio
477 1722 569 1785 potest
597 1734 669 1788 esse,

81 1784 158 1857 quod
186 1785 310 1840 totaliter
331 1786 411 1841 tollat
430 1790 540 1843 reatum
564 1803 668 1859 prenae,

80 1853 148 1926 quia
167 1855 241 1911 Deus
258 1856 321 1926 plus
340 1861 470 1927 acceptat
488 1857 582 1914 cordis
598 1860 668 1915 atic-

80 1929 168 1993 ctum,
190 1941 274 1997 quam
295 1926 463 1983 exteriorem
486 1935 592 1985 actum.
614 1931 668 1987 Sed

78 2010 132 2069 per
150 2001 230 2053 actus
244 2001 398 2053 exteriores
412 1999 569 2056 absolvitur
583 2002 668 2059 homo

80 2081 195 2140 apoena
210 2073 238 2124 et
255 2085 272 2124 a
287 2069 387 2140 culpa:
409 2085 476 2141 ergo
496 2075 524 2127 et
538 2071 669 2129 similiter

78 2153 132 2212 per
146 2139 241 2196 cordis
261 2141 405 2210 allectum,
419 2157 482 2213 quae
500 2148 544 2199 est
562 2143 667 2200 contri-

77 2210 129 2282 tio,
156 2211 313 2293 absolvitur
336 2214 372 2269 ab
398 2229 442 2282 ea,
461 2213 530 2341 guia
549 2213 667 2273 intentio

78 2282 258 2339 contritionis
275 2288 368 2356 potest
381 2290 457 2341 alten
481 2284 489 2340 i
505 2286 666 2357 dupliciter.

78 2354 138 2410 Uno
158 2357 251 2417 mollo.
274 2361 406 2427 exparte
425 2356 581 2427 charitatis,
602 2357 669 2430 quia

78 2423 286 2497 displicentiam
315 2434 429 2496 cansat3
455 2434 484 2485 ct
517 2428 592 2497 ideo,
608 2445 667 2484 me-

77 2495 176 2552 diante
193 2498 342 2565 charitate,
359 2505 485 2555 meretur
504 2516 560 2556 non
576 2500 667 2557 solum

80 2565 170 2637 eulpae
183 2568 366 2635 amotionem,
384 2571 433 2625 scd
449 2570 534 2626 etiam
550 2572 586 2627 ab
605 2587 666 2627 om·

78 2636 110 2691 ni
134 2651 218 2706 pceua
247 2639 464 2696 absolutionem.
490 2641 552 2697 illio
570 2642 665 2712 modo,

78 2713 206 2776 exparte
223 2708 330 2764 doloris
348 2710 500 2778 sensibilis,
521 2728 605 2792 quem
621 2729 668 2769 vo-

78 2776 173 2833 luntas
201 2777 229 2831 in
251 2778 420 2835 contritione
443 2787 596 2847 exercitat3
627 2788 666 2851 et,

77 2846 144 2920 quia
158 2845 205 2903 illc
218 2849 299 2904 dolor
311 2855 354 2904 cst
366 2849 451 2906 etiam
463 2851 503 2906 illi
518 2852 665 2923 poenitenti

78 2919 210 3003 quiedam
229 2936 323 2991 poena.
350 2937 413 2991 qum
438 2927 548 2978 tantum
573 2930 667 3005 potest

78 2991 198 3060 intendi,
220 2991 294 3063 qtlod
314 2993 419 3051 suflicit
436 2994 474 3051 ad
493 2994 666 3052 deletionem

79 3062 169 3135 culpae
185 3068 213 3119 et
229 3079 331 3136 pmnae.

116 3139 146 3191 15
179 3137 398 3193 Sarrsrnmcnrm
431 3154 482 3193 nno
516 3154 666 3195 camerone

77 3222 130 3262 con
144 3224 215 3262 uso.
232 3237 265 3249 -
287 3211 320 3264 Et
345 3207 368 3264 si
394 3209 478 3264 homo
493 3224 545 3281 per
559 3225 590 3266 se
607 3226 666 3266 non

76 3276 167 3348 possit
187 3277 350 3335 satisfacere
363 3295 414 3360 pro
427 3280 558 3351 peccatis,
571 3286 666 3353 potest

75 3350 172 3426 tamen
189 3363 239 3418 per
253 3350 425 3421 adjutorium
440 3350 557 3408 alterius
575 3369 581 3407 :
598 3351 666 3424 quia

75 3432 152 3498 enim
165 3433 248 3490 poena
264 3436 349 3490 qnam
364 3427 494 3492 peccator
508 3423 593 3479 debet
607 3439 666 3479 sus

74 3492 177 3567 tinere,
198 3491 305 3546 excedit
320 3491 395 3548 vires
414 3493 491 3565 eJus;
507 3492 572 3550 ideo
588 3493 665 3550 ordi·

74 3561 245 3627 navitlleus,
257 3578 289 3616 ex
302 3578 406 3634 magna
419 3563 622 3634 misericordia,
635 3570 666 3621 ut

76 3643 142 3685 cum
166 3645 199 3686 eo
224 3637 252 3686 et
271 3648 321 3701 pro
340 3650 385 3703 co,
409 3637 532 3705 primum
552 3637 665 3692 satista-

733 219 930 290 eleemosyna,
940 220 969 273 et
980 215 1126 274 orationes
1135 232 1199 289 quse
1207 217 1283 278 fiunt
1302 230 1327 290 f„

731 287 875 358 Ecclesia,
907 286 1076 345 subveniunt
1106 302 1323 362 recognoscens·

731 365 857 418 mentem
867 375 959 429 suam,
967 358 1004 416 ad
1013 357 1240 419 veniam.'l'ertio
1253 368 1313 428 sni>

730 431 808 489 veuit
842 430 983 504 peccatori
1013 429 1131 512 propria
1154 431 1309 500 satisfactio,

731 506 769 560 En
782 502 827 560 his
840 502 943 569 tribus,
959 501 1066 558 scilicet
1080 519 1087 558 ε
1102 502 1208 561 merito
1224 505 1306 567 Dord-

730 574 800 632 nicae
816 572 970 641 Passionis,
984 578 1013 630 et
1030 572 1118 630 totius
1133 574 1303 647 Ecclesimet

728 646 850 773 proprias
875 644 1059 717 poenitentiae,
1080 645 1301 717 componiturta·

739 715 1301 790 entumpraeponderansculpae.Etsrien·

728 789 808 856 dum,
835 788 989 845 secuudum
1016 790 1223 857 Hieronymum,
1248 790 1300 862 qma

727 858 860 916 similiter
874 858 1058 916 circumvenit
1076 859 1199 916 Satanas
1213 860 1299 933 persi·

728 930 814 988 miam
841 931 986 998 duritiam,
1002 933 1033 987 ut
1059 934 1225 1002 peccatores
1245 947 1297 1015 per-

726 1007 794 1059 eant
807 1002 994 1074 desperando,
1006 1016 1063 1072 quo
1086 1001 1172 1058 modo
1187 1001 1217 1059 iu
1226 1003 1301 1062 mnia

726 1073 894 1131 remissione
921 1070 1101 1143 corrigendo.
1132 1073 1212 1130 Unde
1233 1074 1300 1133 Salo·

725 1161 793 1202 mon
808 1163 815 1201 :
831 1148 872 1205 Ne
885 1145 1003 1201 declines
1018 1144 1056 1199 ad
1065 1144 1218 1211 decimam,
1227 1161 1305 1218 omne

725 1217 762 1272 od
778 1219 932 1272 sinistram.

762 1293 794 1344 16
810 1289 907 1345 Cunna
921 1304 1051 1344 casuras
1065 1302 1307 1343 cossmrnarrre·

724 1376 868 1415 nrrsnrnur
897 1375 1016 1414 sxcrrar.
1043 1388 1079 1401 -
1100 1360 1136 1415 Ut
1156 1363 1247 1415 autem
1264 1355 1313 1413 ed

723 1431 863 1512 agendam
876 1428 1074 1502 penitentiam
1087 1443 1241 1500 congruam
1249 1442 1315 1485 ma·

723 1518 768 1573 gis
793 1501 969 1570 accendaris,
989 1499 1141 1557 considera
1171 1500 1195 1557 si
1223 1510 1312 1557 anun
1394 1566 1395 1580 χ

723 1579 869 1644 peccatum
884 1573 952 1629 ltdae
965 1575 1024 1628 tam
1039 1570 1168 1628 districte
1181 1570 1307 1644 punitun
1394 1629 1395 1632 ,

723 1650 776 1713 est,
802 1649 832 1701 ut
853 1641 1023 1725 nonagentis
1037 1641 1121 1699 annis
1139 1648 1168 1699 et
1190 1639 1312 1714 amplias
1393 1639 1395 1706 !

723 1716 788 1772 vitae
801 1716 886 1787 hujus
900 1712 1045 1771 miseriam
1058 1713 1179 1784 lugeret,
1190 1717 1219 1772 et
1227 1714 1309 1769 inea·

722 1792 868 1857 gmentum
887 1784 1010 1843 miseriae
1024 1784 1123 1841 multis
1138 1782 1264 1842 subsidiis
1273 1782 1305 1837 et

722 1857 832 1914 solatiis
855 1855 1096 1925 mechanicorum,
1115 1855 1219 1983 (imbus
1236 1862 1308 1912 nuuc

723 1928 1112 1998 utimur,carerot,aepostea
1132 1931 1305 2000 aequatur

723 1999 847 2056 millibus
873 2013 1014 2056 annorum
1045 1997 1151 2054 inferni
1180 1998 1303 2056 maome

722 2073 877 2128 sustineret
890 2089 897 2140 ;
918 2069 1040 2143 qualiter
1054 2069 1211 2140 punientur
1223 2074 1306 2127 ιηιιι·

722 2142 883 2214 gressiones
908 2148 1013 2199 nostrae
1038 2144 1096 2197 tam
1122 2142 1231 2210 multa,
1252 2144 1306 2211 tam

723 2230 859 2282 magnae,
879 2229 943 2270 cum
969 2227 1109 2285 supernus
1136 2213 1239 2280 ludex,
1265 2215 1309 2267 eut
1393 2271 1395 2293 χ

722 2284 859 2342 reddituri
870 2300 968 2342 sumus
979 2284 1015 2341 de
1027 2281 1148 2354 siugulis
1160 2283 1313 2356 ratiouessts

723 2361 752 2412 et
766 2355 975 2413 multitudinem
989 2362 1131 2422 numeret,
1151 2358 1180 2411 et
1197 2361 1315 2429 magau·

721 2426 850 2483 tudinem
894 2427 1025 2495 onderet,
1047 2430 1075 2483 et
1094 2424 1323 2483 diuturnitatem

722 2443 932 2579 mensuretflit
944 2498 1008 2555 ideo
1024 2496 1271 2579 mullislacrymis
1290 2484 1329 2543 0²

721 2568 909 2640 orationibus,
941 2569 1095 2642 multisque
1121 2568 1244 2641 jejuniis
1269 2552 1335 2625 οὗ

721 2656 803 2712 opus,
819 2644 849 2697 ut
863 2647 979 2713 peccata
995 2647 1103 2715 nostra,
1118 2640 1225 2712 quibus
1236 2631 1341 2698 mots

721 2716 830 2768 aeterna
843 2713 1010 2780 debebatur,
1031 2710 1228 2769 satisfactione
1247 2708 1346 2770 0011*

721 2783 808 2854 digna
829 2783 984 2840 deleamus.
1003 2782 1160 2841 Considera
1178 2782 1269 2840 etiam
1342 2826 1348 2837 .

721 2854 836 2910 attende
851 2853 919 2925 quid
932 2870 983 2926 per
994 2858 1140 2925 peccatum
1150 2852 1320 2926 perdidist
1337 2843 1361 2893 ³2

742 2924 790 2981 uid
808 2924 963 2994 incurristi,
978 2925 1041 2998 quis
1057 2925 1094 2982 sit
1111 2939 1199 2996 quem
1219 2919 1366 2983 otteffl?

720 2941 797 3053 disti.
815 2995 967 3053 Perdidisti
982 2996 1136 3053 amicitiam
1151 2994 1244 3053 totius
1257 2981 1380 3085 Tr),

720 3066 828 3136 nitatis,
847 3068 1033 3139 Angelorum,
1052 3067 1269 3141 Apostolorum,
1287 3051 1384 3142 β»,

720 3138 848 3196 omnium
875 3140 1058 3197 Sanctorum·
1088 3140 1227 3197 decorem
1257 3119 1384 3197 W·

720 3226 794 3278 mae3
827 3210 964 3293 sutfragia
990 3180 1134 3268 Ecclesia.
1164 3178 1388 3293 lncurcisss

719 3280 836 3353 laqueos
849 3281 1031 3353 fortissimos,
1044 3284 1139 3338 hostes
1148 3261 1389 3339 crudeliora

719 3367 803 3434 mos,
818 3356 923 3435 statum
948 3352 1149 3435 periculosum,
1173 3328 1391 3441 horribild

718 3424 1066 3496 praecipitium,detectum
1077 3428 1189 3506 gratim,
1198 3426 1230 3480 et
1239 3414 1391 3483 mors

719 3497 777 3551 tem
796 3493 911 3577 animae.
938 3495 1088 3553 Offendistr
1115 3509 1194 3565 eum,
1215 3494 1270 3578 qui
1287 3471 1391 3553 ιβ

720 3570 836 3637 creant,
864 3582 916 3639 pro
945 3571 974 3624 te
1010 3571 1132 3624 mortem
1162 3570 1387 3637 sustinmtae

719 3636 808 3693 multa
835 3637 973 3695 beneficia
999 3637 1129 3705 contulit,
1148 3641 1179 3694 et
1201 3626 1384 3695 retem!

74 3698 270 3757 ciatmeritum
282 3705 426 3761 Passionis
435 3706 604 3779 Cbristi,qui
615 3723 666 3779 per
720 3707 839 3781 praemia
860 3709 1043 3781 repromittit.
1072 3708 1100 3767 Si
1127 3696 1382 3780 haecjugite(

78 3786 160 3828 suam
172 3771 346 3842 Passionem,
357 3791 414 3831 non
425 3777 516 3833 solum
527 3779 665 3836 mundum

78 3842 211 3912 redemit,
239 3845 288 3900 sed
314 3846 399 3902 etiam
426 3864 508 3905 suum
533 3848 665 3906 meritum
719 3851 757 3906 tis
772 3852 866 3908 fleres.
891 3853 926 3907 Et
945 3850 1013 3922 quia
1039 3851 1069 3908 in
1093 3867 1140 3907 mo

77 3917 345 4041 ggspeccatorilms
362 3916 507 3974 satisfecit.
524 3921 664 3989 Secundo,

719 3779 870 3851 cogitares,
882 3779 979 3853 ulique
987 3780 1100 3837 doleres
1109 3784 1203 3906 et‘pro
1212 3790 1359 3860 pecca5

720 3922 929 3994 poenitentiam,
943 3937 1009 3980 raro
1032 3848 1333 3995 poeniteu(t)esm{led¹cdti1

159 3985 274 4058 acitpro
285 3994 432 4058 peccatore
441 3989 573 4047 meritum
582 3991 666 4048 totius
720 3998 797 4063 sunt,
812 4010 871 4050 uon
885 4009 984 4051 omnes
998 3991 1197 4067 poenitentiam
1209 4004 1315 4049 veram

75 4056 386 4118 Ecclesiae:dicitenim
394 4061 666 4136 Anaustiausquod
720 4069 818 4139 agunt.
844 4066 926 4140 Nam,
956 4066 1113 4125 secundum
1131 4064 1313 4123 ambrum
