2790 4912
122 320 164 374 b}
190 319 378 374 ntrlvlrlrs
405 320 444 372 ΕΤ
471 313 734 370 electissimus
761 317 897 372 tollius
926 317 1107 374 hlrrlsrht.
1204 327 1236 382 49

57 425 68 482 l
86 425 185 483 omnis
197 423 358 482 benedictio
372 423 521 482 desursum
536 426 589 480 est.
644 427 727 481 utero
748 439 756 479 τ
781 427 866 496 prout
889 424 982 482 luerat
1003 425 1176 497 promissum
1198 431 1235 490 ab

57 499 110 554 Sex
123 515 167 553 nic
178 512 441 553 uonmrrnnaxonrs
450 512 589 552 mrraunx.
645 493 764 566 Angeia.
779 499 816 552 Et
828 498 934 564 foetum
948 502 998 562 est,
1014 504 1045 554 ut
1062 501 1174 558 audiuit
1188 518 1235 560 aa·

57 571 116 626 lota
131 569 288 637 moraliter,
303 568 379 640 quod
395 584 443 624 sex
457 566 591 623 dicuntur
646 567 808 623 tutationem
817 570 1073 630 hloriaeEh'soheth.
1083 575 1236 631 ensultoua't

70 641 107 697 de
128 642 212 697 beata
231 639 323 697 llaria
338 638 464 710 Virgine,
480 653 544 710 quae
563 642 592 695 et
643 640 742 707 insons
754 639 1174 709 inutooejusrsenliensenim
1183 647 1237 703 Do·

59 712 216 768 imitatione
228 715 301 780 ejus,
311 710 397 767 etiarn
407 710 545 766 debemus
552 708 593 766 la·
645 709 715 767 mini
728 709 921 783 praesentiam,
930 726 989 782 prae
1003 713 1117 784 saudio,
1128 714 1158 771 in
1176 733 1236 775 rna-

57 801 74 840 e.
90 783 196 850 Primo,
212 783 290 854 quod
306 781 476 849 exsurrexit;
491 796 590 852 surga-
644 782 698 838 tris
711 787 803 850 utero,
817 782 984 840 exsultando
1002 790 1030 840 et
1044 785 1175 844 saltando
1188 788 1239 845 tri·

57 872 66 911 s
89 861 117 911 et
136 872 188 911 nos
214 871 231 910 a
254 861 370 925 torpore
389 852 507 921 acediae,
529 858 591 934 et'a
645 851 783 979 pudiavit,
796 869 829 910 ac
844 855 984 926 quosdam
999 862 1096 927 gestus
1110 857 1147 914 ad
1160 857 1239 917 sirni-

57 926 150 982 ideriis
163 925 283 982 terrenis
299 942 352 982 nos
366 925 543 996 elongemus‚
560 940 591 980 rn
656 924 795 982 rtudrnem
819 925 986 982 exsultantis
1009 930 1236 1000 repraesentavit,

57 1000 105 1054 bus
129 998 266 1053 morando
287 996 455 1052 dormimus.
483 1027 518 1036 -
538 996 591 1052 Se·
644 1000 673 1051 et
692 1011 776 1067 quem
802 995 900 1067 lingua
919 1003 947 1053 el
966 1014 1035 1054 voce
1055 1017 1112 1056 non
1132 1002 1234 1073 potuit,

57 1069 220 1136 ido,abiitin
235 1074 389 1125 montana:
403 1067 591 1124 ascendamus
644 1066 740 1123 animo
756 1068 912 1125 exsultante
923 1075 951 1125 el
963 1072 1049 1126 etiarn
1066 1078 1143 1129 motu
1160 1074 1236 1131 salu-

60 1158 108 1196 nos
126 1141 153 1196 in
174 1146 321 1207 montana,
343 1139 487 1196 tendendo
508 1138 537 1195 in
553 1137 592 1194 al·
644 1137 724 1195 tavit.
748 1140 914 1196 Merebatur
932 1139 961 1197 in
982 1148 1073 1210 utero,
1090 1144 1170 1215 quasi
1185 1161 1235 1219 ge·

57 1228 107 1268 rem
120 1212 214 1278 vitam,
231 1219 260 1268 et
275 1211 435 1283 appetendo
449 1209 589 1279 coelestia,
644 1209 733 1266 stiens
750 1210 884 1279 salutare,
899 1214 928 1268 et
942 1213 1061 1270 Domino
1077 1231 1128 1271 suo
1146 1232 1240 1275 assur·

57 1284 298 1365 appropinquando
318 1283 354 1339 ad
374 1299 417 1338 ea.
434 1313 469 1322 -
483 1280 589 1349 Tertia,
643 1297 723 1352 gere,
739 1297 772 1336 ac
787 1281 867 1352 quasi
882 1282 979 1352 egredi
1000 1285 1083 1341 vellet
1103 1303 1135 1343 ex
1155 1293 1236 1347 utero

57 1356 144 1411 ¹tmesil
176 1375 181 1412 :
213 1355 380 1410 festinemus
414 1358 442 1410 el
471 1371 523 1410 nos
554 1353 591 1411 ad
644 1358 673 1409 et
691 1352 718 1408 ei
733 1367 892 1408 occurrere.
908 1355 941 1408 Et
958 1359 1024 1410 tunc
1039 1357 1142 1428 primo,
1161 1360 1237 1416 Prae-

57 1443 88 1482 na
99 1443 179 1498 opera
197 1426 394 1494 accelerando,
411 1433 439 1481 et
453 1424 590 1497 quidquid
644 1439 790 1505 cursorem
810 1440 892 1479 suurn
911 1426 992 1480 lesus
1012 1430 1181 1498 proplietam
1191 1431 1236 1487 'le-

57 1497 473 1568 ssumusinstantcroperando.
483 1520 497 1546 «
509 1496 590 1565 Quia,
645 1496 755 1566 cit,qu1
772 1511 800 1549 rn
815 1499 895 1550 utero
908 1495 1035 1564 exiliens,
1054 1499 1116 1568 ejus
1131 1500 1238 1557 adven·

68 1569 124 1625 dicit
148 1573 365 1639 chrysostomus,
391 1568 459 1624 nibil
485 1567 524 1623 ila
548 1574 592 1623 est
646 1573 705 1622 turn
733 1565 954 1647 evangelizavit,
975 1572 1003 1623 el
1034 1570 1238 1640 praecursionis

58 1640 177 1697 odiitam
193 1646 322 1696 nostram
342 1640 435 1695 valeat
452 1644 591 1707 evertere,
646 1655 704 1694 suae
724 1638 850 1719 officium
874 1637 1028 1707 inchoavit,
1047 1641 1128 1712 quasi
1150 1642 1236 1700 etiam

63 1728 166 1784 operum
183 1712 327 1769 actionem
346 1713 487 1767 bonorum
508 1709 592 1766 dissi·
646 1708 722 1765 intra
741 1716 841 1764 matris
861 1709 971 1766 viscera
987 1712 1048 1783 jam
1073 1713 1237 1771 clamaret:

57 1783 124 1851 xlare,
149 1800 319 1856 semperque
351 1782 486 1849 dillerre;
518 1797 593 1852 saepe
647 1784 715 1837 Ecce
736 1781 835 1849 hqnus
854 1783 913 1843 Dei,
932 1798 990 1837 eece
1009 1788 1057 1853 qui
1081 1787 1156 1842 toltit
1173 1803 1238 1858 pec·

57 1853 88 1910 im
102 1855 174 1912 istud
197 1855 329 1911 omnibus
351 1870 404 1910 nos
422 1853 503 1909 bonis
528 1853 594 1909 lecit
647 1857 712 1908 cetu
739 1853 847 1906 muudi.
882 1853 962 1909 Unde
993 1855 1202 1925 chrysostomus
1230 1879 1238 1914 :

57 1925 142 1983 sidere.
158 1948 172 1976 r
189 1927 269 1982 Unde
287 1925 356 1980 dixit
372 1925 499 1995 qnidam,
518 1924 594 1995 qnod
650 1946 664 1975 α
684 1922 812 1979 Christus
833 1922 896 1978 ideo
917 1924 982 1980 lecit
1002 1927 1120 1984 blaciam
1135 1929 1242 1986 saluta·

57 2013 112 2053 num
134 2014 205 2068 opus
225 2012 379 2067 numquam
403 1995 594 2051 dillerendum
648 2010 680 2049 re
696 1993 850 2061 Elisabeth,
871 2001 902 2051 ut
917 2012 1011 2053 sermo
1028 1999 1187 2069 procedens
1207 2017 1240 2057 ex

59 2111 65 2135 ,
89 2084 123 2125 ne
152 2069 225 2124 lorte
243 2069 338 2139 aliquo
363 2084 430 2124 casu
460 2082 593 2138 superse·
648 2071 731 2121 utero
762 2065 884 2136 matris,
905 2066 954 2124 ubi
974 2069 1123 2127 habitabat
1143 2071 1240 2129 Domi·

57 2147 111 2207 nte,
126 2139 311 2212 impediatur;
333 2139 439 2193 malurn
458 2153 525 2193 roro
545 2153 593 2193 ur·
649 2152 715 2205 nus,
734 2141 763 2193 et
788 2153 840 2208 per
861 2155 945 2195 aures
965 2140 1109 2198 Elisabeth
1128 2143 1240 2215 ingres-

57 2229 77 2267 ls
89 2227 201 2283 semper
219 2209 328 2266 dilierri
355 2209 450 2274 debet,
471 2208 494 2264 si
522 2208 594 2264 lorte
649 2223 708 2276 sm,
726 2208 912 2266 descenderet
925 2212 1124 2282 adhoannem,
1142 2221 1169 2271 et
1183 2215 1241 2272 illic

57 2282 106 2355 quis
124 2299 207 2339 casus
223 2279 428 2353 superveniens
447 2278 592 2350 impediat.
650 2294 716 2335 eum
741 2285 861 2352 ungeret
886 2281 915 2337 in
941 2286 1120 2355 prophetam.
1138 2307 1152 2338 »
1168 2288 1241 2342 Nam

57 2355 171 2422 Quarto,
187 2353 265 2410 venit
290 2352 318 2408 in
346 2351 488 2407 civitatem
503 2351 592 2407 luda:
649 2349 745 2406 statim
758 2357 791 2406 ut
805 2368 856 2407 vox
868 2353 1047 2410 salutationis
1057 2357 1190 2413 convenit
1204 2358 1240 2414 ad

57 2425 199 2484 radiemur
216 2434 244 2481 et
263 2440 315 2480 nos
332 2422 361 2479 in
382 2422 525 2478 civitatem
547 2425 594 2479 Ju-
649 2437 734 2478 aures
753 2423 826 2498 ejus,
842 2425 985 2480 exsultans
1002 2442 1071 2496 puer
1090 2429 1243 2500 propbeta-

73 2497 177 2564 idest,
201 2493 389 2552 confessionis
402 2498 430 2550 et
444 2493 536 2549 laudis
551 2493 593 2549 di·
649 2492 699 2559 rit,
716 2509 773 2548 non
794 2509 871 2559 voce,
889 2495 937 2549 secl
960 2503 1048 2550 motu.
1066 2496 1143 2553 Unde
1166 2498 1242 2556 idem

57 2586 86 2636 e.
115 2568 225 2625 scilicet
252 2567 281 2623 in
304 2565 464 2630 eeclesiam,
482 2565 518 2620 ad
533 2565 594 2621 lau·
651 2565 880 2632 chrysostomus:
897 2586 911 2643 g<
925 2565 1098 2634 Dic,inlans‚
1110 2567 1167 2634 dic,
1178 2583 1244 2638 pro-

59 2641 141 2709 dnm,
159 2645 188 2696 et
216 2638 432 2709 obsequendum
450 2635 500 2705 ibi,
519 2642 547 2693 ct
566 2637 594 2692 in
623 2636 627 2642 ’
648 2635 801 2706 phetarum
827 2649 955 2690 omnium
978 2635 1113 2705 maxime,
1132 2639 1179 2709 qui
1198 2640 1242 2696 di-

57 2717 146 2770 latem
175 2709 425 2782 contemplativam
450 2709 595 2772 coelestem
649 2722 705 2833 §ne
721 2703 795 2761 satis.
809 2704 873 2776 plus
888 2722 971 2777 quam
994 2709 1134 2779 propbeta
1160 2727 1245 2769 voca·

57 2784 173 2851 malem,
202 2783 237 2839 ad
262 2781 458 2838 confitendum
484 2779 595 2836 nomini
669 2775 736 2844 eris,
765 2776 840 2832 unde
876 2776 926 2834 tibi
969 2779 1029 2835 hoec
1066 2781 1245 2842 exsultatio?

57 2855 117 2913 nini
132 2873 139 2910 :
156 2855 245 2912 ludas
269 2853 346 2910 enim
361 2856 490 2922 confitens
505 2851 594 2908 inler-
650 2848 779 2931 Nondum
799 2853 882 2906 natus
899 2866 939 2918 es,
957 2851 1056 2923 etjam
1076 2856 1243 2927 prophetas.

57 2932 145 2986 latur.
171 2957 206 2966 -
228 2923 479 2993 Quinto,intrarit
498 2922 526 2978 in
544 2923 595 2978 do·
649 2922 761 3002 Domini
789 2920 943 2978 adventum
976 2925 1119 2995 agnoscis,
1146 2944 1243 3000 quem,

57 3016 83 3057 m
101 2997 246 3054 Zachariae
263 3015 269 3052 :
286 2996 425 3052 intremus
441 3002 469 3050 ot
494 3011 546 3049 nos
565 2993 596 3048 in
650 3007 716 3062 quia
735 3007 802 3048 voce
822 2993 947 3049 salutare
966 3011 1023 3050 non
1042 3005 1132 3067 potes,
1149 3001 1242 3057 exsul·

57 3086 123 3128 num
139 3068 293 3135 Zacharia,
309 3083 365 3122 non
380 3070 530 3135 sequentes
548 3080 595 3120 co·
649 3063 736 3144 tando
754 3062 816 3134 agis
841 3064 916 3147 quod
937 3071 1026 3136 poles.
1046 3069 1136 3136 Quam
1157 3071 1241 3128 laetus

57 3141 159 3199 itiones
173 3155 273 3206 ranas,
284 3138 333 3195 sed
348 3154 393 3193 ma
415 3137 438 3192 is
454 3151 596 3192 memores
649 3150 675 3190 er
695 3137 972 3208 occurreres,srjam
986 3144 1146 3197 natussum
1165 3142 1242 3200 vide-

57 3212 207 3271 ndatorum
233 3207 345 3267 Domini
369 3153 413 3266 arf
434 3207 595 3264 laciendum
649 3206 800 3288 reS,·quus
815 3207 1061 3289 agnitoadventu,
1075 3213 1241 3272 exsultando

62 3302 71 3341 ε
97 3281 250 3340 Zacharias
276 3280 354 3338 enim
376 3295 529 3336 memorans
545 3282 596 3334 Do
649 3277 762 3333 obviam
777 3294 818 3334 ire
833 3280 963 3334 conarrsl
981 3301 995 3328 >x
1015 3280 1120 3337 Deinde
1135 3287 1241 3354 repleto

57 3355 305 3425 tiinterpretatur.
322 3385 356 3394 -
381 3353 477 3419 Sexto,
494 3350 596 3407 saluta·
649 3353 690 3404 est
706 3347 791 3405 etiam
805 3350 867 3421 eius
879 3351 1119 3406 matcrElisohrth
1129 3354 1241 3433 Spiritu

57 3427 223 3484 Elisabeth:
236 3424 392 3481 salutemus
405 3427 433 3478 et
443 3438 495 3479 nos
507 3420 594 3478 Elisa·
649 3421 761 3484 Sancto,
771 3435 823 3490 per
832 3419 923 3476 lilium
938 3424 965 3475 et
976 3420 1087 3477 meritis
1103 3421 1163 3479 lilii.
1178 3427 1241 3483 Non

57 3500 85 3568 b,
99 3501 247 3554 creaturas
259 3494 440 3563 fastidiendo,
455 3493 521 3549 etin
534 3493 595 3549 solo
649 3488 728 3561 prius
743 3490 852 3571 repleta
867 3497 909 3546 est
925 3497 1025 3560 mater,
1047 3509 1132 3566 quam
1152 3496 1240 3569 iilius,

57 3587 64 3626 t
83 3568 264 3627 saturitatem
282 3566 371 3624 nostri
387 3563 521 3622 desiderii
537 3568 594 3620 sta·
651 3562 702 3618 sed
716 3561 792 3643 sibus¹
809 3562 933 3643 repletus
952 3566 1043 3636 replet
1065 3571 1094 3623 et
1109 3574 1242 3628 matrem.

57 3640 125 3710 ndo,
140 3640 188 3712 qui
206 3640 283 3695 solus
302 3641 393 3710 replet
408 3638 436 3692 in
449 3635 531 3693 bonis
546 3636 595 3691 de·
651 3635 689 3689 Er
710 3632 895 3714 'plenitudine
926 3634 1002 3692 enim
1033 3639 1157 3712 gratia,
1185 3659 1242 3714 qua

57 3710 144 3771 arium
158 3716 289 3768 nostrum
310 3733 316 3767 :
345 3709 487 3766 Elisabeth
508 3706 595 3774 enim,
651 3707 779 3762 Christus
788 3720 818 3760 se
829 3713 976 3777 receperat
991 3708 1018 3763 in
1031 3712 1129 3783 llaria,
1140 3714 1243 3772 elludit

74 3784 130 3839 mei
156 3786 293 3838 saturitas
321 3781 535 3852 interpretatur.
563 3780 597 3834 El
651 3792 703 3848 per
734 3775 935 3859 salutationem
964 3779 1090 3853 Virginis
1119 3786 1243 3857 gratiam

57 3869 125 3928 upep
138 3853 260 3926 gratiam
270 3858 431 3926 perceptam
442 3848 597 3906 communi·
651 3848 886 3929 sanctificationis
902 3849 930 3905 in
946 3852 1099 3924 loannem,
1116 3874 1179 3929 qnae
1200 3859 1242 3916 ul·

57 3941 105 3983 xus
136 3924 289 3998 proximo,
315 3924 387 3981 sicut
414 3920 503 3979 biania
531 3920 598 3977 lecit
650 3924 739 3976 terius
758 3920 938 3978 redundabat
959 3921 988 3979 in
1008 3934 1140 3984 matrem.
1163 3930 1243 3986 Unde

57 3998 153 4055 sabeth
172 4002 201 4053 el
214 4011 313 4068 puero.
650 3988 796 4047 exsultans
807 3996 909 4049 aetola
919 3994 1123 4067 exhilarata,et
1135 4001 1244 4072 Spiritu

71 4070 196 4127 Joxnu'es
215 4084 349 4124 nermrus
368 4068 476 4124 Srrnrru
492 4065 596 4122 Saucro
652 4063 757 4143 Sancto
768 4077 899 4133 accensa,
910 4066 1089 4137 amplexatur
1103 4070 1147 4126 vir
1167 4073 1245 4129 inem

57 4157 145 4198 ormo
173 4156 428 4196 xxrnxsersnnrsr.
447 4168 483 4179 -
507 4136 596 4204 Quam
650 4139 817 4204 tenerrime,
840 4139 886 4216 et·
912 4152 951 4192 rae
970 4139 1078 4209 gaudio
1101 4087 1241 4200 eiciamus

57 4232 62 4266 x
76 4217 175 4269 autern
189 4211 276 4283 Virgo
292 4210 423 4267 salutavit
439 4208 595 4279 Elisabeth,
651 4220 756 4334 mafina
767 4221 846 4263 voce.
858 4152 945 4263 mlius
958 4208 1037 4266 inlus
1050 4211 1144 4268 latens
1160 4213 1246 4270 docet

58 4283 133 4343 letus
144 4287 189 4340 est
202 4284 327 4340 loannes
336 4281 441 4354 Spiritu
454 4283 558 4338 Sancto
566 4277 596 4335 in
650 4276 698 4350 qui
742 4283 835 4336 mater
858 4276 982 4335 exterius
1007 4295 1095 4352 agere
1121 4282 1241 4354 debeat;

86 4371 160 4447 birra
174 4372 242 4426 husu
258 4373 377 4435 moran,
394 4381 480 4421 renus
496 4366 519 4419 1.
1134 4369 1150 4421 q

937 4558 1250 4608 *Ln-
