<?xml version="1.0" encoding="UTF-8"?>
<!DOCTYPE html PUBLIC "-//W3C//DTD XHTML 1.0 Transitional//EN"
    "http://www.w3.org/TR/xhtml1/DTD/xhtml1-transitional.dtd">
<html xmlns="http://www.w3.org/1999/xhtml" xml:lang="en" lang="en">
 <head>
  <title>
</title>
<meta http-equiv="Content-Type" content="text/html;charset=utf-8" />
  <meta name='ocr-system' content='tesseract 3.04.00' />
  <meta name='ocr-capabilities' content='ocr_page ocr_carea ocr_par ocr_line ocrx_word'/>
</head>
<body>
  <div class='ocr_page' id='page_1' title='image "./vitajesuchristi02ludogoog_0085.png"; bbox 0 0 2790 4912; ppageno 0'>
   <div class='ocr_carea' id='block_1_1' title="bbox 109 312 957 374">
    <p class='ocr_par' dir='ltr' id='par_1_1' title="bbox 109 312 957 374">
     <span class='ocr_line' id='line_1_1' title="bbox 109 312 957 374; baseline 0.001 -10"><span class='ocrx_word' id='word_1_1' title='bbox 109 319 142 374; x_wconf 66' lang='grc' dir='ltr'><strong>ῃ</strong></span> <span class='ocrx_word' id='word_1_2' title='bbox 504 313 614 366; x_wconf 81' lang='lat' dir='ltr'>Pillllrli</span> <span class='ocrx_word' id='word_1_3' title='bbox 641 313 762 368; x_wconf 75' lang='lat' dir='ltr'>rantis</span> <span class='ocrx_word' id='word_1_4' title='bbox 788 313 891 367; x_wconf 70' lang='lat' dir='ltr'>CAPUT</span> <span class='ocrx_word' id='word_1_5' title='bbox 920 312 957 366; x_wconf 84' lang='lat' dir='ltr'>1x</span> 
     </span>
    </p>
   </div>
   <div class='ocr_carea' id='block_1_2' title="bbox 111 414 1366 4329">
    <p class='ocr_par' dir='ltr' id='par_1_2' title="bbox 111 414 1366 4329">
     <span class='ocr_line' id='line_1_2' title="bbox 113 414 1346 494; baseline -0.008 -13"><span class='ocrx_word' id='word_1_6' title='bbox 113 422 235 482; x_wconf 76' lang='lat' dir='ltr'>edificia</span> <span class='ocrx_word' id='word_1_7' title='bbox 259 420 438 494; x_wconf 80' lang='lat' dir='ltr'>reprobaret,</span> <span class='ocrx_word' id='word_1_8' title='bbox 465 423 494 475; x_wconf 91' lang='lat' dir='ltr'>et</span> <span class='ocrx_word' id='word_1_9' title='bbox 516 423 546 474; x_wconf 91' lang='lat' dir='ltr'>ut</span> <span class='ocrx_word' id='word_1_10' title='bbox 571 435 625 474; x_wconf 89' lang='lat' dir='ltr'>nas</span> <span class='ocrx_word' id='word_1_11' title='bbox 650 435 703 491; x_wconf 91' lang='lat' dir='ltr'>per</span> <span class='ocrx_word' id='word_1_12' title='bbox 755 419 829 478; x_wconf 93' lang='lat' dir='ltr'>etin</span> <span class='ocrx_word' id='word_1_13' title='bbox 843 416 984 491; x_wconf 78' lang='lat' dir='ltr'>praesepio</span> <span class='ocrx_word' id='word_1_14' title='bbox 999 415 1166 486; x_wconf 85' lang='lat' dir='ltr'>reclinatur,</span> <span class='ocrx_word' id='word_1_15' title='bbox 1181 414 1300 487; x_wconf 87' lang='lat' dir='ltr'>quando</span> <span class='ocrx_word' id='word_1_16' title='bbox 1315 431 1346 471; x_wconf 87' lang='lat' dir='ltr'>er</span> 
     </span>
     <span class='ocr_line' id='line_1_3' title="bbox 114 485 1349 617; baseline -0.009 -64"><span class='ocrx_word' id='word_1_17' title='bbox 114 494 238 553; x_wconf 87' lang='lat' dir='ltr'>coelestis</span> <span class='ocrx_word' id='word_1_18' title='bbox 266 491 346 563; x_wconf 89' lang='lat' dir='ltr'>regni</span> <span class='ocrx_word' id='word_1_19' title='bbox 366 490 478 617; x_wconf 52' lang='lat' dir='ltr'>(gaudia</span> <span class='ocrx_word' id='word_1_20' title='bbox 504 489 647 572; x_wconf 77' lang='lat' dir='ltr'>dilataret,</span> <span class='ocrx_word' id='word_1_21' title='bbox 675 495 704 547; x_wconf 92' lang='lat' dir='ltr'>et</span> <span class='ocrx_word' id='word_1_22' title='bbox 757 493 833 549; x_wconf 92' lang='lat' dir='ltr'>bono</span> <span class='ocrx_word' id='word_1_23' title='bbox 853 504 940 572; x_wconf 88' lang='lat' dir='ltr'>opere</span> <span class='ocrx_word' id='word_1_24' title='bbox 958 504 1016 544; x_wconf 93' lang='lat' dir='ltr'>non</span> <span class='ocrx_word' id='word_1_25' title='bbox 1037 486 1243 569; x_wconf 31' lang='lat' dir='ltr'>elevatum-sed</span> <span class='ocrx_word' id='word_1_26' title='bbox 1259 485 1349 568; x_wconf 78' lang='lat' dir='ltr'>magis</span> 
     </span>
     <span class='ocr_line' id='line_1_4' title="bbox 113 559 1345 634; baseline -0.008 -10"><span class='ocrx_word' id='word_1_27' title='bbox 113 583 168 624; x_wconf 93' lang='lat' dir='ltr'>nos</span> <span class='ocrx_word' id='word_1_28' title='bbox 192 567 286 622; x_wconf 90' lang='lat' dir='ltr'>locum</span> <span class='ocrx_word' id='word_1_29' title='bbox 316 578 365 619; x_wconf 91' lang='lat' dir='ltr'>cor</span> <span class='ocrx_word' id='word_1_30' title='bbox 386 578 410 618; x_wconf 87' lang='lat' dir='ltr'>rs</span> <span class='ocrx_word' id='word_1_31' title='bbox 439 566 529 617; x_wconf 85' lang='lat' dir='ltr'>nostri</span> <span class='ocrx_word' id='word_1_32' title='bbox 558 562 611 618; x_wconf 83' lang='lat' dir='ltr'>sibi</span> <span class='ocrx_word' id='word_1_33' title='bbox 635 577 702 634; x_wconf 93' lang='lat' dir='ltr'>pro·</span> <span class='ocrx_word' id='word_1_34' title='bbox 757 578 789 620; x_wconf 92' lang='lat' dir='ltr'>se</span> <span class='ocrx_word' id='word_1_35' title='bbox 803 560 945 619; x_wconf 82' lang='lat' dir='ltr'>humiliat.</span> <span class='ocrx_word' id='word_1_36' title='bbox 961 561 1130 616; x_wconf 87' lang='lat' dir='ltr'>Nascentem</span> <span class='ocrx_word' id='word_1_37' title='bbox 1144 564 1233 615; x_wconf 80' lang='lat' dir='ltr'>etiam</span> <span class='ocrx_word' id='word_1_38' title='bbox 1254 559 1345 615; x_wconf 80' lang='lat' dir='ltr'>Domi·</span> 
     </span>
     <span class='ocr_line' id='line_1_5' title="bbox 112 629 1350 713; baseline -0.007 -19"><span class='ocrx_word' id='word_1_39' title='bbox 112 637 208 710; x_wconf 86' lang='lat' dir='ltr'>prium</span> <span class='ocrx_word' id='word_1_40' title='bbox 222 634 419 702; x_wconf 80' lang='lat' dir='ltr'>dilataremus,</span> <span class='ocrx_word' id='word_1_41' title='bbox 431 633 513 704; x_wconf 85' lang='lat' dir='ltr'>juxta</span> <span class='ocrx_word' id='word_1_42' title='bbox 532 631 620 688; x_wconf 92' lang='lat' dir='ltr'>illud:</span> <span class='ocrx_word' id='word_1_43' title='bbox 636 635 702 696; x_wconf 81' lang='lat' dir='ltr'>Fili,</span> <span class='ocrx_word' id='word_1_44' title='bbox 758 650 826 691; x_wconf 94' lang='lat' dir='ltr'>num</span> <span class='ocrx_word' id='word_1_45' title='bbox 848 630 948 713; x_wconf 85' lang='lat' dir='ltr'>Angeli</span> <span class='ocrx_word' id='word_1_46' title='bbox 971 629 1234 698; x_wconf 90' lang='lat' dir='ltr'>circumdederunt,</span> <span class='ocrx_word' id='word_1_47' title='bbox 1255 635 1285 686; x_wconf 91' lang='lat' dir='ltr'>et</span> <span class='ocrx_word' id='word_1_48' title='bbox 1302 644 1350 685; x_wconf 85' lang='lat' dir='ltr'>na·</span> 
     </span>
     <span class='ocr_line' id='line_1_6' title="bbox 111 702 1156 781; baseline -0.008 -17"><span class='ocrx_word' id='word_1_49' title='bbox 111 708 204 781; x_wconf 78' lang='lat' dir='ltr'>prebe</span> <span class='ocrx_word' id='word_1_50' title='bbox 233 722 279 763; x_wconf 89' lang='lat' dir='ltr'>eor</span> <span class='ocrx_word' id='word_1_51' title='bbox 307 710 384 761; x_wconf 87' lang='lat' dir='ltr'>tuum</span> <span class='ocrx_word' id='word_1_52' title='bbox 408 706 488 760; x_wconf 85' lang='lat' dir='ltr'>miii.</span> <span class='ocrx_word' id='word_1_53' title='bbox 508 706 540 760; x_wconf 91' lang='lat' dir='ltr'>ln</span> <span class='ocrx_word' id='word_1_54' title='bbox 564 703 704 777; x_wconf 88' lang='lat' dir='ltr'>praesepio</span> <span class='ocrx_word' id='word_1_55' title='bbox 759 710 820 762; x_wconf 93' lang='lat' dir='ltr'>tum</span> <span class='ocrx_word' id='word_1_56' title='bbox 837 709 933 760; x_wconf 82' lang='lat' dir='ltr'>statim</span> <span class='ocrx_word' id='word_1_57' title='bbox 952 702 1156 759; x_wconf 85' lang='lat' dir='ltr'>adoraverunt.</span> 
     </span>
     <span class='ocr_line' id='line_1_7' title="bbox 114 773 1347 846; baseline -0.007 -10"><span class='ocrx_word' id='word_1_58' title='bbox 114 778 200 837; x_wconf 91' lang='lat' dir='ltr'>etiam</span> <span class='ocrx_word' id='word_1_59' title='bbox 226 775 380 834; x_wconf 78' lang='lat' dir='ltr'>reclinatus</span> <span class='ocrx_word' id='word_1_60' title='bbox 398 780 452 844; x_wconf 92' lang='lat' dir='ltr'>est,</span> <span class='ocrx_word' id='word_1_61' title='bbox 481 779 512 831; x_wconf 86' lang='lat' dir='ltr'>ut</span> <span class='ocrx_word' id='word_1_62' title='bbox 538 790 601 845; x_wconf 90' lang='lat' dir='ltr'>nos,</span> <span class='ocrx_word' id='word_1_63' title='bbox 623 773 705 846; x_wconf 82' lang='lat' dir='ltr'><strong>quasi</strong></span> <span class='ocrx_word' id='word_1_64' title='bbox 799 799 826 832; x_wconf 93' lang='grc' dir='ltr'>ιι</span> <span class='ocrx_word' id='word_1_65' title='bbox 850 775 972 832; x_wconf 77' lang='lat' dir='ltr'>Gramen</span> <span class='ocrx_word' id='word_1_66' title='bbox 998 791 1032 829; x_wconf 76' lang='lat' dir='ltr'>un</span> <span class='ocrx_word' id='word_1_67' title='bbox 1067 789 1201 829; x_wconf 73' lang='lat' dir='ltr'>rnsronns</span> <span class='ocrx_word' id='word_1_68' title='bbox 1235 788 1347 829; x_wconf 80' lang='lat' dir='ltr'>cmnrms</span> 
     </span>
     <span class='ocr_line' id='line_1_8' title="bbox 115 844 1348 915; baseline -0.008 -8"><span class='ocrx_word' id='word_1_69' title='bbox 115 855 216 907; x_wconf 83' lang='lat' dir='ltr'>sancta</span> <span class='ocrx_word' id='word_1_70' title='bbox 249 845 406 915; x_wconf 88' lang='lat' dir='ltr'>animalia,</span> <span class='ocrx_word' id='word_1_71' title='bbox 432 844 527 902; x_wconf 88' lang='lat' dir='ltr'>carnis</span> <span class='ocrx_word' id='word_1_72' title='bbox 556 861 615 902; x_wconf 88' lang='lat' dir='ltr'>suae</span> <span class='ocrx_word' id='word_1_73' title='bbox 650 846 707 902; x_wconf 85' lang='lat' dir='ltr'>iru·</span> <span class='ocrx_word' id='word_1_74' title='bbox 760 864 896 904; x_wconf 84' lang='lat' dir='ltr'>mrrnun.</span> <span class='ocrx_word' id='word_1_75' title='bbox 914 847 999 901; x_wconf 83' lang='lat' dir='ltr'>-Et</span> <span class='ocrx_word' id='word_1_76' title='bbox 1014 849 1141 915; x_wconf 85' lang='lat' dir='ltr'>pastores</span> <span class='ocrx_word' id='word_1_77' title='bbox 1156 849 1239 900; x_wconf 84' lang='lat' dir='ltr'>eram</span> <span class='ocrx_word' id='word_1_78' title='bbox 1262 846 1293 899; x_wconf 86' lang='lat' dir='ltr'>in</span> <span class='ocrx_word' id='word_1_79' title='bbox 1310 858 1348 898; x_wconf 76' lang='lat' dir='ltr'>re</span> 
     </span>
     <span class='ocr_line' id='line_1_9' title="bbox 115 914 1347 989; baseline -0.006 -12"><span class='ocrx_word' id='word_1_80' title='bbox 115 925 212 977; x_wconf 93' lang='lat' dir='ltr'>mento</span> <span class='ocrx_word' id='word_1_81' title='bbox 235 919 383 986; x_wconf 83' lang='lat' dir='ltr'>reficeret,</span> <span class='ocrx_word' id='word_1_82' title='bbox 408 921 437 974; x_wconf 90' lang='lat' dir='ltr'>et</span> <span class='ocrx_word' id='word_1_83' title='bbox 469 923 501 974; x_wconf 92' lang='lat' dir='ltr'>ut</span> <span class='ocrx_word' id='word_1_84' title='bbox 526 915 605 973; x_wconf 87' lang='lat' dir='ltr'>cibus</span> <span class='ocrx_word' id='word_1_85' title='bbox 630 922 707 974; x_wconf 90' lang='lat' dir='ltr'>esset</span> <span class='ocrx_word' id='word_1_86' title='bbox 759 922 841 989; x_wconf 74' lang='lat' dir='ltr'>aione</span> <span class='ocrx_word' id='word_1_87' title='bbox 861 917 955 973; x_wconf 86' lang='lat' dir='ltr'>endem</span> <span class='ocrx_word' id='word_1_88' title='bbox 969 917 1155 982; x_wconf 68' lang='lat' dir='ltr'>vigilanteset</span> <span class='ocrx_word' id='word_1_89' title='bbox 1168 914 1347 971; x_wconf 75' lang='lat' dir='ltr'>custodientes</span> 
     </span>
     <span class='ocr_line' id='line_1_10' title="bbox 113 987 1345 1074; baseline -0.006 -26"><span class='ocrx_word' id='word_1_90' title='bbox 113 993 326 1074; x_wconf 65' lang='lat' dir='ltr'>jumentorum</span> <span class='ocrx_word' id='word_1_91' title='bbox 343 989 429 1044; x_wconf 90' lang='lat' dir='ltr'>homo</span> <span class='ocrx_word' id='word_1_92' title='bbox 452 987 529 1043; x_wconf 90' lang='lat' dir='ltr'>enim</span> <span class='ocrx_word' id='word_1_93' title='bbox 553 987 645 1044; x_wconf 83' lang='lat' dir='ltr'>iactus</span> <span class='ocrx_word' id='word_1_94' title='bbox 663 994 707 1059; x_wconf 83' lang='lat' dir='ltr'>est</span> <span class='ocrx_word' id='word_1_95' title='bbox 761 991 875 1058; x_wconf 71' lang='lat' dir='ltr'>ciuilius</span> <span class='ocrx_word' id='word_1_96' title='bbox 903 990 992 1045; x_wconf 91' lang='lat' dir='ltr'>noetis</span> <span class='ocrx_word' id='word_1_97' title='bbox 1019 1002 1101 1059; x_wconf 82' lang='lat' dir='ltr'>super</span> <span class='ocrx_word' id='word_1_98' title='bbox 1124 1002 1235 1056; x_wconf 77' lang='lat' dir='ltr'>gregem</span> <span class='ocrx_word' id='word_1_99' title='bbox 1261 1000 1345 1049; x_wconf 81' lang='lat' dir='ltr'>smmi,</span> 
     </span>
     <span class='ocr_line' id='line_1_11' title="bbox 112 1057 1347 1146; baseline -0.006 -27"><span class='ocrx_word' id='word_1_100' title='bbox 112 1067 275 1146; x_wconf 57' lang='lat' dir='ltr'>iumentum</span> <span class='ocrx_word' id='word_1_101' title='bbox 299 1076 351 1132; x_wconf 92' lang='lat' dir='ltr'>per</span> <span class='ocrx_word' id='word_1_102' title='bbox 373 1065 532 1131; x_wconf 88' lang='lat' dir='ltr'>peccatum,</span> <span class='ocrx_word' id='word_1_103' title='bbox 548 1059 706 1115; x_wconf 90' lang='lat' dir='ltr'>secundum</span> <span class='ocrx_word' id='word_1_104' title='bbox 760 1076 850 1133; x_wconf 84' lang='lat' dir='ltr'>prope</span> <span class='ocrx_word' id='word_1_105' title='bbox 866 1074 917 1131; x_wconf 88' lang='lat' dir='ltr'>per</span> <span class='ocrx_word' id='word_1_106' title='bbox 932 1057 1063 1127; x_wconf 91' lang='lat' dir='ltr'>milliare,</span> <span class='ocrx_word' id='word_1_107' title='bbox 1079 1057 1187 1114; x_wconf 88' lang='lat' dir='ltr'>scilieet</span> <span class='ocrx_word' id='word_1_108' title='bbox 1199 1058 1283 1129; x_wconf 81' lang='lat' dir='ltr'>J&#39;uxta</span> <span class='ocrx_word' id='word_1_109' title='bbox 1295 1062 1347 1113; x_wconf 76' lang='lat' dir='ltr'>tur</span> 
     </span>
     <span class='ocr_line' id='line_1_12' title="bbox 116 1128 1352 1202; baseline -0.004 -13"><span class='ocrx_word' id='word_1_110' title='bbox 116 1132 185 1190; x_wconf 82' lang='lat' dir='ltr'>illud</span> <span class='ocrx_word' id='word_1_111' title='bbox 203 1149 210 1188; x_wconf 91' lang='lat'>:</span> <span class='ocrx_word' id='word_1_112' title='bbox 227 1135 312 1188; x_wconf 84' lang='lat' dir='ltr'>Homo</span> <span class='ocrx_word' id='word_1_113' title='bbox 332 1147 393 1186; x_wconf 88' lang='lat' dir='ltr'>cum</span> <span class='ocrx_word' id='word_1_114' title='bbox 411 1133 439 1186; x_wconf 88' lang='lat' dir='ltr'>in</span> <span class='ocrx_word' id='word_1_115' title='bbox 459 1132 558 1186; x_wconf 85' lang='lat' dir='ltr'>honore</span> <span class='ocrx_word' id='word_1_116' title='bbox 572 1136 641 1186; x_wconf 89' lang='lat' dir='ltr'>esset</span> <span class='ocrx_word' id='word_1_117' title='bbox 653 1147 707 1185; x_wconf 92' lang='lat' dir='ltr'>non</span> <span class='ocrx_word' id='word_1_118' title='bbox 761 1132 816 1188; x_wconf 91' lang='lat' dir='ltr'>rim</span> <span class='ocrx_word' id='word_1_119' title='bbox 831 1130 984 1202; x_wconf 90' lang='lat' dir='ltr'>qnamdam</span> <span class='ocrx_word' id='word_1_120' title='bbox 999 1129 1074 1185; x_wconf 88' lang='lat' dir='ltr'>inter</span> <span class='ocrx_word' id='word_1_121' title='bbox 1086 1128 1257 1185; x_wconf 86' lang='lat' dir='ltr'>Bethlehem</span> <span class='ocrx_word' id='word_1_122' title='bbox 1268 1132 1296 1184; x_wconf 87' lang='lat' dir='ltr'>ct</span> <span class='ocrx_word' id='word_1_123' title='bbox 1307 1129 1352 1184; x_wconf 80' lang='lat' dir='ltr'>ie·</span> 
     </span>
     <span class='ocr_line' id='line_1_13' title="bbox 115 1199 1344 1273; baseline -0.003 -13"><span class='ocrx_word' id='word_1_124' title='bbox 115 1205 264 1270; x_wconf 70' lang='lat' dir='ltr'>intellexit,</span> <span class='ocrx_word' id='word_1_125' title='bbox 294 1206 467 1273; x_wconf 86' lang='lat' dir='ltr'>comparatus</span> <span class='ocrx_word' id='word_1_126' title='bbox 505 1206 546 1257; x_wconf 90' lang='lat' dir='ltr'>est</span> <span class='ocrx_word' id='word_1_127' title='bbox 573 1201 708 1271; x_wconf 84' lang='lat' dir='ltr'>jumentis</span> <span class='ocrx_word' id='word_1_128' title='bbox 761 1203 898 1270; x_wconf 90' lang='lat' dir='ltr'>rusalem,</span> <span class='ocrx_word' id='word_1_129' title='bbox 913 1200 962 1257; x_wconf 94' lang='lat' dir='ltr'>ubi</span> <span class='ocrx_word' id='word_1_130' title='bbox 977 1200 1064 1257; x_wconf 88' lang='lat' dir='ltr'>Jacob</span> <span class='ocrx_word' id='word_1_131' title='bbox 1076 1200 1189 1256; x_wconf 90' lang='lat' dir='ltr'>rediens</span> <span class='ocrx_word' id='word_1_132' title='bbox 1203 1200 1240 1255; x_wconf 96' lang='lat' dir='ltr'>de</span> <span class='ocrx_word' id='word_1_133' title='bbox 1259 1199 1344 1256; x_wconf 86' lang='lat' dir='ltr'>bleso·</span> 
     </span>
     <span class='ocr_line' id='line_1_14' title="bbox 116 1273 1347 1347; baseline -0.004 -17"><span class='ocrx_word' id='word_1_134' title='bbox 116 1275 337 1346; x_wconf 76' lang='lat' dir='ltr'>insipientibus,</span> <span class='ocrx_word' id='word_1_135' title='bbox 366 1278 392 1329; x_wconf 86' lang='lat' dir='ltr'>et</span> <span class='ocrx_word' id='word_1_136' title='bbox 419 1274 522 1328; x_wconf 88' lang='lat' dir='ltr'>similis</span> <span class='ocrx_word' id='word_1_137' title='bbox 549 1274 642 1340; x_wconf 78' lang='lat' dir='ltr'>sactus</span> <span class='ocrx_word' id='word_1_138' title='bbox 668 1279 709 1328; x_wconf 87' lang='lat' dir='ltr'>est</span> <span class='ocrx_word' id='word_1_139' title='bbox 762 1273 888 1347; x_wconf 91' lang='lat' dir='ltr'>potamia</span> <span class='ocrx_word' id='word_1_140' title='bbox 901 1277 1027 1328; x_wconf 85' lang='lat' dir='ltr'>moratus</span> <span class='ocrx_word' id='word_1_141' title='bbox 1044 1276 1087 1327; x_wconf 92' lang='lat' dir='ltr'>est</span> <span class='ocrx_word' id='word_1_142' title='bbox 1103 1287 1166 1327; x_wconf 92' lang='lat' dir='ltr'>cum</span> <span class='ocrx_word' id='word_1_143' title='bbox 1185 1286 1274 1343; x_wconf 87' lang='lat' dir='ltr'>grege</span> <span class='ocrx_word' id='word_1_144' title='bbox 1287 1285 1347 1336; x_wconf 87' lang='lat' dir='ltr'>suo,</span> 
     </span>
     <span class='ocr_line' id='line_1_15' title="bbox 116 1341 1347 1413; baseline -0.004 -12"><span class='ocrx_word' id='word_1_145' title='bbox 116 1347 193 1413; x_wconf 84' lang='lat' dir='ltr'>illis;</span> <span class='ocrx_word' id='word_1_146' title='bbox 208 1345 273 1401; x_wconf 91' lang='lat' dir='ltr'>ideo</span> <span class='ocrx_word' id='word_1_147' title='bbox 286 1342 423 1401; x_wconf 90' lang='lat' dir='ltr'>Dominus</span> <span class='ocrx_word' id='word_1_148' title='bbox 436 1344 579 1400; x_wconf 88' lang='lat' dir='ltr'>lactusest</span> <span class='ocrx_word' id='word_1_149' title='bbox 589 1343 707 1412; x_wconf 82' lang='lat' dir='ltr'>imnum,</span> <span class='ocrx_word' id='word_1_150' title='bbox 763 1344 812 1402; x_wconf 92' lang='lat' dir='ltr'>ubi</span> <span class='ocrx_word' id='word_1_151' title='bbox 830 1348 944 1401; x_wconf 89' lang='lat' dir='ltr'>mortua</span> <span class='ocrx_word' id='word_1_152' title='bbox 959 1348 987 1399; x_wconf 91' lang='lat' dir='ltr'>ct</span> <span class='ocrx_word' id='word_1_153' title='bbox 1007 1342 1117 1413; x_wconf 88' lang='lat' dir='ltr'>sepulta</span> <span class='ocrx_word' id='word_1_154' title='bbox 1131 1347 1176 1398; x_wconf 91' lang='lat' dir='ltr'>est</span> <span class='ocrx_word' id='word_1_155' title='bbox 1193 1341 1309 1410; x_wconf 82' lang='lat' dir='ltr'>Rachel,</span> <span class='ocrx_word' id='word_1_156' title='bbox 1321 1344 1347 1396; x_wconf 89' lang='lat' dir='ltr'>et</span> 
     </span>
     <span class='ocr_line' id='line_1_16' title="bbox 119 1410 1347 1496; baseline -0.005 -23"><span class='ocrx_word' id='word_1_157' title='bbox 119 1417 196 1486; x_wconf 85' lang='lat' dir='ltr'>quod</span> <span class='ocrx_word' id='word_1_158' title='bbox 224 1421 268 1473; x_wconf 92' lang='lat' dir='ltr'>est</span> <span class='ocrx_word' id='word_1_159' title='bbox 296 1414 376 1472; x_wconf 88' lang='lat' dir='ltr'>cibus</span> <span class='ocrx_word' id='word_1_160' title='bbox 399 1415 611 1486; x_wconf 86' lang='lat' dir='ltr'>jumentorum,</span> <span class='ocrx_word' id='word_1_161' title='bbox 642 1414 709 1487; x_wconf 86' lang='lat' dir='ltr'>quia</span> <span class='ocrx_word' id='word_1_162' title='bbox 762 1415 850 1472; x_wconf 86' lang='lat' dir='ltr'>turris</span> <span class='ocrx_word' id='word_1_163' title='bbox 878 1413 974 1496; x_wconf 88' lang='lat' dir='ltr'>gregis</span> <span class='ocrx_word' id='word_1_164' title='bbox 1001 1412 1120 1482; x_wconf 88' lang='lat' dir='ltr'>dicitur;</span> <span class='ocrx_word' id='word_1_165' title='bbox 1141 1412 1190 1470; x_wconf 93' lang='lat' dir='ltr'>ubi</span> <span class='ocrx_word' id='word_1_166' title='bbox 1214 1411 1303 1469; x_wconf 89' lang='lat' dir='ltr'>etiam</span> <span class='ocrx_word' id='word_1_167' title='bbox 1319 1410 1347 1467; x_wconf 92' lang='lat' dir='ltr'>in</span> 
     </span>
     <span class='ocr_line' id='line_1_17' title="bbox 120 1484 1348 1557; baseline -0.007 -11"><span class='ocrx_word' id='word_1_168' title='bbox 120 1489 241 1547; x_wconf 81' lang='lat' dir='ltr'>Verbum</span> <span class='ocrx_word' id='word_1_169' title='bbox 261 1501 326 1543; x_wconf 86' lang='lat' dir='ltr'>earo</span> <span class='ocrx_word' id='word_1_170' title='bbox 351 1489 457 1555; x_wconf 76' lang='lat' dir='ltr'>foetum</span> <span class='ocrx_word' id='word_1_171' title='bbox 481 1491 530 1550; x_wconf 89' lang='lat' dir='ltr'>est,</span> <span class='ocrx_word' id='word_1_172' title='bbox 549 1492 577 1543; x_wconf 91' lang='lat' dir='ltr'>et</span> <span class='ocrx_word' id='word_1_173' title='bbox 593 1486 709 1542; x_wconf 86' lang='lat' dir='ltr'>:Omnis</span> <span class='ocrx_word' id='word_1_174' title='bbox 763 1485 883 1543; x_wconf 85' lang='lat' dir='ltr'>ecclesia</span> <span class='ocrx_word' id='word_1_175' title='bbox 904 1490 959 1541; x_wconf 87' lang='lat' dir='ltr'>trra</span> <span class='ocrx_word' id='word_1_176' title='bbox 974 1491 1121 1557; x_wconf 87' lang='lat' dir='ltr'>pastorum</span> <span class='ocrx_word' id='word_1_177' title='bbox 1140 1484 1256 1541; x_wconf 93' lang='lat' dir='ltr'>illorum</span> <span class='ocrx_word' id='word_1_178' title='bbox 1271 1497 1348 1539; x_wconf 91' lang='lat' dir='ltr'>mon·</span> 
     </span>
     <span class='ocr_line' id='line_1_18' title="bbox 119 1554 1349 1628; baseline -0.005 -13"><span class='ocrx_word' id='word_1_179' title='bbox 119 1562 309 1628; x_wconf 79' lang='lat' dir='ltr'>carosanum.</span> <span class='ocrx_word' id='word_1_180' title='bbox 323 1560 377 1614; x_wconf 89' lang='lat' dir='ltr'>Bos</span> <span class='ocrx_word' id='word_1_181' title='bbox 388 1556 503 1628; x_wconf 87' lang='lat' dir='ltr'>quippe,</span> <span class='ocrx_word' id='word_1_182' title='bbox 516 1556 563 1627; x_wconf 86' lang='lat' dir='ltr'>qui</span> <span class='ocrx_word' id='word_1_183' title='bbox 578 1556 710 1628; x_wconf 89' lang='lat' dir='ltr'>designat</span> <span class='ocrx_word' id='word_1_184' title='bbox 764 1562 891 1614; x_wconf 91' lang='lat' dir='ltr'>strantur</span> <span class='ocrx_word' id='word_1_185' title='bbox 904 1561 1099 1613; x_wconf 88' lang='lat' dir='ltr'>monumenta.</span> <span class='ocrx_word' id='word_1_186' title='bbox 1111 1559 1214 1611; x_wconf 83' lang='lat' dir='ltr'>Dteece</span> <span class='ocrx_word' id='word_1_187' title='bbox 1228 1554 1349 1624; x_wconf 66' lang='lat' dir='ltr'>inpetu</span> 
     </span>
     <span class='ocr_line' id='line_1_19' title="bbox 119 1623 1352 1757; baseline -0.006 -71"><span class='ocrx_word' id='word_1_188' title='bbox 119 1631 260 1757; x_wconf 50' lang='lat' dir='ltr'>{apulum</span> <span class='ocrx_word' id='word_1_189' title='bbox 279 1629 460 1695; x_wconf 70' lang='lat' dir='ltr'>iudaeorum,</span> <span class='ocrx_word' id='word_1_190' title='bbox 481 1632 509 1683; x_wconf 89' lang='lat' dir='ltr'>et</span> <span class='ocrx_word' id='word_1_191' title='bbox 526 1627 642 1696; x_wconf 89' lang='lat' dir='ltr'>asinus,</span> <span class='ocrx_word' id='word_1_192' title='bbox 661 1627 709 1699; x_wconf 91' lang='lat' dir='ltr'>qui</span> <span class='ocrx_word' id='word_1_193' title='bbox 762 1631 884 1692; x_wconf 84' lang='lat' dir='ltr'>Domini,</span> <span class='ocrx_word' id='word_1_194' title='bbox 898 1627 973 1684; x_wconf 88' lang='lat' dir='ltr'>circa</span> <span class='ocrx_word' id='word_1_195' title='bbox 981 1634 1110 1699; x_wconf 88' lang='lat' dir='ltr'>quartam</span> <span class='ocrx_word' id='word_1_196' title='bbox 1121 1625 1248 1698; x_wconf 88' lang='lat' dir='ltr'>vigiliam</span> <span class='ocrx_word' id='word_1_197' title='bbox 1262 1623 1352 1682; x_wconf 88' lang='lat' dir='ltr'>noctis</span> 
     </span>
     <span class='ocr_line' id='line_1_20' title="bbox 142 1695 1350 1771; baseline -0.006 -13"><span class='ocrx_word' id='word_1_198' title='bbox 142 1700 254 1771; x_wconf 84' lang='lat' dir='ltr'>esignat</span> <span class='ocrx_word' id='word_1_199' title='bbox 279 1698 414 1770; x_wconf 91' lang='lat' dir='ltr'>populum</span> <span class='ocrx_word' id='word_1_200' title='bbox 441 1697 584 1763; x_wconf 86' lang='lat' dir='ltr'>Gentium,</span> <span class='ocrx_word' id='word_1_201' title='bbox 613 1698 709 1754; x_wconf 90' lang='lat' dir='ltr'>Domi·</span> <span class='ocrx_word' id='word_1_202' title='bbox 765 1699 842 1757; x_wconf 85' lang='lat' dir='ltr'>venit</span> <span class='ocrx_word' id='word_1_203' title='bbox 862 1698 898 1755; x_wconf 91' lang='lat' dir='ltr'>ad</span> <span class='ocrx_word' id='word_1_204' title='bbox 917 1715 976 1755; x_wconf 90' lang='lat' dir='ltr'>eos.</span> <span class='ocrx_word' id='word_1_205' title='bbox 993 1697 1134 1754; x_wconf 86' lang='lat' dir='ltr'>Dividitur</span> <span class='ocrx_word' id='word_1_206' title='bbox 1154 1697 1303 1754; x_wconf 84' lang='lat' dir='ltr'>enimnor</span> <span class='ocrx_word' id='word_1_207' title='bbox 1323 1695 1350 1750; x_wconf 92' lang='lat' dir='ltr'>in</span> 
     </span>
     <span class='ocr_line' id='line_1_21' title="bbox 121 1768 1351 1843; baseline -0.006 -15"><span class='ocrx_word' id='word_1_208' title='bbox 121 1788 191 1828; x_wconf 92' lang='lat' dir='ltr'>num</span> <span class='ocrx_word' id='word_1_209' title='bbox 203 1771 233 1826; x_wconf 93' lang='lat' dir='ltr'>in</span> <span class='ocrx_word' id='word_1_210' title='bbox 243 1768 490 1838; x_wconf 87' lang='lat' dir='ltr'>mediohabenies,</span> <span class='ocrx_word' id='word_1_211' title='bbox 501 1773 530 1824; x_wconf 90' lang='lat' dir='ltr'>ct</span> <span class='ocrx_word' id='word_1_212' title='bbox 541 1768 709 1826; x_wconf 85' lang='lat' dir='ltr'>miraculose</span> <span class='ocrx_word' id='word_1_213' title='bbox 726 1771 731 1781; x_wconf 87' lang='grc'><strong>“</strong></span> <span class='ocrx_word' id='word_1_214' title='bbox 765 1775 887 1843; x_wconf 83' lang='lat' dir='ltr'>quatuor</span> <span class='ocrx_word' id='word_1_215' title='bbox 903 1769 1028 1841; x_wconf 61' lang='lat' dir='ltr'>vigiliam</span> <span class='ocrx_word' id='word_1_216' title='bbox 1044 1775 1072 1825; x_wconf 90' lang='lat' dir='ltr'>et</span> <span class='ocrx_word' id='word_1_217' title='bbox 1086 1772 1162 1825; x_wconf 88' lang='lat' dir='ltr'>stetit</span> <span class='ocrx_word' id='word_1_218' title='bbox 1175 1770 1265 1839; x_wconf 76' lang='lat' dir='ltr'>jueta</span> <span class='ocrx_word' id='word_1_219' title='bbox 1278 1768 1351 1829; x_wconf 85' lang='lat' dir='ltr'>iilos,</span> 
     </span>
     <span class='ocr_line' id='line_1_22' title="bbox 123 1836 1351 1913; baseline -0.005 -15"><span class='ocrx_word' id='word_1_220' title='bbox 123 1845 338 1913; x_wconf 77' lang='lat' dir='ltr'>cognoscentes,</span> <span class='ocrx_word' id='word_1_221' title='bbox 359 1839 437 1895; x_wconf 85' lang='lat' dir='ltr'>flexis</span> <span class='ocrx_word' id='word_1_222' title='bbox 460 1838 604 1910; x_wconf 84' lang='lat' dir='ltr'>genibus„</span> <span class='ocrx_word' id='word_1_223' title='bbox 619 1839 710 1896; x_wconf 89' lang='lat' dir='ltr'>inccs-</span> <span class='ocrx_word' id='word_1_224' title='bbox 764 1842 795 1898; x_wconf 94' lang='lat' dir='ltr'>in</span> <span class='ocrx_word' id='word_1_225' title='bbox 814 1846 892 1898; x_wconf 83' lang='lat' dir='ltr'>reste</span> <span class='ocrx_word' id='word_1_226' title='bbox 911 1840 1032 1897; x_wconf 88' lang='lat' dir='ltr'>candida</span> <span class='ocrx_word' id='word_1_227' title='bbox 1050 1845 1079 1897; x_wconf 88' lang='lat' dir='ltr'>et</span> <span class='ocrx_word' id='word_1_228' title='bbox 1095 1839 1166 1897; x_wconf 80' lang='lat' dir='ltr'>facie</span> <span class='ocrx_word' id='word_1_229' title='bbox 1181 1836 1312 1896; x_wconf 86' lang='lat' dir='ltr'>rutilanti</span> <span class='ocrx_word' id='word_1_230' title='bbox 1325 1842 1351 1892; x_wconf 90' lang='lat' dir='ltr'>et</span> 
     </span>
     <span class='ocr_line' id='line_1_23' title="bbox 123 1908 1353 1986; baseline -0.004 -18"><span class='ocrx_word' id='word_1_231' title='bbox 123 1919 221 1969; x_wconf 87' lang='lat' dir='ltr'>santer</span> <span class='ocrx_word' id='word_1_232' title='bbox 239 1927 303 1968; x_wconf 91' lang='lat' dir='ltr'>eum</span> <span class='ocrx_word' id='word_1_233' title='bbox 327 1910 497 1979; x_wconf 86' lang='lat' dir='ltr'>adorabant,</span> <span class='ocrx_word' id='word_1_234' title='bbox 517 1914 545 1966; x_wconf 91' lang='lat' dir='ltr'>et</span> <span class='ocrx_word' id='word_1_235' title='bbox 566 1916 711 1983; x_wconf 85' lang='lat' dir='ltr'>tamquam</span> <span class='ocrx_word' id='word_1_236' title='bbox 762 1913 898 1986; x_wconf 70' lang='lat' dir='ltr'>iucunda.</span> <span class='ocrx_word' id='word_1_237' title='bbox 908 1914 940 1968; x_wconf 88' lang='lat' dir='ltr'>Et</span> <span class='ocrx_word' id='word_1_238' title='bbox 950 1910 1170 1968; x_wconf 88' lang='lat' dir='ltr'>credituriuisse</span> <span class='ocrx_word' id='word_1_239' title='bbox 1184 1908 1301 1968; x_wconf 84' lang='lat' dir='ltr'>Gabriel</span> <span class='ocrx_word' id='word_1_240' title='bbox 1312 1923 1353 1964; x_wconf 76' lang='lat' dir='ltr'>ar</span> 
     </span>
     <span class='ocr_line' id='line_1_24' title="bbox 123 1982 1354 2109; baseline -0.003 -70"><span class='ocrx_word' id='word_1_241' title='bbox 123 1982 265 2039; x_wconf 90' lang='lat' dir='ltr'>laudando</span> <span class='ocrx_word' id='word_1_242' title='bbox 293 1997 376 2038; x_wconf 87' lang='lat' dir='ltr'>voces</span> <span class='ocrx_word' id='word_1_243' title='bbox 391 1982 519 2062; x_wconf 80' lang='lat' dir='ltr'>dabant.</span> <span class='ocrx_word' id='word_1_244' title='bbox 540 1982 618 2038; x_wconf 90' lang='lat' dir='ltr'>Unde</span> <span class='ocrx_word' id='word_1_245' title='bbox 642 1983 712 2038; x_wconf 74' lang='lat' dir='ltr'>rim·</span> <span class='ocrx_word' id='word_1_246' title='bbox 765 1982 1354 2109; x_wconf 57' lang='lat' dir='ltr'>changelus,quiVirffiniconceplumller-</span> 
     </span>
     <span class='ocr_line' id='line_1_25' title="bbox 125 2051 1354 2125; baseline -0.003 -16"><span class='ocrx_word' id='word_1_247' title='bbox 125 2055 231 2110; x_wconf 88' lang='lat' dir='ltr'>brosius</span> <span class='ocrx_word' id='word_1_248' title='bbox 246 2072 255 2108; x_wconf 91' lang='grc'>.·</span> <span class='ocrx_word' id='word_1_249' title='bbox 269 2072 283 2105; x_wconf 93' lang='lat'>«</span> <span class='ocrx_word' id='word_1_250' title='bbox 294 2053 414 2108; x_wconf 85' lang='lat' dir='ltr'>lnlantrs</span> <span class='ocrx_word' id='word_1_251' title='bbox 425 2051 506 2108; x_wconf 91' lang='lat' dir='ltr'>audis</span> <span class='ocrx_word' id='word_1_252' title='bbox 517 2052 639 2124; x_wconf 82' lang='lat' dir='ltr'>vagitus,</span> <span class='ocrx_word' id='word_1_253' title='bbox 655 2069 712 2109; x_wconf 93' lang='lat' dir='ltr'>non</span> <span class='ocrx_word' id='word_1_254' title='bbox 766 2055 794 2113; x_wconf 94' lang='lat' dir='ltr'>bi</span> <span class='ocrx_word' id='word_1_255' title='bbox 804 2054 1039 2111; x_wconf 79' lang='lat' dir='ltr'>nuntiaveratUn</span> <span class='ocrx_word' id='word_1_256' title='bbox 1061 2052 1354 2125; x_wconf 78' lang='lat' dir='ltr'>eipseampliuscete</span> 
     </span>
     <span class='ocr_line' id='line_1_26' title="bbox 125 2120 1353 2196; baseline -0.004 -15"><span class='ocrx_word' id='word_1_257' title='bbox 125 2125 207 2181; x_wconf 88' lang='lat' dir='ltr'>audis</span> <span class='ocrx_word' id='word_1_258' title='bbox 235 2123 315 2180; x_wconf 85' lang='lat' dir='ltr'>bovis</span> <span class='ocrx_word' id='word_1_259' title='bbox 354 2122 506 2179; x_wconf 92' lang='lat' dir='ltr'>Dominum</span> <span class='ocrx_word' id='word_1_260' title='bbox 531 2124 712 2196; x_wconf 80' lang='lat' dir='ltr'>agnoscentis</span> <span class='ocrx_word' id='word_1_261' title='bbox 766 2126 806 2182; x_wconf 92' lang='lat' dir='ltr'>ris</span> <span class='ocrx_word' id='word_1_262' title='bbox 818 2126 946 2196; x_wconf 89' lang='lat' dir='ltr'>gaudens</span> <span class='ocrx_word' id='word_1_263' title='bbox 956 2125 991 2180; x_wconf 88' lang='lat' dir='ltr'>de</span> <span class='ocrx_word' id='word_1_264' title='bbox 1004 2124 1167 2196; x_wconf 86' lang='lat' dir='ltr'>impletione</span> <span class='ocrx_word' id='word_1_265' title='bbox 1181 2125 1269 2195; x_wconf 90' lang='lat' dir='ltr'>hujus</span> <span class='ocrx_word' id='word_1_266' title='bbox 1280 2120 1353 2194; x_wconf 90' lang='lat' dir='ltr'>quod</span> 
     </span>
     <span class='ocr_line' id='line_1_27' title="bbox 124 2195 1353 2268; baseline -0.004 -16"><span class='ocrx_word' id='word_1_267' title='bbox 124 2195 259 2266; x_wconf 83' lang='lat' dir='ltr'>mugitus.</span> <span class='ocrx_word' id='word_1_268' title='bbox 279 2196 401 2263; x_wconf 76' lang='lat' dir='ltr'>Agnovit</span> <span class='ocrx_word' id='word_1_269' title='bbox 425 2197 497 2250; x_wconf 88' lang='lat' dir='ltr'>enim</span> <span class='ocrx_word' id='word_1_270' title='bbox 517 2195 562 2250; x_wconf 88' lang='lat' dir='ltr'>bas</span> <span class='ocrx_word' id='word_1_271' title='bbox 578 2211 714 2268; x_wconf 81' lang='lat' dir='ltr'>possesso·</span> <span class='ocrx_word' id='word_1_272' title='bbox 767 2196 886 2264; x_wconf 85' lang='lat' dir='ltr'>dixerat,</span> <span class='ocrx_word' id='word_1_273' title='bbox 911 2200 977 2252; x_wconf 87' lang='lat' dir='ltr'>ante</span> <span class='ocrx_word' id='word_1_274' title='bbox 999 2212 1099 2253; x_wconf 90' lang='lat' dir='ltr'>omnes</span> <span class='ocrx_word' id='word_1_275' title='bbox 1120 2211 1150 2251; x_wconf 92' lang='lat' dir='ltr'>se</span> <span class='ocrx_word' id='word_1_276' title='bbox 1171 2196 1304 2268; x_wconf 86' lang='lat' dir='ltr'>gerebat,</span> <span class='ocrx_word' id='word_1_277' title='bbox 1324 2199 1353 2248; x_wconf 93' lang='lat' dir='ltr'>nt</span> 
     </span>
     <span class='ocr_line' id='line_1_28' title="bbox 125 2262 1354 2338; baseline -0.002 -17"><span class='ocrx_word' id='word_1_278' title='bbox 125 2282 181 2321; x_wconf 87' lang='lat' dir='ltr'>rem</span> <span class='ocrx_word' id='word_1_279' title='bbox 198 2282 288 2327; x_wconf 86' lang='lat' dir='ltr'>suum,</span> <span class='ocrx_word' id='word_1_280' title='bbox 304 2270 329 2321; x_wconf 89' lang='lat' dir='ltr'>et</span> <span class='ocrx_word' id='word_1_281' title='bbox 342 2267 438 2320; x_wconf 88' lang='lat' dir='ltr'>asinus</span> <span class='ocrx_word' id='word_1_282' title='bbox 460 2282 581 2338; x_wconf 78' lang='lat' dir='ltr'>praesepe</span> <span class='ocrx_word' id='word_1_283' title='bbox 604 2269 714 2322; x_wconf 85' lang='lat' dir='ltr'>Domini</span> <span class='ocrx_word' id='word_1_284' title='bbox 766 2267 870 2327; x_wconf 84' lang='lat' dir='ltr'>Christi</span> <span class='ocrx_word' id='word_1_285' title='bbox 881 2267 1055 2323; x_wconf 86' lang='lat' dir='ltr'>nativitatem</span> <span class='ocrx_word' id='word_1_286' title='bbox 1066 2266 1245 2338; x_wconf 69' lang='lat' dir='ltr'>predicaret.</span> <span class='ocrx_word' id='word_1_287' title='bbox 1256 2262 1354 2322; x_wconf 89' lang='lat' dir='ltr'>Subdi-</span> 
     </span>
     <span class='ocr_line' id='line_1_29' title="bbox 124 2336 1353 2406; baseline -0.001 -14"><span class='ocrx_word' id='word_1_288' title='bbox 124 2340 178 2392; x_wconf 90' lang='lat' dir='ltr'>sui.</span> <span class='ocrx_word' id='word_1_289' title='bbox 191 2357 206 2386; x_wconf 80' lang='lat' dir='ltr'>n</span> <span class='ocrx_word' id='word_1_290' title='bbox 221 2336 336 2393; x_wconf 90' lang='lat' dir='ltr'>Undeet</span> <span class='ocrx_word' id='word_1_291' title='bbox 351 2337 497 2405; x_wconf 76' lang='lat' dir='ltr'>Gregorius</span> <span class='ocrx_word' id='word_1_292' title='bbox 510 2340 713 2396; x_wconf 75' lang='lat' dir='ltr'>Nazianzenus:</span> <span class='ocrx_word' id='word_1_293' title='bbox 766 2345 814 2395; x_wconf 90' lang='lat' dir='ltr'>tur</span> <span class='ocrx_word' id='word_1_294' title='bbox 828 2356 835 2394; x_wconf 91' lang='lat'>:</span> <span class='ocrx_word' id='word_1_295' title='bbox 847 2341 884 2394; x_wconf 87' lang='lat' dir='ltr'>Et</span> <span class='ocrx_word' id='word_1_296' title='bbox 894 2339 1009 2394; x_wconf 83' lang='lat' dir='ltr'>claritas</span> <span class='ocrx_word' id='word_1_297' title='bbox 1019 2342 1068 2394; x_wconf 87' lang='lat' dir='ltr'>Dei</span> <span class='ocrx_word' id='word_1_298' title='bbox 1078 2339 1264 2406; x_wconf 74' lang='lat' dir='ltr'>circumfulsit</span> <span class='ocrx_word' id='word_1_299' title='bbox 1282 2336 1353 2399; x_wconf 84' lang='lat' dir='ltr'>illos,</span> 
     </span>
     <span class='ocr_line' id='line_1_30' title="bbox 128 2406 1353 2482; baseline -0.001 -19"><span class='ocrx_word' id='word_1_300' title='bbox 128 2430 142 2458; x_wconf 79' lang='grc' dir='ltr'>ιι</span> <span class='ocrx_word' id='word_1_301' title='bbox 163 2409 305 2464; x_wconf 83' lang='lat' dir='ltr'>venerare</span> <span class='ocrx_word' id='word_1_302' title='bbox 325 2424 453 2480; x_wconf 77' lang='lat' dir='ltr'>prascpe</span> <span class='ocrx_word' id='word_1_303' title='bbox 472 2407 553 2478; x_wconf 92' lang='lat' dir='ltr'>illud,</span> <span class='ocrx_word' id='word_1_304' title='bbox 568 2425 621 2480; x_wconf 89' lang='lat' dir='ltr'>per</span> <span class='ocrx_word' id='word_1_305' title='bbox 638 2409 713 2482; x_wconf 85' lang='lat' dir='ltr'>quod</span> <span class='ocrx_word' id='word_1_306' title='bbox 767 2409 893 2480; x_wconf 90' lang='lat' dir='ltr'>undiquc</span> <span class='ocrx_word' id='word_1_307' title='bbox 909 2409 1031 2465; x_wconf 86' lang='lat' dir='ltr'>exterius</span> <span class='ocrx_word' id='word_1_308' title='bbox 1044 2409 1073 2465; x_wconf 94' lang='lat' dir='ltr'>in</span> <span class='ocrx_word' id='word_1_309' title='bbox 1091 2424 1209 2481; x_wconf 88' lang='lat' dir='ltr'>corporo</span> <span class='ocrx_word' id='word_1_310' title='bbox 1226 2412 1255 2464; x_wconf 87' lang='lat' dir='ltr'>et</span> <span class='ocrx_word' id='word_1_311' title='bbox 1269 2406 1353 2464; x_wconf 88' lang='lat' dir='ltr'>etiam</span> 
     </span>
     <span class='ocr_line' id='line_1_31' title="bbox 125 2475 1355 2551; baseline -0.002 -15"><span class='ocrx_word' id='word_1_312' title='bbox 125 2494 191 2536; x_wconf 93' lang='lat' dir='ltr'>cum</span> <span class='ocrx_word' id='word_1_313' title='bbox 209 2495 286 2536; x_wconf 86' lang='lat' dir='ltr'>esses</span> <span class='ocrx_word' id='word_1_314' title='bbox 303 2495 375 2551; x_wconf 89' lang='lat' dir='ltr'>pene</span> <span class='ocrx_word' id='word_1_315' title='bbox 392 2480 453 2550; x_wconf 89' lang='lat' dir='ltr'>jam</span> <span class='ocrx_word' id='word_1_316' title='bbox 474 2485 582 2536; x_wconf 91' lang='lat' dir='ltr'>mutum</span> <span class='ocrx_word' id='word_1_317' title='bbox 597 2479 714 2548; x_wconf 91' lang='lat' dir='ltr'>animal,</span> <span class='ocrx_word' id='word_1_318' title='bbox 767 2479 886 2537; x_wconf 91' lang='lat' dir='ltr'>interius</span> <span class='ocrx_word' id='word_1_319' title='bbox 905 2480 935 2540; x_wconf 89' lang='lat' dir='ltr'>iu</span> <span class='ocrx_word' id='word_1_320' title='bbox 963 2481 1114 2549; x_wconf 89' lang='lat' dir='ltr'>mente,in</span> <span class='ocrx_word' id='word_1_321' title='bbox 1135 2480 1249 2550; x_wconf 86' lang='lat' dir='ltr'>signum</span> <span class='ocrx_word' id='word_1_322' title='bbox 1281 2475 1355 2550; x_wconf 86' lang='lat' dir='ltr'>quod</span> 
     </span>
     <span class='ocr_line' id='line_1_32' title="bbox 124 2548 1356 2623; baseline -0.003 -17"><span class='ocrx_word' id='word_1_323' title='bbox 124 2550 251 2623; x_wconf 89' lang='lat' dir='ltr'>pasceris</span> <span class='ocrx_word' id='word_1_324' title='bbox 266 2567 341 2607; x_wconf 93' lang='lat' dir='ltr'>nunc</span> <span class='ocrx_word' id='word_1_325' title='bbox 355 2552 449 2608; x_wconf 87' lang='lat' dir='ltr'>Verbo</span> <span class='ocrx_word' id='word_1_326' title='bbox 470 2557 499 2607; x_wconf 88' lang='lat' dir='ltr'>et</span> <span class='ocrx_word' id='word_1_327' title='bbox 521 2551 632 2609; x_wconf 89' lang='lat' dir='ltr'>ratione</span> <span class='ocrx_word' id='word_1_328' title='bbox 652 2550 713 2608; x_wconf 88' lang='lat' dir='ltr'>Dei.</span> <span class='ocrx_word' id='word_1_329' title='bbox 768 2557 847 2608; x_wconf 90' lang='lat' dir='ltr'>ortus</span> <span class='ocrx_word' id='word_1_330' title='bbox 860 2556 921 2608; x_wconf 92' lang='lat' dir='ltr'>erat</span> <span class='ocrx_word' id='word_1_331' title='bbox 936 2551 982 2608; x_wconf 92' lang='lat' dir='ltr'>Sol</span> <span class='ocrx_word' id='word_1_332' title='bbox 995 2551 1125 2622; x_wconf 71' lang='lat' dir='ltr'>justitiae,</span> <span class='ocrx_word' id='word_1_333' title='bbox 1140 2550 1212 2607; x_wconf 90' lang='lat' dir='ltr'>etin</span> <span class='ocrx_word' id='word_1_334' title='bbox 1229 2548 1356 2607; x_wconf 89' lang='lat' dir='ltr'>tenebris</span> 
     </span>
     <span class='ocr_line' id='line_1_33' title="bbox 124 2620 1357 2694; baseline -0.002 -16"><span class='ocrx_word' id='word_1_335' title='bbox 124 2626 255 2694; x_wconf 76' lang='lat' dir='ltr'>Agnosce</span> <span class='ocrx_word' id='word_1_336' title='bbox 277 2628 308 2679; x_wconf 95' lang='lat' dir='ltr'>ut</span> <span class='ocrx_word' id='word_1_337' title='bbox 330 2623 381 2679; x_wconf 92' lang='lat' dir='ltr'>bos</span> <span class='ocrx_word' id='word_1_338' title='bbox 404 2638 598 2693; x_wconf 88' lang='lat' dir='ltr'>possessorem</span> <span class='ocrx_word' id='word_1_339' title='bbox 623 2629 713 2691; x_wconf 92' lang='lat' dir='ltr'>tuum,</span> <span class='ocrx_word' id='word_1_340' title='bbox 769 2623 864 2679; x_wconf 93' lang='lat' dir='ltr'>lumen</span> <span class='ocrx_word' id='word_1_341' title='bbox 882 2624 967 2678; x_wconf 88' lang='lat' dir='ltr'>rectis</span> <span class='ocrx_word' id='word_1_342' title='bbox 986 2622 1082 2691; x_wconf 90' lang='lat' dir='ltr'>corde,</span> <span class='ocrx_word' id='word_1_343' title='bbox 1100 2628 1129 2678; x_wconf 90' lang='lat' dir='ltr'>et</span> <span class='ocrx_word' id='word_1_344' title='bbox 1147 2620 1357 2693; x_wconf 85' lang='lat' dir='ltr'>appropinqua·</span> 
     </span>
     <span class='ocr_line' id='line_1_34' title="bbox 126 2691 1357 2765; baseline -0.003 -15"><span class='ocrx_word' id='word_1_345' title='bbox 126 2700 154 2750; x_wconf 88' lang='lat' dir='ltr'>et</span> <span class='ocrx_word' id='word_1_346' title='bbox 174 2693 247 2750; x_wconf 90' lang='lat' dir='ltr'>sicut</span> <span class='ocrx_word' id='word_1_347' title='bbox 266 2695 366 2751; x_wconf 89' lang='lat' dir='ltr'>asinus</span> <span class='ocrx_word' id='word_1_348' title='bbox 387 2709 513 2765; x_wconf 74' lang='lat' dir='ltr'>praesepe</span> <span class='ocrx_word' id='word_1_349' title='bbox 529 2693 639 2751; x_wconf 88' lang='lat' dir='ltr'>Domini</span> <span class='ocrx_word' id='word_1_350' title='bbox 657 2693 713 2761; x_wconf 90' lang='lat' dir='ltr'>tui;</span> <span class='ocrx_word' id='word_1_351' title='bbox 769 2695 817 2751; x_wconf 89' lang='lat' dir='ltr'>bat</span> <span class='ocrx_word' id='word_1_352' title='bbox 831 2693 945 2750; x_wconf 84' lang='lat' dir='ltr'>claritas</span> <span class='ocrx_word' id='word_1_353' title='bbox 959 2693 1069 2764; x_wconf 80' lang='lat' dir='ltr'>glorim.</span> <span class='ocrx_word' id='word_1_354' title='bbox 1091 2694 1156 2750; x_wconf 88' lang='lat' dir='ltr'>ideo</span> <span class='ocrx_word' id='word_1_355' title='bbox 1171 2708 1241 2763; x_wconf 89' lang='lat' dir='ltr'>ergo</span> <span class='ocrx_word' id='word_1_356' title='bbox 1260 2691 1357 2748; x_wconf 90' lang='lat' dir='ltr'>lumen</span> 
     </span>
     <span class='ocr_line' id='line_1_35' title="bbox 127 2762 1358 2837; baseline -0.001 -18"><span class='ocrx_word' id='word_1_357' title='bbox 127 2764 167 2820; x_wconf 93' lang='lat' dir='ltr'>sis</span> <span class='ocrx_word' id='word_1_358' title='bbox 192 2765 228 2820; x_wconf 88' lang='lat' dir='ltr'>de</span> <span class='ocrx_word' id='word_1_359' title='bbox 255 2780 374 2820; x_wconf 91' lang='lat' dir='ltr'>numero</span> <span class='ocrx_word' id='word_1_360' title='bbox 405 2767 577 2820; x_wconf 88' lang='lat' dir='ltr'>mundorum</span> <span class='ocrx_word' id='word_1_361' title='bbox 605 2764 714 2821; x_wconf 91' lang='lat' dir='ltr'>anima·</span> <span class='ocrx_word' id='word_1_362' title='bbox 768 2765 892 2837; x_wconf 77' lang='lat' dir='ltr'>Angelus</span> <span class='ocrx_word' id='word_1_363' title='bbox 912 2764 1015 2830; x_wconf 88' lang='lat' dir='ltr'>attulit,</span> <span class='ocrx_word' id='word_1_364' title='bbox 1035 2764 1102 2836; x_wconf 87' lang='lat' dir='ltr'>quia</span> <span class='ocrx_word' id='word_1_365' title='bbox 1132 2779 1196 2820; x_wconf 90' lang='lat' dir='ltr'>eum</span> <span class='ocrx_word' id='word_1_366' title='bbox 1227 2762 1358 2820; x_wconf 87' lang='lat' dir='ltr'>nuntiare</span> 
     </span>
     <span class='ocr_line' id='line_1_36' title="bbox 126 2833 1358 2914; baseline -0.002 -24"><span class='ocrx_word' id='word_1_367' title='bbox 126 2833 208 2902; x_wconf 91' lang='lat' dir='ltr'>lium,</span> <span class='ocrx_word' id='word_1_368' title='bbox 223 2839 251 2889; x_wconf 89' lang='lat' dir='ltr'>et</span> <span class='ocrx_word' id='word_1_369' title='bbox 266 2850 364 2914; x_wconf 85' lang='lat' dir='ltr'>eorum</span> <span class='ocrx_word' id='word_1_370' title='bbox 376 2833 423 2904; x_wconf 88' lang='lat' dir='ltr'>qui</span> <span class='ocrx_word' id='word_1_371' title='bbox 439 2835 583 2890; x_wconf 90' lang='lat' dir='ltr'>ruminare</span> <span class='ocrx_word' id='word_1_372' title='bbox 599 2842 713 2904; x_wconf 88' lang='lat' dir='ltr'>norunt,</span> <span class='ocrx_word' id='word_1_373' title='bbox 770 2835 950 2907; x_wconf 83' lang='lat' dir='ltr'>venerat,qui</span> <span class='ocrx_word' id='word_1_374' title='bbox 960 2837 1133 2892; x_wconf 81' lang='lat' dir='ltr'>estiunvera</span> <span class='ocrx_word' id='word_1_375' title='bbox 1143 2851 1205 2907; x_wconf 77' lang='lat' dir='ltr'>qua</span> <span class='ocrx_word' id='word_1_376' title='bbox 1215 2835 1358 2890; x_wconf 84' lang='lat' dir='ltr'>illuminat</span> 
     </span>
     <span class='ocr_line' id='line_1_37' title="bbox 127 2903 1215 2962; baseline -0.001 -1"><span class='ocrx_word' id='word_1_377' title='bbox 127 2909 156 2961; x_wconf 89' lang='lat' dir='ltr'>et</span> <span class='ocrx_word' id='word_1_378' title='bbox 172 2905 291 2960; x_wconf 80' lang='lat' dir='ltr'>verbum</span> <span class='ocrx_word' id='word_1_379' title='bbox 315 2906 364 2959; x_wconf 80' lang='lat' dir='ltr'>Dei</span> <span class='ocrx_word' id='word_1_380' title='bbox 385 2903 421 2958; x_wconf 86' lang='lat' dir='ltr'>ad</span> <span class='ocrx_word' id='word_1_381' title='bbox 444 2904 611 2960; x_wconf 89' lang='lat' dir='ltr'>memoriam</span> <span class='ocrx_word' id='word_1_382' title='bbox 632 2922 714 2961; x_wconf 87' lang='lat' dir='ltr'>revo-</span> <span class='ocrx_word' id='word_1_383' title='bbox 770 2923 875 2962; x_wconf 89' lang='lat' dir='ltr'>omnem</span> <span class='ocrx_word' id='word_1_384' title='bbox 890 2909 1033 2962; x_wconf 85' lang='lat' dir='ltr'>hominem.</span> <span class='ocrx_word' id='word_1_385' title='bbox 1213 2956 1215 2960; x_wconf 81' lang='grc'>,</span> 
     </span>
     <span class='ocr_line' id='line_1_38' title="bbox 127 2973 1358 3046; baseline -0.002 -15"><span class='ocrx_word' id='word_1_386' title='bbox 127 2990 203 3042; x_wconf 87' lang='lat' dir='ltr'>care,</span> <span class='ocrx_word' id='word_1_387' title='bbox 219 2974 322 3045; x_wconf 83' lang='lat' dir='ltr'>quique</span> <span class='ocrx_word' id='word_1_388' title='bbox 338 2973 424 3029; x_wconf 90' lang='lat' dir='ltr'>etiam</span> <span class='ocrx_word' id='word_1_389' title='bbox 439 2973 542 3031; x_wconf 83' lang='lat' dir='ltr'>divinis</span> <span class='ocrx_word' id='word_1_390' title='bbox 557 2975 713 3046; x_wconf 84' lang='lat' dir='ltr'>sacrificiis,</span> <span class='ocrx_word' id='word_1_391' title='bbox 808 2998 838 3033; x_wconf 81' lang='grc' dir='ltr'>ιι</span> <span class='ocrx_word' id='word_1_392' title='bbox 853 2979 907 3033; x_wconf 89' lang='lat' dir='ltr'>Eos</span> <span class='ocrx_word' id='word_1_393' title='bbox 922 2994 1101 3040; x_wconf 77' lang='lat' dir='ltr'>nnnoomrmi.</span> <span class='ocrx_word' id='word_1_394' title='bbox 1113 3007 1148 3021; x_wconf 85' lang='lat'>-</span> <span class='ocrx_word' id='word_1_395' title='bbox 1160 2974 1250 3046; x_wconf 84' lang='lat' dir='ltr'>Magis</span> <span class='ocrx_word' id='word_1_396' title='bbox 1261 2979 1358 3031; x_wconf 91' lang='lat' dir='ltr'>autem</span> 
     </span>
     <span class='ocr_line' id='line_1_39' title="bbox 129 3043 1358 3129; baseline -0.001 -28"><span class='ocrx_word' id='word_1_397' title='bbox 129 3050 214 3117; x_wconf 90' lang='lat' dir='ltr'>atque</span> <span class='ocrx_word' id='word_1_398' title='bbox 234 3043 373 3125; x_wconf 82' lang='lat' dir='ltr'>altaribus</span> <span class='ocrx_word' id='word_1_399' title='bbox 393 3049 459 3115; x_wconf 88' lang='lat' dir='ltr'>apta</span> <span class='ocrx_word' id='word_1_400' title='bbox 472 3051 552 3113; x_wconf 87' lang='lat' dir='ltr'>sunt;</span> <span class='ocrx_word' id='word_1_401' title='bbox 572 3053 714 3104; x_wconf 84' lang='lat' dir='ltr'>saucerio</span> <span class='ocrx_word' id='word_1_402' title='bbox 769 3064 786 3104; x_wconf 89' lang='lat' dir='ltr'>a</span> <span class='ocrx_word' id='word_1_403' title='bbox 807 3047 902 3129; x_wconf 89' lang='lat' dir='ltr'>paruit</span> <span class='ocrx_word' id='word_1_404' title='bbox 922 3048 1046 3120; x_wconf 80' lang='lat' dir='ltr'>Angelus</span> <span class='ocrx_word' id='word_1_405' title='bbox 1069 3046 1244 3119; x_wconf 88' lang='lat' dir='ltr'>pastoribus,</span> <span class='ocrx_word' id='word_1_406' title='bbox 1271 3060 1358 3116; x_wconf 91' lang='lat' dir='ltr'>quam</span> 
     </span>
     <span class='ocr_line' id='line_1_40' title="bbox 128 3063 1359 3197; baseline -0.002 -23"><span class='ocrx_word' id='word_1_407' title='bbox 128 3133 162 3174; x_wconf 83' lang='lat' dir='ltr'>en</span> <span class='ocrx_word' id='word_1_408' title='bbox 182 3114 337 3196; x_wconf 83' lang='lat' dir='ltr'>immundis</span> <span class='ocrx_word' id='word_1_409' title='bbox 356 3131 387 3170; x_wconf 90' lang='lat' dir='ltr'>es</span> <span class='ocrx_word' id='word_1_410' title='bbox 402 3115 593 3197; x_wconf 80' lang='lat' dir='ltr'>animalibus,</span> <span class='ocrx_word' id='word_1_411' title='bbox 612 3124 642 3175; x_wconf 92' lang='lat' dir='ltr'>et</span> <span class='ocrx_word' id='word_1_412' title='bbox 663 3135 714 3176; x_wconf 88' lang='lat' dir='ltr'>ne·</span> <span class='ocrx_word' id='word_1_413' title='bbox 769 3063 832 3176; x_wconf 57' lang='lat' dir='ltr'>aliis</span> <span class='ocrx_word' id='word_1_414' title='bbox 860 3119 973 3191; x_wconf 90' lang='lat' dir='ltr'>generis</span> <span class='ocrx_word' id='word_1_415' title='bbox 998 3118 1124 3176; x_wconf 89' lang='lat' dir='ltr'>humani.</span> <span class='ocrx_word' id='word_1_416' title='bbox 1155 3117 1262 3184; x_wconf 91' lang='lat' dir='ltr'>Primo,</span> <span class='ocrx_word' id='word_1_417' title='bbox 1291 3114 1359 3187; x_wconf 84' lang='lat' dir='ltr'>quia</span> 
     </span>
     <span class='ocr_line' id='line_1_41' title="bbox 131 3186 1358 3313; baseline 0 -71"><span class='ocrx_word' id='word_1_418' title='bbox 131 3201 185 3313; x_wconf 53' lang='lat' dir='ltr'>gne</span> <span class='ocrx_word' id='word_1_419' title='bbox 196 3188 266 3268; x_wconf 79' lang='lat' dir='ltr'>cibis</span> <span class='ocrx_word' id='word_1_420' title='bbox 274 3201 325 3242; x_wconf 93' lang='lat' dir='ltr'>nec</span> <span class='ocrx_word' id='word_1_421' title='bbox 336 3186 483 3243; x_wconf 78' lang='lat' dir='ltr'>sacrificus</span> <span class='ocrx_word' id='word_1_422' title='bbox 493 3188 643 3246; x_wconf 86' lang='lat' dir='ltr'>denotatus</span> <span class='ocrx_word' id='word_1_423' title='bbox 651 3206 713 3246; x_wconf 84' lang='lat' dir='ltr'>cs.»</span> <span class='ocrx_word' id='word_1_424' title='bbox 769 3206 920 3263; x_wconf 76' lang='lat' dir='ltr'>paupereS,</span> <span class='ocrx_word' id='word_1_425' title='bbox 937 3207 987 3262; x_wconf 90' lang='lat' dir='ltr'>pro</span> <span class='ocrx_word' id='word_1_426' title='bbox 1009 3196 1052 3246; x_wconf 91' lang='lat' dir='ltr'>ter</span> <span class='ocrx_word' id='word_1_427' title='bbox 1071 3205 1143 3272; x_wconf 86' lang='lat' dir='ltr'>quos</span> <span class='ocrx_word' id='word_1_428' title='bbox 1161 3187 1291 3246; x_wconf 87' lang='lat' dir='ltr'>Christus</span> <span class='ocrx_word' id='word_1_429' title='bbox 1310 3202 1358 3243; x_wconf 81' lang='lat' dir='ltr'>ve·</span> 
     </span>
     <span class='ocr_line' id='line_1_42' title="bbox 154 3207 1357 3332; baseline -0.001 -18"><span class='ocrx_word' id='word_1_430' title='bbox 154 3259 313 3314; x_wconf 86' lang='lat' dir='ltr'>erlllarram</span> <span class='ocrx_word' id='word_1_431' title='bbox 324 3256 448 3314; x_wconf 84' lang='lat' dir='ltr'>Ecclesia</span> <span class='ocrx_word' id='word_1_432' title='bbox 458 3258 600 3332; x_wconf 86' lang='lat' dir='ltr'>designari</span> <span class='ocrx_word' id='word_1_433' title='bbox 611 3265 714 3332; x_wconf 90' lang='lat' dir='ltr'>potest,</span> <span class='ocrx_word' id='word_1_434' title='bbox 769 3260 877 3330; x_wconf 91' lang='lat' dir='ltr'>niebat,</span> <span class='ocrx_word' id='word_1_435' title='bbox 892 3207 1047 3317; x_wconf 59' lang='lat' dir='ltr'>secundum</span> <span class='ocrx_word' id='word_1_436' title='bbox 1076 3260 1146 3316; x_wconf 83' lang='lat' dir='ltr'>illud</span> <span class='ocrx_word' id='word_1_437' title='bbox 1170 3257 1357 3316; x_wconf 81' lang='lat' dir='ltr'>Psalmistae:</span> 
     </span>
     <span class='ocr_line' id='line_1_43' title="bbox 111 3330 1362 3404; baseline 0.002 -23"><span class='ocrx_word' id='word_1_438' title='bbox 111 3370 116 3381; x_wconf 93' lang='lat'><em>.</em></span> <span class='ocrx_word' id='word_1_439' title='bbox 130 3335 159 3387; x_wconf 90' lang='lat' dir='ltr'>et</span> <span class='ocrx_word' id='word_1_440' title='bbox 171 3345 224 3402; x_wconf 90' lang='lat' dir='ltr'>per</span> <span class='ocrx_word' id='word_1_441' title='bbox 238 3330 343 3402; x_wconf 85' lang='lat' dir='ltr'>loseph</span> <span class='ocrx_word' id='word_1_442' title='bbox 361 3345 495 3401; x_wconf 90' lang='lat' dir='ltr'>sponsum</span> <span class='ocrx_word' id='word_1_443' title='bbox 515 3332 585 3399; x_wconf 91' lang='lat' dir='ltr'>e&#39;us,</span> <span class='ocrx_word' id='word_1_444' title='bbox 604 3332 715 3403; x_wconf 90' lang='lat' dir='ltr'>episco·</span> <span class='ocrx_word' id='word_1_445' title='bbox 769 3335 885 3404; x_wconf 83' lang='lat' dir='ltr'>Propter</span> <span class='ocrx_word' id='word_1_446' title='bbox 899 3335 1038 3389; x_wconf 83' lang='lat' dir='ltr'>miseriam</span> <span class='ocrx_word' id='word_1_447' title='bbox 1051 3336 1174 3402; x_wconf 84' lang='lat' dir='ltr'>inopum,</span> <span class='ocrx_word' id='word_1_448' title='bbox 1188 3335 1213 3386; x_wconf 90' lang='lat' dir='ltr'>et</span> <span class='ocrx_word' id='word_1_449' title='bbox 1224 3332 1362 3399; x_wconf 74' lang='lat' dir='ltr'>gemitum</span> 
     </span>
     <span class='ocr_line' id='line_1_44' title="bbox 128 3347 1361 3483; baseline -0.003 -26"><span class='ocrx_word' id='word_1_450' title='bbox 128 3415 193 3483; x_wconf 88' lang='lat' dir='ltr'>pus.</span> <span class='ocrx_word' id='word_1_451' title='bbox 211 3403 331 3473; x_wconf 87' lang='lat' dir='ltr'>Propter</span> <span class='ocrx_word' id='word_1_452' title='bbox 354 3401 431 3483; x_wconf 83' lang='lat' dir='ltr'>quod</span> <span class='ocrx_word' id='word_1_453' title='bbox 456 3347 593 3483; x_wconf 53' lang='lat' dir='ltr'>annuium</span> <span class='ocrx_word' id='word_1_454' title='bbox 617 3403 713 3472; x_wconf 91' lang='lat' dir='ltr'>babet,</span> <span class='ocrx_word' id='word_1_455' title='bbox 766 3420 931 3476; x_wconf 83' lang='lat' dir='ltr'>pauperum,</span> <span class='ocrx_word' id='word_1_456' title='bbox 956 3409 1009 3460; x_wconf 83' lang='lat' dir='ltr'>etc.</span> <span class='ocrx_word' id='word_1_457' title='bbox 1034 3402 1173 3470; x_wconf 92' lang='lat' dir='ltr'>Secundo,</span> <span class='ocrx_word' id='word_1_458' title='bbox 1194 3400 1261 3473; x_wconf 86' lang='lat' dir='ltr'>quia</span> <span class='ocrx_word' id='word_1_459' title='bbox 1288 3399 1361 3456; x_wconf 72' lang='lat' dir='ltr'>sim·</span> 
     </span>
     <span class='ocr_line' id='line_1_45' title="bbox 130 3472 1360 3547; baseline -0.001 -19"><span class='ocrx_word' id='word_1_460' title='bbox 130 3474 716 3544; x_wconf 82' lang='lat' dir='ltr'>sicutsponsus,etsicutllanaioecunda</span> <span class='ocrx_word' id='word_1_461' title='bbox 770 3475 868 3547; x_wconf 89' lang='lat' dir='ltr'>plices,</span> <span class='ocrx_word' id='word_1_462' title='bbox 894 3475 977 3545; x_wconf 84' lang='lat' dir='ltr'>juxta</span> <span class='ocrx_word' id='word_1_463' title='bbox 1005 3474 1074 3530; x_wconf 91' lang='lat' dir='ltr'>illud</span> <span class='ocrx_word' id='word_1_464' title='bbox 1104 3472 1325 3529; x_wconf 83' lang='lat' dir='ltr'>Proverbiorum</span> <span class='ocrx_word' id='word_1_465' title='bbox 1350 3489 1360 3527; x_wconf 78' lang='lat' dir='ltr'>s</span> 
     </span>
     <span class='ocr_line' id='line_1_46' title="bbox 129 3543 1358 3618; baseline -0.001 -20"><span class='ocrx_word' id='word_1_466' title='bbox 129 3543 194 3609; x_wconf 86' lang='lat' dir='ltr'>inii,</span> <span class='ocrx_word' id='word_1_467' title='bbox 208 3549 373 3599; x_wconf 89' lang='lat' dir='ltr'>nontamen</span> <span class='ocrx_word' id='word_1_468' title='bbox 388 3560 405 3599; x_wconf 92' lang='lat' dir='ltr'>a</span> <span class='ocrx_word' id='word_1_469' title='bbox 418 3545 522 3616; x_wconf 89' lang='lat' dir='ltr'>Joseph</span> <span class='ocrx_word' id='word_1_470' title='bbox 534 3560 650 3618; x_wconf 86' lang='lat' dir='ltr'>sponso,</span> <span class='ocrx_word' id='word_1_471' title='bbox 665 3546 715 3603; x_wconf 90' lang='lat' dir='ltr'>sed</span> <span class='ocrx_word' id='word_1_472' title='bbox 768 3550 878 3602; x_wconf 81' lang='lat' dir='ltr'>Etcum</span> <span class='ocrx_word' id='word_1_473' title='bbox 893 3547 1067 3617; x_wconf 85' lang='lat' dir='ltr'>simplicibus</span> <span class='ocrx_word' id='word_1_474' title='bbox 1078 3546 1268 3600; x_wconf 86' lang='lat' dir='ltr'>sermocinatio</span> <span class='ocrx_word' id='word_1_475' title='bbox 1286 3543 1358 3598; x_wconf 87' lang='lat' dir='ltr'>e&#39;us.</span> 
     </span>
     <span class='ocr_line' id='line_1_47' title="bbox 131 3612 1361 3698; baseline -0.001 -29"><span class='ocrx_word' id='word_1_476' title='bbox 131 3629 149 3669; x_wconf 89' lang='lat' dir='ltr'>a</span> <span class='ocrx_word' id='word_1_477' title='bbox 167 3612 274 3694; x_wconf 82' lang='lat' dir='ltr'>Spiritu</span> <span class='ocrx_word' id='word_1_478' title='bbox 290 3615 403 3681; x_wconf 87' lang='lat' dir='ltr'>Sancto,</span> <span class='ocrx_word' id='word_1_479' title='bbox 418 3614 501 3671; x_wconf 91' lang='lat' dir='ltr'>sicet</span> <span class='ocrx_word' id='word_1_480' title='bbox 519 3616 644 3673; x_wconf 85' lang='lat' dir='ltr'>Ecclesia</span> <span class='ocrx_word' id='word_1_481' title='bbox 663 3618 715 3674; x_wconf 87' lang='lat' dir='ltr'>ioe-</span> <span class='ocrx_word' id='word_1_482' title='bbox 769 3616 876 3685; x_wconf 89' lang='lat' dir='ltr'>Tertio,</span> <span class='ocrx_word' id='word_1_483' title='bbox 890 3615 957 3698; x_wconf 85' lang='lat' dir='ltr'>quia</span> <span class='ocrx_word' id='word_1_484' title='bbox 980 3616 1090 3688; x_wconf 88' lang='lat' dir='ltr'>vigiles,</span> <span class='ocrx_word' id='word_1_485' title='bbox 1111 3615 1265 3672; x_wconf 92' lang='lat' dir='ltr'>secundum</span> <span class='ocrx_word' id='word_1_486' title='bbox 1288 3612 1361 3669; x_wconf 92' lang='lat' dir='ltr'>ilud</span> 
     </span>
     <span class='ocr_line' id='line_1_48' title="bbox 130 3683 1366 3755; baseline 0 -16"><span class='ocrx_word' id='word_1_487' title='bbox 130 3684 306 3740; x_wconf 83' lang='lat' dir='ltr'>cundrtatem</span> <span class='ocrx_word' id='word_1_488' title='bbox 330 3683 430 3755; x_wconf 71' lang='lat' dir='ltr'>gratiae</span> <span class='ocrx_word' id='word_1_489' title='bbox 457 3686 544 3743; x_wconf 91' lang='lat' dir='ltr'>habet</span> <span class='ocrx_word' id='word_1_490' title='bbox 560 3703 577 3743; x_wconf 91' lang='lat' dir='ltr'>a</span> <span class='ocrx_word' id='word_1_491' title='bbox 592 3690 660 3745; x_wconf 90' lang='lat' dir='ltr'>Deo.</span> <span class='ocrx_word' id='word_1_492' title='bbox 681 3688 715 3745; x_wconf 90' lang='lat' dir='ltr'>lli</span> <span class='ocrx_word' id='word_1_493' title='bbox 754 3686 989 3744; x_wconf 87' lang='lat' dir='ltr'>&#39;Proverbrorum</span> <span class='ocrx_word' id='word_1_494' title='bbox 1006 3705 1013 3743; x_wconf 89' lang='lat'>:</span> <span class='ocrx_word' id='word_1_495' title='bbox 1030 3688 1083 3755; x_wconf 83' lang='lat' dir='ltr'>Qui</span> <span class='ocrx_word' id='word_1_496' title='bbox 1096 3702 1176 3743; x_wconf 89' lang='lat' dir='ltr'>mane</span> <span class='ocrx_word' id='word_1_497' title='bbox 1188 3687 1309 3754; x_wconf 79' lang='lat' dir='ltr'>vigilant</span> <span class='ocrx_word' id='word_1_498' title='bbox 1323 3684 1366 3739; x_wconf 84' lang='lat' dir='ltr'>ad</span> 
     </span>
     <span class='ocr_line' id='line_1_49' title="bbox 130 3754 1363 3836; baseline 0.002 -27"><span class='ocrx_word' id='word_1_499' title='bbox 130 3754 286 3836; x_wconf 74' lang='lat' dir='ltr'>ascendunt</span> <span class='ocrx_word' id='word_1_500' title='bbox 303 3756 444 3811; x_wconf 85' lang='lat' dir='ltr'>tendendo</span> <span class='ocrx_word' id='word_1_501' title='bbox 457 3755 487 3812; x_wconf 92' lang='lat' dir='ltr'>in</span> <span class='ocrx_word' id='word_1_502' title='bbox 501 3757 667 3815; x_wconf 90' lang='lat' dir='ltr'>Bethlehem</span> <span class='ocrx_word' id='word_1_503' title='bbox 680 3758 717 3815; x_wconf 88' lang='lat' dir='ltr'>ci·</span> <span class='ocrx_word' id='word_1_504' title='bbox 769 3776 820 3825; x_wconf 90' lang='lat' dir='ltr'>me,</span> <span class='ocrx_word' id='word_1_505' title='bbox 834 3761 974 3815; x_wconf 82' lang='lat' dir='ltr'>invenient</span> <span class='ocrx_word' id='word_1_506' title='bbox 984 3775 1035 3814; x_wconf 89' lang='lat' dir='ltr'>me.</span> <span class='ocrx_word' id='word_1_507' title='bbox 1050 3761 1166 3826; x_wconf 84' lang='lat' dir='ltr'>Quarto,</span> <span class='ocrx_word' id='word_1_508' title='bbox 1175 3761 1293 3828; x_wconf 88' lang='lat' dir='ltr'>propter</span> <span class='ocrx_word' id='word_1_509' title='bbox 1302 3771 1363 3827; x_wconf 74' lang='lat' dir='ltr'>my·</span> 
     </span>
     <span class='ocr_line' id='line_1_50' title="bbox 129 3826 1363 3900; baseline 0.002 -20"><span class='ocrx_word' id='word_1_510' title='bbox 129 3831 245 3881; x_wconf 81' lang='lat' dir='ltr'>vitatem</span> <span class='ocrx_word' id='word_1_511' title='bbox 269 3841 365 3894; x_wconf 89' lang='lat' dir='ltr'>snam,</span> <span class='ocrx_word' id='word_1_512' title='bbox 384 3826 490 3884; x_wconf 88' lang='lat' dir='ltr'>scilicet</span> <span class='ocrx_word' id='word_1_513' title='bbox 507 3829 668 3899; x_wconf 87' lang='lat' dir='ltr'>coelestem,</span> <span class='ocrx_word' id='word_1_514' title='bbox 688 3834 717 3886; x_wconf 93' lang='lat' dir='ltr'>et</span> <span class='ocrx_word' id='word_1_515' title='bbox 770 3829 899 3898; x_wconf 88' lang='lat' dir='ltr'>sterium,</span> <span class='ocrx_word' id='word_1_516' title='bbox 911 3835 942 3885; x_wconf 91' lang='lat' dir='ltr'>ut</span> <span class='ocrx_word' id='word_1_517' title='bbox 957 3826 1363 3900; x_wconf 84' lang='lat' dir='ltr'>signillceturquoddoctrina</span> 
     </span>
     <span class='ocr_line' id='line_1_51' title="bbox 128 3896 1366 3982; baseline 0.001 -30"><span class='ocrx_word' id='word_1_518' title='bbox 128 3896 300 3977; x_wconf 80' lang='lat' dir='ltr'>profitentur</span> <span class='ocrx_word' id='word_1_519' title='bbox 313 3896 392 3953; x_wconf 92' lang='lat' dir='ltr'>omni</span> <span class='ocrx_word' id='word_1_520' title='bbox 405 3898 569 3981; x_wconf 78' lang='lat' dir='ltr'>imperatori</span> <span class='ocrx_word' id='word_1_521' title='bbox 584 3900 716 3957; x_wconf 85' lang='lat' dir='ltr'>exhibere</span> <span class='ocrx_word' id='word_1_522' title='bbox 770 3901 856 3958; x_wconf 90' lang='lat' dir='ltr'>debet</span> <span class='ocrx_word' id='word_1_523' title='bbox 869 3917 887 3957; x_wconf 94' lang='lat' dir='ltr'>a</span> <span class='ocrx_word' id='word_1_524' title='bbox 899 3901 1061 3982; x_wconf 89' lang='lat' dir='ltr'>pastoribus</span> <span class='ocrx_word' id='word_1_525' title='bbox 1076 3906 1104 3956; x_wconf 93' lang='lat' dir='ltr'>et</span> <span class='ocrx_word' id='word_1_526' title='bbox 1123 3898 1248 3972; x_wconf 78' lang='lat' dir='ltr'>praelatis</span> <span class='ocrx_word' id='word_1_527' title='bbox 1263 3897 1366 3954; x_wconf 80' lang='lat' dir='ltr'>uenire</span> 
     </span>
     <span class='ocr_line' id='line_1_52' title="bbox 130 3968 1364 4043; baseline 0.002 -20"><span class='ocrx_word' id='word_1_528' title='bbox 130 3972 306 4024; x_wconf 77' lang='lat' dir='ltr'>servitutem.</span> <span class='ocrx_word' id='word_1_529' title='bbox 323 3968 449 4026; x_wconf 80' lang='lat' dir='ltr'>Ecclesia</span> <span class='ocrx_word' id='word_1_530' title='bbox 464 3986 532 4026; x_wconf 87' lang='lat' dir='ltr'>vero</span> <span class='ocrx_word' id='word_1_531' title='bbox 545 3987 575 4026; x_wconf 92' lang='lat' dir='ltr'>m</span> <span class='ocrx_word' id='word_1_532' title='bbox 590 3971 716 4043; x_wconf 90' lang='lat' dir='ltr'>qualibet</span> <span class='ocrx_word' id='word_1_533' title='bbox 770 3972 807 4030; x_wconf 92' lang='lat' dir='ltr'>ad</span> <span class='ocrx_word' id='word_1_534' title='bbox 824 3972 962 4031; x_wconf 83' lang='lat' dir='ltr'>subditos.</span> <span class='ocrx_word' id='word_1_535' title='bbox 978 3976 1179 4029; x_wconf 71' lang='lat' dir='ltr'>attinuerunt</span> <span class='ocrx_word' id='word_1_536' title='bbox 1195 3973 1293 4027; x_wconf 86' lang='lat' dir='ltr'>timore</span> <span class='ocrx_word' id='word_1_537' title='bbox 1304 3985 1364 4026; x_wconf 87' lang='lat' dir='ltr'>rnu-</span> 
     </span>
     <span class='ocr_line' id='line_1_53' title="bbox 129 4038 1362 4120; baseline 0.001 -25"><span class='ocrx_word' id='word_1_538' title='bbox 129 4038 206 4095; x_wconf 92' lang='lat' dir='ltr'>bona</span> <span class='ocrx_word' id='word_1_539' title='bbox 232 4054 356 4120; x_wconf 77' lang='lat' dir='ltr'>persona</span> <span class='ocrx_word' id='word_1_540' title='bbox 381 4039 456 4111; x_wconf 91' lang='lat' dir='ltr'>parit</span> <span class='ocrx_word' id='word_1_541' title='bbox 481 4039 572 4097; x_wconf 89' lang='lat' dir='ltr'>lilium</span> <span class='ocrx_word' id='word_1_542' title='bbox 601 4044 715 4114; x_wconf 78' lang='lat' dir='ltr'>quando</span> <span class='ocrx_word' id='word_1_543' title='bbox 768 4060 832 4114; x_wconf 78' lang='lat' dir='ltr'>gno,</span> <span class='ocrx_word' id='word_1_544' title='bbox 848 4050 965 4117; x_wconf 91' lang='lat' dir='ltr'>propter</span> <span class='ocrx_word' id='word_1_545' title='bbox 986 4042 1129 4100; x_wconf 89' lang='lat' dir='ltr'>insolitam</span> <span class='ocrx_word' id='word_1_546' title='bbox 1153 4041 1253 4112; x_wconf 80' lang='lat' dir='ltr'>Angeli</span> <span class='ocrx_word' id='word_1_547' title='bbox 1275 4039 1362 4097; x_wconf 85' lang='lat' dir='ltr'>visio·</span> 
     </span>
     <span class='ocr_line' id='line_1_54' title="bbox 131 4110 1364 4191; baseline 0.001 -25"><span class='ocrx_word' id='word_1_548' title='bbox 131 4110 236 4166; x_wconf 92' lang='lat' dir='ltr'>bonum</span> <span class='ocrx_word' id='word_1_549' title='bbox 255 4125 334 4181; x_wconf 81' lang='lat' dir='ltr'>prius</span> <span class='ocrx_word' id='word_1_550' title='bbox 350 4116 517 4191; x_wconf 79' lang='lat' dir='ltr'>conceptum</span> <span class='ocrx_word' id='word_1_551' title='bbox 536 4113 668 4183; x_wconf 88' lang='lat' dir='ltr'>perducit</span> <span class='ocrx_word' id='word_1_552' title='bbox 679 4115 715 4171; x_wconf 87' lang='lat' dir='ltr'>ad</span> <span class='ocrx_word' id='word_1_553' title='bbox 768 4131 847 4184; x_wconf 93' lang='lat' dir='ltr'>nem,</span> <span class='ocrx_word' id='word_1_554' title='bbox 869 4120 896 4172; x_wconf 92' lang='lat' dir='ltr'>et</span> <span class='ocrx_word' id='word_1_555' title='bbox 922 4115 1044 4172; x_wconf 89' lang='lat' dir='ltr'>subitam</span> <span class='ocrx_word' id='word_1_556' title='bbox 1069 4112 1238 4171; x_wconf 88' lang='lat' dir='ltr'>claritatem.</span> <span class='ocrx_word' id='word_1_557' title='bbox 1254 4111 1311 4170; x_wconf 90' lang='lat' dir='ltr'>Sed</span> <span class='ocrx_word' id='word_1_558' title='bbox 1336 4116 1364 4167; x_wconf 88' lang='lat' dir='ltr'>et</span> 
     </span>
     <span class='ocr_line' id='line_1_55' title="bbox 131 4180 1365 4262; baseline 0 -25"><span class='ocrx_word' id='word_1_559' title='bbox 131 4180 324 4262; x_wconf 45' lang='lat' dir='ltr'>ellectumpet</span> <span class='ocrx_word' id='word_1_560' title='bbox 339 4180 442 4252; x_wconf 88' lang='lat' dir='ltr'>pannis</span> <span class='ocrx_word' id='word_1_561' title='bbox 458 4181 584 4251; x_wconf 82' lang='lat' dir='ltr'>involvit,</span> <span class='ocrx_word' id='word_1_562' title='bbox 600 4185 714 4256; x_wconf 81' lang='lat' dir='ltr'>quando</span> <span class='ocrx_word' id='word_1_563' title='bbox 769 4187 894 4255; x_wconf 80' lang='lat' dir='ltr'>Angelus</span> <span class='ocrx_word' id='word_1_564' title='bbox 912 4203 962 4242; x_wconf 90' lang='lat' dir='ltr'>cos</span> <span class='ocrx_word' id='word_1_565' title='bbox 983 4186 1146 4242; x_wconf 92' lang='lat' dir='ltr'>consolatus</span> <span class='ocrx_word' id='word_1_566' title='bbox 1165 4189 1218 4252; x_wconf 86' lang='lat' dir='ltr'>est,</span> <span class='ocrx_word' id='word_1_567' title='bbox 1238 4188 1267 4240; x_wconf 93' lang='lat' dir='ltr'>et</span> <span class='ocrx_word' id='word_1_568' title='bbox 1286 4183 1365 4240; x_wconf 81' lang='lat' dir='ltr'>dicit</span> 
     </span>
     <span class='ocr_line' id='line_1_56' title="bbox 131 4251 1365 4329; baseline 0.002 -20"><span class='ocrx_word' id='word_1_569' title='bbox 131 4251 168 4309; x_wconf 91' lang='lat' dir='ltr'>ab</span> <span class='ocrx_word' id='word_1_570' title='bbox 182 4252 315 4310; x_wconf 86' lang='lat' dir='ltr'>humans</span> <span class='ocrx_word' id='word_1_571' title='bbox 333 4251 464 4310; x_wconf 90' lang='lat' dir='ltr'>laudibus</span> <span class='ocrx_word' id='word_1_572' title='bbox 478 4252 531 4309; x_wconf 90' lang='lat' dir='ltr'>hoc</span> <span class='ocrx_word' id='word_1_573' title='bbox 546 4254 713 4324; x_wconf 81' lang='lat' dir='ltr'>abscondit3</span> <span class='ocrx_word' id='word_1_574' title='bbox 770 4259 831 4313; x_wconf 82' lang='lat' dir='ltr'>iilis</span> <span class='ocrx_word' id='word_1_575' title='bbox 847 4276 855 4313; x_wconf 90' lang='lat'>:</span> <span class='ocrx_word' id='word_1_576' title='bbox 870 4259 963 4317; x_wconf 80' lang='lat' dir='ltr'>Nolite</span> <span class='ocrx_word' id='word_1_577' title='bbox 976 4260 1081 4315; x_wconf 88' lang='lat' dir='ltr'>timere.</span> <span class='ocrx_word' id='word_1_578' title='bbox 1097 4257 1184 4329; x_wconf 80' lang='lat' dir='ltr'>Cujus</span> <span class='ocrx_word' id='word_1_579' title='bbox 1198 4254 1365 4313; x_wconf 80' lang='lat' dir='ltr'>causasub-</span> 
     </span>
    </p>
   </div>
   <div class='ocr_carea' id='block_1_3' title="bbox 0 0 1420 4912">
    <p class='ocr_par' dir='ltr' id='par_1_3' title="bbox 0 0 1420 4912">
     <span class='ocr_line' id='line_1_57' title="bbox 0 0 1420 4912; baseline 0 0"><span class='ocrx_word' id='word_1_580' title='bbox 0 0 1420 4912; x_wconf 95' lang='lat' dir='ltr'> </span> 
     </span>
    </p>
   </div>
  </div>
 </body>
</html>
