2790 4912
358 318 401 372 Dii
427 317 654 374 concretione
681 320 885 376 SALVATORIS
912 318 1045 373 uostttt.
1290 314 1322 367 st

124 417 244 475 mundum
254 420 404 491 redimeret,
421 438 472 495 per
487 427 514 480 te
532 423 675 481 iiiumina-
771 429 802 480 ιδ
825 425 921 479 iturum
942 425 1008 479 iesu
1035 438 1262 477 mrammcrerra.
1286 451 1321 463 -

125 495 173 558 ret,
200 494 224 545 et
242 505 283 562 per
302 497 328 549 te
352 493 389 550 ad
411 494 499 551 vitam
518 501 674 553 revocaret.
732 493 877 563 invenisti,
889 492 1322 566 inquamgrotiam,totiusgra·

37 612 40 621 .
126 561 206 640 iterra
219 575 270 633 ergo
282 565 342 646 jam
362 565 456 636 gratia
480 565 589 624 invenit
609 583 674 640 gra·
731 565 778 622 tiae
799 568 949 623 ductorem
969 569 1157 637 conceptura;
1177 578 1244 620 nam
1264 579 1322 620 ecce

37 674 39 681 .
124 633 322 704 atramentis,
340 636 421 693 etad
442 635 674 709 dispensandum.
731 640 865 709 concipies
884 639 915 692 ia
931 648 1005 691 utero
1020 635 1082 692 sine
1096 640 1212 707 peccato
1224 639 1252 691 et
1264 650 1322 691 ma·

125 700 193 783 [inde
210 703 363 774 Augustiana
387 725 396 762 :
419 728 433 760 <r
454 708 593 776 ortaria,
612 726 677 784 gra·
731 708 806 790 cuia,
828 709 969 780 reperies
986 709 1088 764 Filium
1103 705 1163 762 sine
1179 705 1277 763 dolore
1292 710 1322 763 et

124 778 181 828 tem
205 777 262 847 epud
287 777 437 836 Dominum
472 779 619 849 invenisti,
647 785 676 838 et
731 779 857 847 tristitia,
886 778 965 850 virgo
989 794 1158 850 permanens
1177 776 1205 833 in
1225 781 1320 860 partu,

124 843 186 900 hanc
194 853 337 924 pertatem
356 850 493 907 mundum
516 850 675 909 diffundere
731 849 804 908 sicut
822 856 851 907 et
875 848 904 906 in
929 855 1076 920 conceptu.
1100 850 1134 905 Et
1159 849 1232 905 bene
1251 847 1322 904 drcrt

123 916 353 995 &maimunde
370 927 503 979 notanter
516 922 585 979 dicit
599 923 677 980 iuve-
731 920 875 993 concipies
902 920 931 977 iu
958 924 1056 988 utero;
1082 921 1142 991 jam
1172 919 1249 976 enim
1269 934 1322 992 per

124 988 178 1067 ⁰3⁸¹!
191 1003 196 1041 :
207 1004 253 1046 nou
265 990 334 1048 dicit
347 992 482 1062 habuisti,
494 992 539 1050 vei
555 993 676 1066 acquisi·
731 993 818 1049 tidem
833 997 861 1048 et
875 990 1054 1049 devotionem
1068 995 1239 1062 conceperat
1253 1005 1319 1047 eum

125 1060 185 1135 itm,
196 1061 247 1130 quia
258 1078 304 1120 res
321 1063 418 1120 hahita
432 1064 475 1120 rei
488 1065 563 1137 juste
577 1065 674 1137 acqui·
730 1062 759 1119 in
774 1064 859 1121 corde
878 1079 930 1120 suo
946 1080 954 1118 t
971 1067 1000 1118 ct
1014 1063 1068 1118 hoc
1081 1062 1166 1118 modo
1183 1062 1321 1119 debemus

124 1130 312 1212 artautproprie
321 1134 545 1204 custoditur,sed
559 1136 675 1193 inventa
730 1151 783 1191 nos
797 1151 861 1191 eum
875 1133 1036 1206 concipere,
1051 1132 1158 1189 scilicet
1167 1148 1220 1204 per
1232 1131 1319 1188 ssdem

123 1195 160 1252 hit
172 1214 207 1280 qut
224 1204 407 1274 perdiderunt
425 1206 583 1264 restituitur
604 1226 611 1263 :
634 1207 675 1264 sie
730 1212 758 1263 et
769 1205 996 1274 devotionem,et
1011 1219 1111 1275 parere
1127 1219 1177 1275 per
1192 1209 1320 1260 sanctam

125 1266 306 1349 tttpainren‘t
357 1276 455 1347 etiam,
471 1293 528 1334 non
549 1277 602 1335 sibi
622 1278 675 1335 soli
730 1275 935 1348 operationem.
956 1278 992 1332 Et
1015 1275 1124 1330 vocetis
1146 1291 1241 1330 nornen
1259 1274 1320 1356 ejas

123 1342 274 1415 merendam,
353 1356 498 1420 tamquam
512 1348 576 1406 aliis
591 1349 674 1406 resti·
729 1351 830 1411 tesam,
846 1346 875 1402 id
894 1351 948 1414 est,
966 1345 1155 1413 Salvatorem;
1175 1362 1231 1401 uon
1250 1344 1321 1401 dicit

122 1410 296 1486 tentamenti
311 1418 674 1493 enimiurenitperditum,
729 1418 869 1490 impones,
884 1416 951 1488 quia
967 1417 1021 1472 hoc
1037 1431 1142 1496 nomen
1159 1417 1195 1471 ab
1211 1418 1320 1472 aeterno

120 1481 676 1564 teoeturrestituere;gratiamveroquam
730 1489 783 1547 tuit
804 1505 823 1546 a
844 1490 901 1545 Deo
925 1489 1009 1544 Patre
1029 1485 1202 1557 impositum,
1218 1492 1247 1542 et
1269 1501 1321 1559 per

122 1548 164 1608 sstt
174 1559 294 1629 perdidit,
316 1560 404 1618 Maria
421 1561 537 1631 invenit,
556 1578 614 1619 non
629 1579 675 1619 so·
729 1561 868 1633 Angelum
895 1558 991 1616 Mariae
1019 1563 1048 1614 et
1072 1558 1188 1629 ioseph,
1214 1572 1247 1614 ac
1269 1572 1320 1630 per

118 1616 313 1698 tenerosesed
323 1638 351 1689 et
359 1647 411 1705 pro
422 1632 514 1702 nohis,
523 1633 580 1690 imo
589 1635 675 1690 etiam
730 1648 780 1689 eos
801 1631 865 1690 aliis
886 1629 1071 1703 divulgatum.
1091 1630 1148 1684 Hoc
1166 1627 1251 1685 etiam
1267 1643 1318 1685 no·

117 1702 205 1766 propter
217 1718 269 1759 nos
284 1720 292 1759 ε
310 1703 375 1775 quia
394 1704 418 1760 si
438 1720 491 1761 nos
512 1711 676 1777 peccatores
730 1719 795 1760 men
818 1701 982 1774 impositum
1004 1706 1058 1770 est,
1076 1700 1233 1757 secundum
1252 1714 1318 1772 pro·

119 1773 163 1820 ¹¹0ss
173 1769 325 1843 fuissemus,
341 1776 415 1832 Deus
431 1775 467 1832 de
485 1774 547 1848 ipsa
560 1793 675 1833 carnem
730 1768 879 1847 prietatem
889 1775 1023 1843 suturam,
1036 1771 1103 1844 quia
1113 1772 1190 1828 salus
1200 1770 1319 1829 humani

115 1844 159 1890 non
173 1843 339 1917 sumpsisset.
364 1848 397 1902 Et
421 1845 486 1903 ideo
507 1847 675 1919 omnesqui
729 1845 843 1916 generis
866 1845 961 1901 futura
983 1848 1046 1901 erat
1067 1859 1119 1916 per
1143 1845 1249 1908 iesum,
1270 1841 1318 1914 qui

114 1914 231 1972 tacendo
258 1916 380 1987 gratiam
404 1917 562 1987 amisimus,
583 1918 675 1975 securi
728 1919 805 1972 sotus
816 1916 1031 1988 interpretatum
1048 1921 1077 1971 ct
1091 1914 1154 1970 ideo
1166 1913 1317 1970 subditur:

113 1972 142 2028 id
160 1982 283 2061 thronum
312 1988 412 2058 gratiae
440 1990 620 2058 accedamus,
647 1994 676 2046 et
728 1991 790 2060 ipse
813 1991 884 2044 enim
904 1989 1012 2043 eotoam
1030 1990 1202 2059 sociennon
1223 1999 1320 2056 quem·

112 2040 205 2112 denam
221 2057 406 2116 inventricem
421 2060 520 2132 gratiae
535 2060 589 2132 piis
604 2060 676 2118 tteti-
728 2075 860 2131 cumque,
876 2058 926 2115 sed
942 2060 1074 2130 poputum
1092 2074 1182 2121 suerro,
1199 2055 1224 2112 ci
1241 2055 1319 2112 sciti·

111 2109 152 2175 bus
167 2132 245 2199 atque
259 2128 370 2187 devotis
386 2131 563 2189 orationibus
580 2132 674 2204 pulse-
729 2135 774 2188 cet
788 2147 839 2213 per
857 2129 944 2186 tidem
963 2130 1168 2196 adhaerentem,
1184 2137 1212 2184 ot
1226 2126 1319 2197 ipsum

108 2194 165 2265 Μῦς,
178 2206 205 2255 ut
221 2202 343 2273 gratiam
360 2203 443 2259 nobis
460 2203 572 2271 reddat,
589 2219 673 2275 quarn
729 2202 809 2258 boms
830 2199 963 2274 operibus
983 2200 1151 2267 imitantem,
1167 2201 1319 2271 opeccotr'r

106 2265 146 2322 pm
156 2270 232 2328 nobis
243 2277 271 2328 et
306 2279 463 2344 ropternos
478 2273 594 2331 invenit.
611 2277 674 2347 lpse
728 2288 835 2339 coruom
864 2278 892 2329 et
921 2287 972 2344 per
1001 2272 1054 2328 hoc
1080 2275 1196 2328 notatur
1219 2284 1318 2326 verum

104 2337 217 2419 e§terim
229 2341 271 2399 ita
283 2287 391 2425 iegatis,
404 2344 492 2415 justa,
506 2344 553 2417 pia
565 2351 593 2402 et
607 2361 673 2417 pro·
728 2360 791 2426 esse
805 2345 903 2426 Deum,
915 2341 991 2414 quia,
1003 2347 1034 2398 ut
1048 2341 1088 2399 ait
1101 2344 1317 2422 chrysostomus,

101 2410 165 2481 itia,
189 2414 266 2484 quod
291 2414 361 2471 nuiir
389 2416 528 2487 quaerenti
550 2416 675 2489 denegat
728 2415 816 2472 sottus
836 2416 884 2471 Der
901 2421 944 2470 est
960 2413 1070 2470 salvare
1082 2428 1098 2469 a
1111 2418 1246 2484 peccatis.
1263 2412 1317 2467 Po·

99 2483 216 2544 tractam.
229 2485 308 2542 Unde
322 2488 497 2543 demordeat
511 2487 674 2546 «Omnibus
726 2486 810 2613 putus
820 2492 913 2541 autern
925 2482 1041 2553 Christi,
1050 2499 1106 2539 non
1120 2490 1228 2539 tantum
1241 2482 1318 2539 natio

98 2555 270 2613 ttoniaiacta
291 2562 345 2627 est,
361 2558 600 2616 omnibussinum
621 2559 673 2616 mi·
745 2556 891 2612 udaeorum
919 2559 972 2620 est,
1001 2554 1051 2610 sed
1077 2569 1177 2609 omnes
1206 2568 1318 2624 quoque

95 2625 245 2703 tericordiae
260 2628 382 2699 aperuit,
399 2634 430 2685 ut
446 2630 482 2687 de
497 2630 674 2703 plenitudine
749 2625 776 2683 ui
789 2626 825 2682 ad
837 2641 902 2682 eum
912 2624 1040 2706 veniunt,
1050 2624 1167 2695 eiusque
1178 2622 1319 2694 agnitioni

94 2705 144 2764 tius
178 2698 321 2771 accipiant
351 2699 474 2758 universi
507 2719 514 2757 ε
547 2701 673 2774 captivus
728 2644 881 2754 donantur.
900 2698 1014 2753 Utmam
1028 2699 1057 2753 et
1078 2711 1123 2751 me
1139 2699 1319 2767 peccatorem

91 2768 320 2849 redemptionem,
334 2787 410 2843 aeger
423 2771 610 2841 curationem,
625 2773 674 2828 tri·
728 2767 864 2842 digneris,
891 2766 1010 2824 Domine
1026 2770 1104 2836 iesu,
1129 2782 1319 2823 annumerare

89 2843 131 2918 ‚⁸¹¹⁵
145 2840 385 2912 consolationem,
401 2848 533 2916 peccator
551 2844 672 2913 veniam,
727 2841 831 2913 popuio
857 2845 917 2908 tuo,
943 2844 974 2895 ut
994 2839 1102 2896 salvum
1125 2855 1169 2895 me
1194 2837 1319 2895 taciasa

85 2918 174 2978 Justus
204 2911 338 2984 gratiam,
371 2914 496 2986 Angelus
532 2916 672 2985 taetitiam,
728 2911 851 2986 peccatis
868 2910 955 2968 meist

86 2979 206 3061 denique
233 2988 293 3039 tota
311 2984 433 3041 Trinitas
452 2985 583 3058 gloriam.
604 3009 618 3038 υ
639 2988 672 3042 Et
767 2988 798 3051 td
813 2984 945 3051 Quouooo
964 2984 1046 3039 iesus
1062 3000 1174 3039 orcarua
1192 2981 1320 3038 merrus?

85 3058 186 3110 uerum
212 3077 219 3110 z
248 3075 264 3104 «ι
287 3054 388 3124 mlioti,
410 3057 471 3113 haee
511 3065 673 3115 eccatorum
729 3058 824 3111 -Hic
834 3058 1011 3123 eritmopnas
1023 3071 1080 3110 nou
1091 3053 1206 3126 quidem
1218 3052 1318 3110 eadem

86 3125 170 3192 eata,
185 3125 248 3206 hae
262 3140 327 3182 mea
345 3126 468 3185 maxima
482 3074 596 3199 {iducis
612 3131 674 3186 haec
729 3125 924 3198 magnitudine
953 3141 1009 3198 qua
1034 3127 1169 3191 ioannes,
1197 3125 1232 3180 de
1260 3138 1317 3194 quo

85 3199 141 3253 tota
155 3201 232 3252 rano
251 3195 310 3266 spei
335 3214 415 3254 mere.
435 3198 502 3256 iJico
522 3200 625 3258 vohis:
645 3200 673 3257 Si
728 3197 813 3254 etiam
837 3196 1002 3268 praedictum
1026 3196 1140 3252 iuerat:
1161 3199 1224 3251 Erit
1246 3196 1319 3250 enim

84 3266 126 3337 pie
156 3282 176 3324 a
202 3267 284 3323 robis
312 3268 425 3341 pulsata
452 3270 546 3341 fuerit,
575 3271 599 3329 si
627 3271 674 3344 pie
728 3285 844 3338 magnus
859 3284 949 3323 corum
964 3269 1091 3333 Demeam
1109 3265 1159 3321 sed
1174 3265 1317 3333 dicuntur,

84 3337 169 3394 tuerit
196 3337 338 3408 invocata,
368 3341 554 3423 compatietur
582 3344 673 3413 robis,
728 3339 884 3397 secundum
904 3338 1089 3398 Ambrosium,
1106 3337 1173 3405 quia
1191 3337 1319 3392 Joauucs

84 3423 140 3465 non
165 3408 257 3465 deerit
274 3411 435 3469 necessitati
457 3420 568 3484 vestrae,
585 3414 673 3486 siqui·
728 3426 849 3482 magnus
865 3413 896 3464 ut
910 3408 994 3463 homo
1010 3421 1106 3462 coram
1123 3403 1255 3486 Domino,
1271 3403 1318 3461 hic

83 3478 149 3535 dem
171 3494 224 3535 nec
240 3480 359 3538 facultas
373 3482 473 3541 deesse
491 3485 606 3556 poterit,
621 3502 674 3542 nec
728 3499 800 3540 vero·
821 3495 942 3551 magnus
967 3481 997 3534 ut
1017 3478 1090 3533 Deus
1107 3481 1136 3533 et
1153 3477 1201 3532 Der
1220 3475 1317 3533 Filius.

84 3551 228 3619 voluntas,
252 3553 386 3624 quoniam
408 3554 516 3627 Regina
537 3556 674 3613 coetorum
729 3552 801 3609 tticit
826 3556 921 3609 autem
937 3566 944 3604 :
961 3551 1013 3605 iiie
1033 3552 1233 3630 eritumupnus,
1259 3563 1318 3630 non

84 3627 139 3690 est,
156 3626 186 3677 et
198 3621 360 3680 misericors
371 3631 399 3682 et
414 3628 503 3683 Mater
518 3627 675 3684 misericor
729 3622 804 3695 quod
817 3625 1007 3693 antepartum
1021 3622 1145 3691 Virgrms
1162 3636 1218 3675 nou
1233 3619 1319 3676 iuerrt

83 3691 149 3749 diae.
167 3712 182 3742 s
198 3694 232 3748 Et
245 3693 347 3751 iterum
365 3713 371 3750 :
390 3718 405 3747 «
420 3697 512 3754 Altius
525 3697 674 3756 intuemini
730 3710 859 3765 magnus,
886 3708 999 3764 semper
1023 3690 1098 3749 enim
1124 3690 1173 3747 tuit
1199 3707 1319 3763 magnus

83 3762 674 3911 eremitamtimaee?te
729 3762 1067 3917 tteeettem‘t
1080 3764 1319 3906 ‘flemme

83 3904 245 3964 nitudinem
295 3854 395 3965 suitin
409 3910 507 3979 Maria,
523 3917 553 3967 ut
566 3910 589 3967 si
606 3909 674 3982 quid
729 3907 815 3964 Filius
839 3908 886 3962 Der
913 3906 1085 3963 aeternaliter
1104 3921 1155 3978 per
1175 3910 1319 3971 naturam,

82 3976 152 4106 ”ii
167 3977 379 4109 tetemet
393 3981 673 4111 residete?
729 3975 1321 4132 emitterenttentissime

271 4092 279 4119 s
664 4082 676 4093 '
980 4084 988 4105 ⁴
1071 4091 1078 4117 s

100 4136 152 4178 are
173 4139 181 4177 ε
203 4120 274 4177 nihii
295 4121 372 4179 enim
391 4139 446 4181 nos
460 4125 569 4183 trabere
587 4122 676 4181 votuit
729 4122 890 4189 habiturus,
905 4125 935 4177 ut
957 4137 1013 4177 una
1030 4119 1067 4177 sit
1088 4134 1211 4192 persona
1232 4121 1321 4175 homo

83 4193 170 4262 Deus,
191 4193 269 4265 quod
296 4208 349 4265 per
375 4206 478 4252 manne
502 4194 598 4252 Mariae
616 4210 675 4252 non
730 4199 759 4250 et
774 4194 857 4249 Deus.
883 4193 916 4248 Et
931 4192 1004 4249 bene
1020 4207 1150 4262 magnus,
1171 4189 1220 4261 qui
1233 4188 1321 4246 Filius

83 4263 241 4322 transiret:
259 4284 274 4317 o
290 4264 528 4323 haecdcmcrdur.
730 4261 865 4322 ditissimi
887 4263 1043 4320 merebitur
1066 4260 1213 4333 appellari.
1240 4260 1321 4317 Unde

1275 4552 1311 4605 Ι
