2790 4912
132 176 164 232 96
525 173 635 226 lallllu
660 173 783 228 Paulis
808 174 912 228 CAPUT
938 173 976 226 Xl

134 282 212 365 quia,
226 278 381 338 seeundum
395 280 600 347 Hieronymum,
613 276 718 335 inlide-

134 352 207 411 lrtati
225 348 361 408 miscendi
376 365 435 405 non
447 355 531 405 eraut
541 349 716 406 ludaeorum.

135 425 256 495 Propter
267 420 342 492 quod
355 420 460 476 iactum
476 418 602 476 llerodes
619 418 717 489 iratus,

134 501 235 568 postea
253 507 340 548 naves
362 490 560 547 Tharsensium
581 489 718 559 incendit,

136 564 290 622 secundum
299 561 476 633 prophetiam
487 560 717 619 Dauiddicentis:

135 640 168 694 ln
193 639 296 707 spiritu
321 635 472 689 vehementi
495 638 614 689 conteres
635 650 719 689 leuues

137 709 260 765 Tborse's.
282 705 360 761 Unde
385 705 589 774 chrysostomus
615 723 624 759 s
649 727 663 756 «
677 707 720 761 ln·

136 784 217 835 tuere
227 781 320 834 autern
331 778 477 857 Magorum
491 775 587 844 fidem,
598 774 719 846 qualiter

135 865 193 907 nou
214 847 394 905 scandalizati
412 851 477 903 sunt
498 845 528 901 in
554 845 654 918 seipsis
678 846 721 903 di-

136 927 233 978 ceutes
260 937 267 974 ι
295 919 323 975 Si
349 934 467 1044 mafuus
492 922 535 973 est
562 919 635 974 Puer
661 917 717 988 hic,

136 1008 199 1064 quae
220 992 372 1047 necessitas
407 1005 469 1062 ugae
485 993 515 1045 et
537 988 654 1045 occullae
674 1006 719 1044 re·

137 1061 294 1119 cessionis?
309 1064 368 1118 lloc
381 1059 458 1118 enim
481 1064 525 1116 est
545 1076 620 1116 verae
639 1059 718 1130 lldei,

136 1150 194 1191 nou
209 1148 338 1205 quaerere
353 1147 453 1189 causas
465 1147 564 1189 eorum
576 1147 639 1204 quas
653 1147 719 1188 vere

135 1205 349 1278 praecipiuntur,
370 1203 420 1260 sed
440 1202 553 1260 suaderi
572 1202 664 1260 solum
683 1204 719 1260 ab

137 1276 177 1333 eis
193 1294 199 1332 :
218 1298 231 1330 u
249 1278 309 1332 haec
326 1277 539 1346 chrysostomus.

175 1351 292 1405 18V1rn
305 1364 437 1403 uuruuun
452 1363 586 1402 mraoueu
601 1362 719 1402 iuuuuur

136 1437 187 1476 een
198 1437 280 1477 aaran
294 1437 359 1474 vlsll
372 1434 556 1474 nsveareuuo.
571 1446 604 1458 -
619 1419 650 1472 ln
665 1417 719 1473 hoc

136 1507 205 1563 ergo
223 1492 315 1547 sorrna
326 1490 410 1546 datur
421 1487 612 1555 credentibus,
627 1492 658 1544 ut
673 1488 720 1544 de-

136 1562 194 1619 voti
208 1562 244 1618 ad
259 1564 347 1618 Deum
360 1561 485 1626 veniant,
497 1564 525 1614 et
544 1558 572 1613 in
587 1558 720 1615 omnibus

135 1632 270 1706 operibus
285 1630 345 1687 suis
361 1630 431 1758 guid
452 1631 546 1686 'ubeat
559 1629 717 1696 attondant,

136 1703 291 1761 scilicetne
305 1702 342 1758 ad
380 1701 445 1758 labo
458 1716 505 1757 um
524 1701 653 1769 redeant,
667 1702 718 1758 sed

135 1791 187 1847 per
201 1773 354 1841 Christum,
375 1774 555 1843 quiestote,
574 1774 676 1828 onitas
693 1777 719 1828 et

134 1850 204 1910 uita,
220 1852 249 1902 et
263 1860 314 1916 per
332 1842 449 1899 semitas
462 1841 597 1899 virtutum
617 1844 653 1899 ad
668 1859 717 1916 pa-

136 1916 219 1973 triam
235 1920 422 1972 revertantur.
435 1913 485 1969 llic
505 1913 601 1984 itaque
616 1915 717 1970 admo-

136 2002 239 2044 nemur
263 2001 376 2042 omnem
394 1985 513 2041 salutern
534 1992 564 2041 et
583 2000 663 2056 spem
688 1984 718 2041 iu

135 2057 247 2114 Christo
262 2057 367 2126 locare,
383 2061 411 2113 et
434 2057 470 2113 ab
494 2055 596 2112 itinere
615 2055 718 2128 prioris

134 2128 200 2185 vitae
217 2126 369 2195 abstinere,
386 2133 415 2184 et
437 2143 489 2199 per
505 2126 583 2183 aliud
603 2126 658 2183 iter
672 2127 717 2183 in·

133 2202 245 2257 cedere.
263 2199 544 2268 UudeAupustiuus:
560 2221 573 2248 α
584 2199 645 2255 Non
661 2215 719 2270 qua

132 2273 263 2328 venimus
288 2273 334 2328 via
356 2271 518 2339 redeamus,
539 2286 592 2326 nec
612 2269 718 2342 prioris

132 2348 238 2401 nostrae
257 2341 481 2400 conversationis
502 2340 622 2413 uestigia
635 2357 716 2413 repe-

131 2419 253 2472 tamus:
280 2413 326 2470 via
351 2419 460 2470 mutata
485 2418 537 2470 est.
559 2413 670 2469 »Unde
690 2418 718 2469 et

132 2487 279 2557 Greponers
308 2505 316 2540 :
347 2489 513 2557 ullagnum
539 2500 606 2540 vero
633 2483 718 2540 nobis

131 2557 239 2629 aliquid
255 2555 329 2628 lllagi
345 2556 477 2624 inuuunt,
494 2555 569 2626 quod
584 2554 614 2610 in
626 2555 718 2626 regio-

131 2644 198 2685 nem
214 2645 296 2685 suam
311 2644 362 2699 per
377 2630 451 2683 viam
466 2626 551 2683 aliam
567 2632 715 2683 revertun-

132 2704 188 2756 tur.
216 2699 305 2770 Regio
325 2697 428 2769 quippe
447 2704 547 2753 nostra
566 2697 716 2768 paradisus

133 2774 187 2838 est,
209 2770 361 2838 adquam,
384 2770 452 2825 Jesu
475 2767 600 2840 cognito,
621 2768 715 2825 redire

132 2855 184 2912 per
200 2839 276 2895 riam
291 2855 347 2910 qua
365 2838 505 2906 venimus,
519 2838 714 2910 prohibemur.

131 2912 155 2966 Α
170 2909 287 2980 regione
300 2909 404 2965 etenim
415 2914 511 2964 nostra
523 2909 715 2981 superbiendo

131 2980 332 3048 inobediendo,
354 2978 476 3035 visibilia
497 2981 652 3050 sequendo,
675 2981 714 3037 ci-

131 3053 199 3108 bum
220 3053 338 3107 vetitum
357 3051 497 3122 gustando
518 3050 713 3121 discessimus;

131 3124 181 3180 sed
207 3124 244 3180 ad
265 3139 328 3180 eam
355 3138 471 3179 necesse
490 3129 532 3179 est
558 3126 589 3179 ut
607 3123 713 3192 llendo,

131 3195 314 3263 obediendo,
342 3193 465 3251 visibilia
492 3195 713 3264 contemnendo,

131 3271 216 3394 aigne
235 3266 392 3338 appetitum
413 3264 508 3327 carnis
528 3266 713 3335 refrenando,

130 3353 161 3394 rc
183 3355 289 3395 eamus.
310 3339 364 3394 Per
387 3336 473 3394 aliam
494 3353 562 3408 ergo
586 3336 661 3394 viam
684 3336 714 3393 iu

130 3409 277 3476 regionem
293 3416 420 3465 nostram
436 3408 625 3480 regredimur,
642 3424 712 3480 quo·

130 3477 208 3535 uiam
222 3478 269 3550 qui
291 3494 309 3534 a
330 3479 455 3549 paradisi
469 3479 581 3552 gaudiis
597 3495 648 3551 per
662 3479 713 3536 de·

130 3548 300 3606 lectamenta
318 3550 508 3620 discessimus,
527 3551 563 3606 ad
582 3551 643 3606 baec
661 3562 714 3622 per

130 3619 254 3677 lamenta
284 3637 449 3678 revocamur
479 3639 485 3676 :
516 3642 531 3670 »
559 3621 620 3677 hoec
646 3622 712 3678 Gre-

128 3695 233 3760 porius.
254 3691 296 3748 Ad
315 3693 369 3748 hoc
387 3693 470 3748 etiam
491 3691 712 3773 significandum

130 3762 207 3834 quod
235 3778 285 3833 per
308 3763 393 3818 aliam
420 3761 494 3818 viam
516 3779 546 3819 m
565 3762 711 3834 regionem

129 3839 257 3890 nostram
277 3834 370 3889 redire
394 3833 558 3902 debeamus,
571 3835 712 3890 *Dominus

129 3903 207 3975 Papa
234 3903 264 3959 in
292 3903 521 3975 processionibus
557 3905 632 3962 redit
662 3921 712 3976 per

130 3973 216 4030 aliam
244 3977 330 4042 uiam,
355 3975 392 4030 ab
418 3990 453 4031 ea
475 3991 527 4047 per
553 3991 639 4048 quam
667 3981 712 4033 est

128 4061 269 4127 egressus,
289 4076 324 4088 -
349 4045 422 4117 Magi
443 4061 509 4102 vero
526 4047 630 4103 reversi
650 4054 709 4103 stu·

128 4116 208 4174 drose
222 4119 285 4190 plus
295 4133 380 4190 quam
390 4116 467 4190 prius
480 4119 569 4175 Deum
584 4118 709 4175 colentes

65 4354 164 4504 ἱ.

776 275 1362 351 glorificaverunt,etpraedioanlesmnltos

777 346 953 405 erudierunt.

816 442 847 492 19
866 421 963 476 Auauu
981 421 1078 475 lllumn
1095 436 1185 476 narnu
1207 437 1359 491 somnus,

776 507 848 548 unns
867 507 1047 548 represseris
1073 507 1243 549 eanaomun.
1264 523 1297 534 -
1315 492 1358 550 Pie

776 566 871 620 aulem
905 561 981 619 credi
1008 565 1112 634 potest,
1139 562 1218 635 quod
1247 562 1360 621 Domina

776 632 952 706 paupertatis
979 633 1109 702 amatrix,
1135 634 1233 691 zelans
1255 633 1358 691 lorbter

776 720 828 776 pro
859 709 1037 776 paupertate,
1062 709 1091 760 et
1114 703 1278 776 intelligens
1302 704 1356 763 ffiffi

777 775 821 833 sui
840 775 1027 844 voluntatem,
1052 779 1144 832 tolum
1163 792 1268 833 aurum
1290 774 1357 834 inira

776 862 883 974 flauoos
911 845 972 903 dies
1014 846 1186 918 pauperibus
1226 846 1356 920 erogarit.

802 918 857 974 ude
873 918 989 989 quaudo
1006 917 1123 974 intravit
1140 918 1356 991 templumtam

776 988 877 1046 habuit
891 989 927 1046 de
945 1005 1001 1061 quo
1020 1005 1124 1061 agnum
1145 995 1266 1060 emeret,
1279 1005 1356 1062 quen

777 1061 894 1118 ollerret
913 1076 965 1132 pro
986 1059 1068 1129 Filio,
1085 1060 1136 1117 sed
1155 1059 1226 1117 emit
1240 1065 1356 1118 turtures

777 1131 820 1188 vel
854 1131 1093 1203 columbosque
1116 1136 1178 1188 erat
1207 1147 1356 1204 pauperum

777 1201 893 1259 oblatio.
903 1202 989 1259 Vides
1000 1202 1047 1258 bie
1058 1202 1201 1274 praeconia
1213 1209 1357 1275 pauperti-

776 1273 814 1329 tis
824 1273 853 1329 in
866 1273 977 1330 duobus
990 1290 996 1329 :
1009 1273 1111 1345 primo,
1119 1273 1186 1344 quia
1195 1273 1284 1331 hodie
1293 1289 1358 1346 puer

776 1347 859 1402 lesus
878 1345 1089 1418 eleemosynam
1108 1343 1218 1416 accepit
1242 1350 1274 1402 ut
1292 1360 1355 1417 pau·

777 1431 837 1488 per,
853 1423 882 1472 et
896 1419 986 1473 Mater
998 1432 1050 1473 sua
1065 1414 1212 1483 similitcr;
1226 1415 1357 1484 seeundo,

777 1487 916 1559 quianon
935 1488 1026 1545 solum
1051 1503 1109 1543 non
1129 1488 1302 1559 procurabat
1317 1503 1357 1544 ae-

777 1558 901 1629 quirere,
930 1558 981 1615 sed
1013 1558 1099 1615 etiam
1127 1574 1191 1630 quae
1222 1559 1358 1616 dabuntur

777 1630 893 1687 nolebat
906 1629 1038 1687 retinere.
1059 1631 1237 1687 lucrescebat
1253 1629 1356 1686 deside·

775 1700 851 1757 rium
869 1700 1057 1774 paupertatis;
1076 1701 1100 1757 si
1115 1705 1211 1758 autem
1233 1702 1307 1758 bene
1319 1706 1357 1757 et·

776 1771 903 1841 tendisti,
919 1777 948 1828 et
965 1771 1142 1843 profunditas
1161 1771 1252 1829 crevit
1269 1770 1358 1829 burni-

776 1842 873 1899 litatis.
902 1845 972 1901 Sunt
999 1842 1085 1899 etiam
1109 1842 1156 1915 qui
1183 1859 1215 1900 se
1243 1841 1313 1900 viles
1331 1847 1357 1899 et

776 1914 903 1986 abjectos
926 1913 1071 1970 inanimo
1097 1931 1148 1970 suo
1171 1919 1314 1986 reputant,
1331 1916 1357 1970 et

776 1983 805 2040 in
831 1984 920 2042 oculis
942 1984 1000 2041 suis
1018 2001 1075 2042 non
1098 1984 1294 2055 extolluntur3
1311 1983 1356 2041 sed

776 2055 817 2123 sio
831 2072 894 2113 esse
908 2056 1008 2112 nolunt
1017 2056 1047 2112 in
1057 2055 1145 2113 oculis
1156 2056 1291 2113 aliorum.
1299 2057 1357 2112 Non

776 2127 817 2183 sic
847 2143 918 2199 puer
945 2129 1027 2184 lesus
1055 2126 1191 2184 Dominus
1212 2126 1356 2194 omniunu

776 2198 862 2255 etiam
874 2198 938 2255 aliis
957 2214 1024 2254 suos
1038 2198 1165 2255 delectus
1182 2203 1210 2254 et
1230 2197 1298 2255 vilia
1311 2213 1357 2270 pa·

776 2274 836 2326 tere
857 2269 956 2338 voluit,
976 2274 1006 2326 et
1023 2285 1080 2325 nou
1096 2269 1191 2341 parvis
1209 2274 1240 2326 et
1253 2268 1356 2342 paucis,

776 2340 825 2397 sed
840 2340 955 2413 regibus
971 2346 998 2397 et
1014 2357 1113 2398 eorum
1129 2340 1224 2410 sociis,
1245 2357 1316 2412 quos
1330 2339 1357 2396 in

776 2411 912 2469 comitatu
931 2428 982 2468 suo
1003 2413 1189 2485 adduxerant,
1209 2416 1239 2469 et
1265 2410 1296 2468 in
1311 2409 1357 2468 lali

775 2499 843 2540 casu
873 2489 901 2540 et
928 2488 1075 2556 tempore,
1100 2483 1129 2538 in
1156 2499 1212 2554 quo
1240 2482 1357 2540 multum

774 2555 931 2611 timendum
950 2560 1021 2611 erat.
1042 2556 1112 2611 Nam
1136 2569 1201 2610 cum
1226 2553 1269 2610 illi
1283 2552 1357 2611 veni·

774 2631 850 2694 rent,
879 2632 911 2682 ut
938 2641 1035 2696 regem
1066 2624 1246 2693 ludaeorum,
1276 2638 1358 2696 quens

774 2696 861 2753 etiarn
880 2698 969 2754 Deum
988 2712 1051 2753 esse
1068 2697 1232 2765 credebant,
1252 2694 1358 2753 iuveni-

773 2772 849 2836 reul,
859 2767 990 2825 dubitare
1005 2773 1193 2840 poterantne
1207 2766 1314 2824 talibus
1324 2765 1359 2822 de

773 2838 782 2894 i
804 2855 836 2895 so
851 2838 928 2907 visis,
940 2845 1105 2920 reputantes
1119 2855 1150 2896 se
1164 2838 1281 2895 delusos
1299 2836 1358 2895 siue

795 2911 831 2966 de
845 2915 874 2967 et
886 2909 1035 2967 devotione
1049 2910 1225 2967 recederent.
1237 2880 1296 2967 Sed
1307 2925 1359 2966 nee

773 2987 925 3109 {immol}
936 2980 1044 3037 dimisit
1056 2980 1224 3108 {lumilitatis
1230 2986 1357 3109 gm⁸¹⁰ier

793 3068 897 3108 ansuo
918 3068 1036 3109 nexem
1068 3069 1114 3109 um
1141 3068 1177 3109 ne
1196 3069 1229 3108 su
1265 3068 1279 3108 s
1333 3067 1341 3106 ι

772 3123 893 3195 alicujus
916 3069 1079 3195 apparouiis
1098 3095 1165 3180 boni
1190 3067 1357 3180 recedffius

772 3195 808 3252 ab
820 3193 1108 3265 bumilitate,etquod
1119 3194 1263 3250 discamus
1272 3191 1356 3252 etiam

770 3266 802 3323 in
813 3266 934 3323 aliorum
948 3265 1037 3322 oculis
1048 3265 1118 3321 viles
1128 3270 1158 3321 et
1170 3264 1276 3337 abiecti
1286 3263 1357 3321 velle

773 3353 887 3409 semper
900 3353 1050 3410 apparere.

809 3428 842 3464 no
858 3409 908 3464 Pau
922 3424 1122 3464 couruurnemo
1138 3408 1235 3462 usur
1247 3421 1277 3460 ns
1291 3421 1357 3461 eun-

771 3497 858 3535 serro.
875 3510 910 3520 -
931 3478 1074 3550 Expeditis
1096 3477 1185 3549 igitur
1204 3473 1306 3546 llagis,
1330 3479 1358 3531 et

771 3566 870 3607 versus
884 3549 1005 3622 patriam
1014 3565 1095 3606 suam
1105 3545 1254 3618 regressis,
1264 3546 1358 3604 adbue

771 3626 828 3679 stat
847 3621 967 3678 Domina
990 3619 1091 3677 mundi
1115 3634 1179 3675 cum
1198 3632 1289 3689 puero
1305 3632 1358 3674 suo

769 3695 849 3760 lesu,
877 3697 905 3748 et
924 3691 1042 3748 nutritio
1065 3690 1126 3762 ejus
1149 3688 1255 3770 loseph
1280 3686 1360 3760 apud

770 3779 909 3890 Brassepe,
924 3762 954 3818 iu
973 3761 1022 3819 illo
1047 3761 1147 3818 locello
1210 3764 1314 3840 uenter
1330 3763 1360 3815 el

792 3835 916 3891 umilner
936 3849 1027 3906 usque
1049 3833 1085 3890 ad
1105 3847 1161 3903 qua
1177 3845 1359 3913 ‘regesi-mum

771 3904 858 3973 diem,
879 3922 913 3962 ac
937 3903 964 3962 si
989 3904 1095 3977 quaevis
1115 3903 1219 3959 mulier
1240 3901 1299 3958 alra
1320 3901 1359 3957 de

770 3976 886 4049 populo,
910 3981 939 4033 et
960 3991 1033 4059 puer
1056 3978 1139 4033 lesus
1158 3975 1244 4030 homo
1266 3988 1359 4045 purus

771 4053 856 4116 esset,
871 4051 901 4104 et
922 4046 930 4102 i
952 4063 975 4104 si
991 4046 1072 4129 Legis
1091 4044 1291 4126 observatione
1306 4043 1357 4125 ‘in-

770 4118 909 4191 digerent.
926 4063 1024 4177 §tabat
1037 4118 1125 4191 igitur
1146 4119 1267 4174 Domina
1287 4131 1358 4186 uaga-
