2790 4912
293 156 334 210 ll}
360 155 574 214 llurtlrllttm
600 156 779 213 rlcltltul.
1113 166 1159 223 m

59 276 136 334 poro
164 259 196 318 in
221 265 330 318 terram
361 265 514 333 prostrato,
571 261 716 333 quamdiu.
731 263 802 321 Actu
819 261 907 322 vitam
921 267 1084 340 metiamur,
1099 286 1158 330 non

59 331 516 415 uspirarenbplorarentmtora-
571 338 709 407 tempore.
725 355 741 386 u

59 421 109 461 nec
121 404 320 476 plenissimam
333 410 515 477 peccatorum
607 411 623 462 6
636 408 707 462 Tmrs
722 423 790 463 snnr
808 425 980 466 rmurrnsrras
997 428 1107 469 amnas.
1122 442 1158 455 -

59 475 264 533 veniamalleo
278 477 412 558 consequi
427 493 517 535 mere·
572 478 642 534 Sunt
659 483 754 535 autem
773 482 832 536 tres
854 486 949 551 partes
969 479 1156 554 poenitentiae,

59 551 89 605 lu
104 563 172 604 vero
184 547 371 617 comedendo,
380 549 514 620 bibendo,
571 547 697 605 scilicet:
713 549 807 606 cordis
822 551 1033 620 contritio,oris
1046 553 1156 612 confes·

76 619 209 688 ridendo,
225 624 254 675 el
273 618 364 676 otiose
380 619 515 690 vivendo,
571 618 624 688 sio,
653 624 681 676 et
707 620 800 692 operis
827 622 992 680 satisfactio.
1019 624 1157 698 Praecepit

59 691 159 764 perdis,
175 690 253 763 quod
265 690 317 747 tibi
330 693 405 748 Deus
420 691 515 747 indul·
570 691 646 747 enim
666 691 810 764 Scriptura
834 694 963 751 scindere
982 696 1079 767 corda,
1099 711 1156 754 non

59 763 252 889 eguirendam
278 762 411 834 gratiam,
427 768 455 819 et
480 763 516 819 ad
571 761 749 831 vestimenta,
765 765 893 821 confiteri
911 767 1080 824 alterutrum
1094 782 1157 840 pec·

60 852 77 890 n
99 850 147 890 am
165 833 297 906 gloriam.
316 833 416 905 Cogita
429 833 515 891 etiam
570 839 643 901 cala,
662 839 690 889 et
709 834 802 891 lacere
818 835 920 907 dignos
939 841 1046 895 tructus
1064 837 1155 911 poeni·

59 905 123 962 imae
151 905 182 961 in
206 905 319 961 interno
343 905 515 975 cruciantur,
570 904 675 961 lentim.
705 907 775 962 Nam
804 923 868 963 curn
897 924 981 965 omne
1009 914 1157 982 peccatum

63 977 153 1035 ueniae
164 975 378 1033 misericordia.
394 975 517 1034 Siamor
570 976 763 1034 committatur
786 979 882 1047 corde,
907 995 1003 1051 opere,
1026 980 1070 1037 rel
1094 996 1156 1050 ore,

59 1064 135 1105 mere
152 1053 180 1105 et
195 1048 320 1104 mulcere
339 1064 396 1104 non
409 1052 504 1130 polest
567 1047 676 1117 Justum
691 1054 734 1104 est
748 1048 894 1107 itacurari
907 1051 1155 1122 percontrarium,

59 1125 139 1176 eneat
152 1124 181 1176 et
191 1124 297 1176 terreat
308 1118 394 1175 timor
403 1118 515 1190 judicii,
569 1123 601 1174 ut
613 1124 744 1190 peccator
756 1121 869 1193 culpam
880 1122 975 1178 animo
989 1122 1155 1192 detestetur,

59 1192 196 1262 cebennae,
227 1190 322 1261 laquei
352 1190 463 1257 mortis,
489 1195 517 1271 et
569 1191 656 1246 verbo
670 1196 795 1273 accpset,
804 1197 832 1248 et
847 1193 920 1248 lacto
935 1193 1079 1265 poeuiteat.
1091 1196 1156 1250 lstae

59 1263 129 1319 nala.
154 1263 210 1320 Sed
233 1262 307 1318 bcul
326 1261 406 1318 multi
431 1262 517 1318 bodie
569 1264 628 1316 tres
653 1266 748 1332 partes
778 1262 953 1333 poenilentiae
982 1268 1048 1320 sunt
1074 1264 1156 1322 trinae

59 1350 76 1390 s
97 1334 147 1390 Dei
166 1332 315 1405 patientia,
330 1348 432 1405 parurn
453 1334 515 1389 bae
569 1331 825 1403 dielae,quibusad
838 1340 943 1390 terram
958 1333 1157 1405 promissionis

59 1410 88 1474 rt,
107 1410 136 1462 et
157 1411 280 1477 tempus,
298 1420 353 1476 quo
378 1403 448 1460 nihil
471 1408 516 1460 est
569 1402 637 1458 itur.
656 1404 696 1458 De
719 1403 822 1474 quibus
846 1404 875 1461 in
899 1404 995 1460 Exodo
1020 1404 1153 1461 dicitur:

59 1494 88 1544 rs,
104 1476 242 1533 inutiliter
258 1474 381 1532 transire
395 1477 514 1546 permit·
569 1478 640 1529 Deus
651 1476 824 1530 Hebraeorum
835 1479 943 1532 uocauit
953 1481 1053 1538 aeaut
1063 1492 1156 1532 eamus

59 1546 252 1605 niserabiliter
270 1547 413 1603 amittunt.
436 1547 515 1603 Unde
569 1549 645 1601 oium
667 1550 751 1602 trium
776 1548 883 1602 cliuum
907 1550 938 1602 in
955 1546 1113 1616 solitudine,
1130 1552 1156 1603 et

59 1637 84 1675 us
108 1639 117 1674 ε
142 1641 156 1671 a
181 1617 270 1675 Hodie
289 1616 341 1673 lilii
365 1616 515 1674 bominum
569 1620 753 1688 sacrificemus
776 1621 891 1674 Domino
915 1623 969 1674 Deo
994 1623 1096 1687 nostro,
1122 1633 1157 1674 ue

58 1688 515 1771 uramnegligunt,carniscuram
569 1690 641 1756 sorte
654 1690 764 1744 accidat
776 1690 853 1744 uobis
867 1693 963 1762 pestis,
975 1688 1002 1744 id
1015 1694 1058 1746 cst
1072 1688 1156 1762 culpa

59 1767 87 1829 it,
105 1761 136 1817 in
156 1776 233 1817 omm
250 1759 401 1816 desiderio.
418 1763 515 1831 Neque
569 1759 598 1815 in
613 1760 757 1832 praesenti,
771 1766 820 1816 aut
834 1762 957 1829 plodius
972 1761 1000 1816 id
1017 1765 1060 1817 est
1072 1774 1156 1832 poena

62 1848 144 1889 ccare
168 1836 309 1900 metuunt,
327 1834 376 1888 sed
400 1831 513 1904 puniri;
570 1830 598 1886 in
624 1832 729 1888 futuru.
759 1834 790 1888 ln
818 1832 873 1888 hoc
900 1832 1006 1900 triduo,
1027 1830 1157 1904 quaesivit

59 1904 103 1960 ‚uli
126 1904 221 1960 cordis
245 1918 334 1974 opera
352 1902 448 1971 datur,
464 1903 514 1959 sed
569 1901 654 1972 Virgo
672 1901 760 1959 llaria
780 1903 880 1960 Filium
896 1919 989 1972 suum,
1006 1908 1034 1960 et
1050 1901 1157 1960 invenit

59 1976 81 2031 ri
97 1974 236 2047 corporis,
254 1974 312 2029 imo
334 1974 419 2030 etiam
438 1974 516 2030 volu·
569 1976 762 2045 nubilaque
781 1974 854 2031 lelici
871 1975 964 2031 triduo
982 1973 1114 2031 simililer
1127 1979 1156 2031 el

70 2046 168 2104 schola
183 2045 350 2117 Hypocratis
364 2043 514 2125 ctEpicuri
567 2048 600 2100 tu
620 2043 643 2100 si
663 2045 820 2116 quaesicris,
842 2045 970 2103 invenies
992 2048 1101 2116 iesum,
1126 2045 1155 2102 id

59 2124 87 2175 nt
101 2119 173 2174 baec.
190 2120 313 2189 Tempus
330 2115 384 2172 hoc
404 2132 514 2171 amma·
569 2120 612 2171 est
628 2115 749 2173 salutem
764 2123 912 2175 aeteruam.
929 2120 994 2174 liaec
1010 2123 1053 2174 est
1067 2118 1155 2185 scala,

59 2211 64 2245 ι
80 2188 249 2261 corporibus
263 2193 307 2244 est
321 2186 513 2258 assignatum
569 2187 1154 2261 cumtribusgcadibus‚quamviditdacob,

58 2260 106 2317 itis
122 2259 231 2331 utique,
247 2276 305 2315 non
319 2258 481 2330 voluptatis.
497 2278 512 2308 »
569 2263 692 2314 erectam
708 2275 725 2315 a
740 2265 817 2316 terra
835 2260 975 2331 usquead
992 2260 1109 2329 coelum;
1127 2264 1155 2315 et

59 2349 117 2390 uz«
132 2329 512 2402 Nihilpretiosiuslcmporc‚
568 2329 947 2386 Dominuminnixumscalae
956 2336 1073 2402 propter
1080 2329 1154 2386 tria:

59 2403 64 2460 l
82 2402 124 2460 nil
140 2402 225 2459 bodie
244 2401 327 2458 vilius
345 2400 511 2458 aestimatur.
568 2400 707 2472 primum,
725 2406 758 2457 ut
779 2417 843 2457 eam
862 2400 974 2457 sortiter
995 2400 1153 2468 sustineat;

59 2480 86 2531 ut
99 2474 162 2531 dies
177 2473 286 2541 salutis,
299 2477 327 2528 et
338 2488 422 2529 nemo
436 2488 515 2528 recu·
568 2471 734 2540 secundum,
759 2476 791 2527 ut
815 2471 979 2527 ascendenti
1004 2485 1057 2542 pec
1080 2484 1156 2538 eam,

59 2544 513 2603 nosibinonreditucamomenla
568 2540 1157 2612 manus,sinecesseluerit,p0rrigat;ter·

61 2621 195 2674 causatur
210 2634 217 2672 :
234 2637 248 2665 n
266 2616 327 2672 haec
343 2616 510 2671 bernardus·
568 2614 649 2681 tium,
665 2618 696 2668 ut
710 2613 877 2682 ascendens,
893 2628 958 2668 cum
974 2611 1156 2681 laboraverit,

59 2705 203 2745 nnnsromr
215 2704 303 2743 runa.
313 2717 345 2727 —
355 2689 389 2741 Et
401 2702 511 2755 revera,
568 2690 596 2741 et
608 2683 743 2754 fatigatus
754 2684 849 2753 luerit,
861 2684 893 2740 in
905 2683 997 2767 ipsum
1008 2681 1154 2754 respiciat,

59 2757 511 2830 acvitapretiosiusesttempore,
568 2760 699 2812 ettotam
713 2772 792 2811 suam
807 2772 904 2812 curam
919 2772 949 2811 ru
963 2769 1027 2812 eum
1040 2754 1130 2826 jactet
1146 2771 1153 2809 :

59 2831 93 2887 tri
111 2831 183 2887 bora
205 2834 303 2912 posset
321 2828 385 2900 quis
400 2830 512 2884 reniam
567 2843 626 2883 non
645 2825 721 2883 enim
740 2826 780 2883 ita
794 2827 917 2884 crudelis
935 2825 1070 2899 estquod
1089 2840 1154 2883 eum

59 2899 512 2974 m,acglomamobtincreetplus
568 2899 670 2955 cadere
685 2898 839 2969 permittat.

59 2980 101 3030 lus
111 2972 233 3029 mundus
242 2972 334 3028 valeat
344 2969 510 3042 promereri.
603 2992 618 3042 7
640 2971 680 3025 Dr:
694 2986 871 3027 corrrmmoua
890 2987 994 3027 connis.
1010 2999 1044 3013 -
1059 2967 1155 3026 Prima

59 3043 134 3101 enim
149 3044 221 3100 hora
232 3048 290 3099 tarn
300 3041 405 3109 brevis,
416 3041 444 3096 in
457 3056 514 3122 qua
568 3056 636 3112 ergo
651 3056 717 3112 pars
732 3040 906 3114 poeuiteutiae
922 3047 964 3098 est
977 3039 1072 3098 cordis
1086 3056 1154 3097 con·

59 3115 160 3172 *itualia
179 3114 267 3182 lucra,
283 3129 334 3169 suo
355 3113 512 3168 valorem·
567 3111 655 3168 trilio.
674 3115 723 3169 Est
739 3121 834 3170 autem
853 3112 985 3170 contritio
1002 3112 1085 3169 dolor
1104 3126 1154 3169 vo·

59 3186 157 3244 biliter
181 3184 277 3242 omnia
296 3189 410 3240 terrena
431 3197 512 3238 exce·
568 3182 690 3240 luntarie
705 3190 867 3256 assumptus
880 3200 932 3257 pro
945 3181 1155 3255 peccatis,cum

64 3273 231 3330 comparare
257 3259 362 3329 posset.
391 3253 513 3310 Attende
567 3254 729 3326 proposito,
747 3271 798 3311 seu
821 3254 979 3310 intentione
998 3249 1154 3307 confitendi

59 3328 104 3386 uia
125 3328 190 3402 plus
208 3326 284 3384 valet
307 3325 352 3382 bic
374 3324 514 3408 patientia
568 3329 596 3381 et
610 3324 813 3393 satislaciendi‚
824 3324 891 3396 quia
904 3322 997 3379 nullus
1009 3335 1076 3376 vore
1089 3335 1154 3401 cen·

59 3415 184 3472 squam
195 3399 222 3455 in
235 3403 511 3470 purgatomoannus.
568 3402 646 3452 setuc
660 3396 808 3463 contritus,
825 3394 879 3451 nisi
900 3394 1004 3450 babeat
1022 3405 1154 3473 proposi·

61 3471 435 3539 Ezechieltltiemproauuo
448 3469 514 3523 dedi
568 3471 628 3523 tum
653 3465 826 3547 hujusmodi.
850 3467 880 3520 ln
898 3480 954 3590 [Eua
972 3460 1152 3531 contritroue,

60 3559 99 3601 na
118 3549 213 3599 tamen
230 3539 386 3614 purgatorii
404 3538 514 3595 excedit
567 3538 653 3593 homo
678 3536 822 3607 sigillatim
847 3550 943 3591 omna
966 3538 1082 3607 peccata
1101 3548 1153 3591 suu

67 3630 181 3697 poenam
213 3610 400 3684 temporalem
429 3611 514 3691 huius
568 3605 969 3665 anlctribunalconscientiae
988 3604 1153 3688 succaddu·

59 3690 90 3741 :rt
101 3685 177 3742 enim
190 3685 364 3753 Augustinus
377 3682 453 3752 quod
466 3681 514 3736 ille
568 3685 623 3747 cat,
635 3685 666 3736 ut
681 3678 720 3736 ibi
735 3678 858 3751 seipsum
872 3693 1019 3746 accusans,
1032 3693 1063 3733 111
1076 3691 1153 3734 ama·

58 3756 162 3830 galerii
174 3755 326 3812 duriorest
337 3768 423 3825 quam
434 3750 514 3824 quid-
569 3750 691 3807 ritudine
708 3750 811 3807 animae
826 3767 884 3806 sua
899 3751 935 3806 de
949 3747 1068 3820 singulis
1084 3763 1152 3804 con·

77 3829 131 3884 boc
158 3826 253 3884 seculo
281 3840 440 3897 poenarum,
465 3827 514 3879 aut
569 3826 693 3892 teretur,
720 3827 748 3878 et
776 3827 873 3894 postea
902 3820 1082 3877 confiteatur.
1112 3820 1154 3876 De

58 3898 230 3968 inludere,
245 3905 294 3954 aut
309 3895 434 3967 cogitare
450 3893 513 3966 quis
568 3893 688 3964 singulis
713 3891 817 3964 quippe
839 3890 962 3975 peccatis
986 3889 1153 3947 mortalibus

59 3969 131 4043 gitur
145 3969 237 4041 magis
250 3973 293 4025 est
307 3967 463 4023 curandum
476 3965 512 4022 de
568 3964 723 4035 requiritur
737 3965 868 4020 contritio
883 3962 1046 4035 singularis.
1058 3960 1153 4019 Diver-

59 4058 83 4110 u,
98 4056 185 4113 quam
205 4041 240 4096 de
259 4039 353 4109 longa.
370 4037 449 4093 Unde
463 4037 512 4094 Se·
568 4050 665 4091 sorum
680 4033 755 4090 enim
771 4036 935 4093 morborum
950 4033 1069 4091 diversa
1087 4034 1153 4089 sunt

62 4114 153 4184 Quam
167 4113 240 4170 bene
252 4109 330 4167 vivas
344 4108 441 4178 relect,
454 4120 513 4163 nou
568 4105 728 4177 medicinae,
743 4107 793 4163 sed
810 4107 941 4165 contritio
956 4111 1000 4164 est
1013 4101 1153 4163 medicina
