2790 4912
134 234 179 287 loo
514 231 625 286 Pilllldi
651 230 773 285 Pluris
799 229 903 284 citur
930 229 982 283 xil

131 339 205 409 Quia
218 354 286 411 ergo
308 353 421 394 omnem
436 353 544 406 serum,
560 342 589 393 et
606 352 720 394 omnem

132 416 258 479 aetatem,
277 414 306 467 et
323 409 453 481 gradum,
473 414 502 465 et
520 424 634 465 omnem
653 424 720 480 pro-

133 482 285 540 sessionem
313 479 449 537 Dominus
474 479 615 536 redimere
634 495 721 536 vene·

133 558 188 621 rat,
215 553 330 624 dignum
356 556 417 607 erat
437 556 468 608 ut
489 566 600 618 omnes,
615 550 644 606 in
659 551 721 623 ejus

134 623 292 693 nativitate,
314 622 507 680 testimouium
526 621 720 694 perhiberent.

126 696 205 752 'Sunt
230 693 306 751 euim
330 693 385 750 tria
410 709 525 766 genera,
550 692 581 748 in
600 698 721 764 utroque

134 782 203 823 sexu
221 765 420 822 commendata
440 782 447 820 :
465 770 533 837 puta
552 765 587 821 de
606 762 722 836 virgini-

134 838 198 905 bus,
213 836 320 893 scilicet
334 835 421 892 illaria
437 842 466 892 et
481 835 624 904 Christus;
639 851 673 892 ac
686 834 722 891 de

134 907 237 977 viduis,
250 907 357 963 scilicet
367 910 450 963 huna
462 914 492 963 et
505 906 631 973 Simeon,
643 906 723 978 cujus

133 983 205 1036 setas
219 981 512 1050 comparaturllnnae;
527 983 555 1034 et
568 977 653 1034 etiam
669 983 723 1033 ter·

134 1049 206 1106 tium
234 1066 334 1121 genus,
362 1065 465 1121 nempe
491 1050 526 1106 de
553 1047 721 1120 conjugatis,

132 1119 241 1178 scillcet
254 1120 396 1178 Elisabeth
409 1126 438 1177 et
448 1119 607 1177 Zacharias.
623 1119 722 1176 Nullus

133 1207 203 1262 ergo
225 1193 331 1263 gradus
354 1191 577 1250 Christianorum
595 1190 722 1248 fidelium

134 1263 342 1336 praetermissus
360 1269 412 1331 est,
435 1263 470 1320 de
490 1279 545 1334 quo
560 1278 617 1318 non
634 1262 721 1318 habe-

133 1340 179 1391 ret
188 1335 380 1391 testimonium
391 1334 467 1391 salus
481 1332 618 1390 omnium.
631 1334 721 1389 oldeo

134 1412 240 1474 autem,
255 1405 323 1462 dicit
335 1407 491 1469 dussimus,
507 1404 618 1462 oblatus
635 1410 678 1460 est
692 1403 722 1460 iu

133 1476 250 1548 templo,
271 1481 300 1533 et
317 1493 335 1532 a
351 1482 448 1533 sancta
466 1476 549 1532 vidua
565 1480 720 1546 susceptus,

136 1552 166 1603 ut
180 1547 280 1603 fideles
300 1563 367 1603 suos
390 1547 505 1604 domum
525 1545 574 1602 Dei
592 1546 723 1617 frequen·

134 1623 207 1687 tare,
222 1624 251 1674 et
263 1623 292 1674 ut
307 1634 371 1674 eum
387 1622 549 1674 mereantur
565 1617 719 1689 suscipere,

133 1689 227 1745 studio
240 1688 398 1745 sanctitatis
411 1688 560 1745 intendere
575 1693 718 1756 moueret3

134 1774 152 1816 a
182 1760 315 1817 simeone
348 1776 415 1817 sene
446 1764 605 1830 susceptus,
635 1765 720 1831 atque

134 1831 264 1887 laudatus
285 1835 338 1899 est,
359 1835 391 1887 ut
412 1830 476 1887 rita
494 1830 672 1903 gravitatem,
693 1835 721 1886 et

134 1916 246 1958 morum
259 1901 461 1971 maturitatem,
472 1918 503 1958 se
515 1901 632 1972 diligere
645 1906 722 1973 pato

134 1971 250 2028 iaceret.
264 1972 379 2029 Exsulta
392 1989 471 2045 ergo,
487 1977 516 2029 et
533 1979 575 2042 tu,
594 1988 657 2028 cum
673 1972 720 2028 illo

132 2057 203 2099 sene
217 2041 349 2100 simeone
363 2050 392 2100 et
404 2047 486 2100 Anna
500 2043 642 2114 lougaeval
655 2045 722 2100 Pro-

134 2113 204 2170 cede
223 2112 253 2169 in
271 2129 419 2171 occursum
437 2115 533 2175 Matris
546 2119 574 2172 et
593 2113 718 2171 Parvulil

135 2183 236 2241 Vincat
269 2186 469 2243 verecundiam
498 2185 592 2244 amori
626 2184 721 2242 Timo·

134 2271 196 2311 rem
211 2256 331 2328 expellat
346 2257 477 2315 allectus!
492 2255 619 2329 Accipias
633 2261 662 2312 et
676 2261 721 2313 ln·

134 2325 241 2383 tantem
261 2327 290 2383 in
309 2328 392 2385 ulnas
412 2335 485 2399 tuas,
503 2329 637 2398 dicasque
657 2344 721 2385 cum

132 2412 150 2453 s
170 2414 242 2456 onsa
267 2416 274 2454 :
300 2402 386 2456 Tenui
404 2417 474 2465 eum,
497 2417 545 2456 nee
563 2401 721 2456 dimittam!

158 2468 268 2542 ripudia
286 2487 349 2527 oum
368 2471 417 2528 illo
440 2472 617 2530 sanctissimo
642 2486 720 2538 sene,

132 2544 163 2597 et
191 2541 308 2598 concine
336 2560 342 2597 :
368 2546 446 2602 Noae
471 2545 591 2601 dimittis
613 2560 721 2600 seruam

135 2615 718 2680 mum,Domine,seouadumuerbumtuum‚

135 2684 168 2737 a'n
179 2687 264 2753 poce!
279 2703 293 2734 ι
310 2684 370 2740 haec
382 2685 540 2742 Ansetmus.

174 2756 205 2807 18
225 2754 327 2809 Ssusus
346 2771 461 2811 nunnus
477 2774 559 2815 nurus
577 2777 717 2816 merorum.

135 2851 170 2864 -
193 2823 337 2904 Moraliter
360 2829 437 2894 nota,
457 2828 532 2898 quod
559 2829 719 2901 inopinatus

134 2907 289 2950 concursus
313 2900 431 2951 istarum
459 2912 655 2969 personarum,
682 2901 719 2958 de

133 2961 250 3045 quibus,
270 2964 316 3045 hic
347 2965 379 3046 lit
409 2968 536 3040 mentio,
570 2987 628 3026 nou
657 2971 718 3029 sine

135 3038 270 3105 mysterio
287 3040 424 3093 instinctu
443 3038 540 3097 divino
557 3041 646 3098 iactus
663 3048 715 3099 est.

135 3104 213 3161 Unde
231 3122 283 3162 nos
305 3107 499 3179 spiritualiter,
514 3111 542 3168 in
558 3117 652 3169 mente
671 3114 718 3170 de-

133 3176 233 3233 bemus
250 3177 371 3259 istarum
390 3185 511 3251 quatuor
529 3198 717 3255 personarum

132 3261 343 3319 processionem
359 3251 512 3310 celebrare.
532 3259 585 3311 t'er
606 3254 716 3313 Simeo-

132 3333 214 3389 nem,
231 3320 278 3391 qui
299 3320 504 3395 interpretatur
520 3326 647 3390 audiens,
667 3326 715 3409 qui

130 3394 161 3446 et
190 3406 357 3463 responsum
372 3401 535 3477 'acceperat
563 3413 580 3453 s
610 3396 717 3470 Spiritu

133 3461 248 3542 Sancto,
265 3463 380 3519 mentali
402 3465 509 3522 scilicet
528 3467 714 3537 revelatione,

129 3531 308 3612 significatur
322 3534 400 3592 verbi
417 3536 466 3593 Del
486 3538 614 3595 studiosa
637 3539 715 3596 audi·

133 3605 183 3657 tro.
202 3602 263 3687 ‘Per
279 3605 401 3675 hunam,
421 3623 484 3679 quae
512 3609 715 3681 interpretatur

131 3677 235 3740 proteo,
262 3679 376 3756 ettquae
402 3694 460 3736 uon
487 3679 652 3737 discedebat
679 3681 715 3737 de

131 3743 259 3815 templo,
284 3746 462 3817 significatur
487 3753 588 3809 crebra
611 3752 712 3809 oratio.

134 3815 188 3870 Per
201 3816 266 3871 Jose
287 3817 317 3885 h,
334 3817 383 3889 qui
404 3818 612 3894 interpretatur
627 3839 664 3894 up
684 3839 714 3878 o·

131 3886 207 3965 sitio,
230 3831 286 3942 ref
297 3896 483 3971 oupmentum,
506 3893 554 3964 qui
582 3897 611 3949 et
635 3839 713 3950 sufli-

132 3959 221 4038 crtam
231 3972 328 4014 curam
339 3960 480 4019 baburtde
488 3979 575 4034 puero
589 3963 713 4033 Christo,

132 4027 462 4112 rutelhgiturbonorum
485 4049 603 4105 operum
623 4035 714 4092 couti·

55 4169 57 4173 Ι
132 4112 190 4154 uua
212 4106 367 4180 appositio.
398 4103 453 4159 Per
482 4105 600 4162 Mariam
636 4122 714 4175 vero,

130 4182 196 4239 quae
210 4175 594 4242 interpretaturittominoto,
608 4191 672 4248 que
686 4181 714 4234 et

784 336 927 395 Christum
948 334 1072 408 portavit
1097 333 1127 390 iu
1142 338 1237 403 utero,
1256 334 1352 408 signill-

783 413 864 465 catur
877 407 980 464 diviuae
995 404 1203 463 conformitatis
1219 406 1353 478 perfectis·

783 479 856 536 sima
875 478 951 536 unio.
973 481 1021 535 llae
1037 482 1133 534 autem
1153 483 1278 548 quatuor
1298 493 1354 550 per-

783 567 863 607 sona
882 549 1024 608 Christum
1040 548 1206 617 ollerentes,
1224 547 1256 604 in
1271 554 1354 607 mente

784 622 889 679 debent
911 627 1026 694 portare
1049 625 1175 692 quatuor
1198 619 1353 677 luminaria

785 693 897 750 Simeon
918 696 1013 765 portat
1032 693 1126 749 lumen
1149 695 1257 748 sanctas
1276 690 1355 748 medi·

784 764 923 832 tationis3
953 766 1036 820 huna
1068 765 1162 834 gestat
1194 762 1292 819 iumen
1317 761 1356 819 iu·

784 842 872 892 ternae
896 833 1072 902 devotionis3
1088 833 1194 904 loseph
1216 833 1355 890 delertlu·

785 922 850 963 men
876 905 1008 963 virtuosae
1032 903 1259 978 progressionis;
1280 904 1357 961 liaris

784 993 851 1034 vero
870 982 965 1050 portat
978 978 1074 1033 lumen
1094 992 1225 1048 superuae
1241 982 1357 1032 oontem-

768 1048 927 1176 ¹piationis.
945 1050 1009 1105 ilaec
1027 1052 1148 1120 quatuor
1165 1046 1321 1104 innuuntur
1332 1046 1358 1103 in

783 1120 1186 1248 ”Zaissisfflkccffimuisff'tnurd
1199 1119 1359 1245 {moino}

782 1280 858 1328 sum,
878 1268 904 1318 et
920 1263 1145 1334 deleoitspiritus
1162 1276 1250 1326 omas,
1271 1264 1300 1317 et
1315 1275 1358 1331 ps·

783 1339 853 1403 tent,
867 1333 1017 1391 referendo
1039 1332 1152 1404 singula
1178 1330 1307 1404 siugulis.
1329 1331 1358 1386 ut

783 1406 1019 1462 considerandum
1050 1404 1190 1476 estquod
1212 1406 1359 1475 pcaesenta·

783 1476 853 1534 tioni
883 1476 994 1534 Domini
1021 1476 1211 1533 interfuerunt
1242 1472 1359 1554 quinque

782 1564 912 1621 persouae
928 1565 935 1603 ι
952 1548 1012 1620 lpse
1033 1550 1126 1614 iesus,
1146 1561 1198 1618 per
1222 1559 1307 1616 quem
1326 1558 1359 1599 si·

801 1619 952 1676 niiicautur
979 1618 1162 1686 innocentes3
1188 1614 1289 1684 Maria,
1315 1613 1360 1670 sci-

782 1636 849 1747 ficet
862 1706 988 1746 omarum
1002 1706 1087 1754 more,
1124 1704 1156 1745 er
1175 1702 1263 1761 quam
1276 1683 1359 1759 poeni-

782 1766 888 1829 tentes;
918 1761 1034 1832 ioseph,
1065 1704 1174 1816 scilicet
1202 1771 1358 1820 ocmasems,

782 1848 834 1906 per
851 1847 937 1904 quem
956 1831 1149 1903 proficientem
1167 1829 1295 1896 Simeon,
1316 1841 1360 1899 per

782 1919 867 1976 quem
886 1903 999 1975 perlecti
1020 1903 1050 1959 in
1072 1902 1131 1958 sita
1145 1901 1256 1969 activa3
1276 1902 1359 1968 Anna,

782 1990 835 2047 per
854 1990 940 2046 quam
957 1973 1074 2047 perlecti
1099 1973 1130 2029 in
1154 1972 1213 2028 rita
1239 1976 1359 2028 contem-

782 2045 897 2118 plativa.
917 2047 949 2101 ln
972 2061 1028 2117 quo
1043 2043 1243 2116 significantur
1259 2041 1300 2098 illi
1318 2037 1359 2121 qui

784 2121 851 2173 sunt
868 2115 947 2189 digni
962 2116 1055 2173 vuitus
1069 2115 1129 2183 Dei,
1143 2114 1174 2170 iu
1192 2114 1301 2186 templo
1316 2112 1360 2168 liet

784 2188 908 2245 coelestis
922 2186 1090 2256 Jerusalem,
1105 2185 1287 2259 praesentari.

824 2282 833 2315 1
870 2261 1018 2315 Pnocessco
1034 2276 1062 2314 m
1076 2274 1180 2314 reneio
1197 2259 1359 2314 inensam.

784 2361 820 2372 -
833 2282 960 2386 {andem
987 2328 1101 2387 Simeon
1125 2343 1247 2401 puerum
1268 2329 1360 2384 lesum

785 2400 867 2458 blatri
893 2400 1017 2457 reddidit
1048 2415 1133 2473 quem
1159 2398 1209 2455 ilia
1236 2398 1361 2455 laetauter

784 2471 935 2543 reaccepit.
952 2473 1055 2528 Postea
1074 2471 1182 2528 vadunt
1202 2469 1241 2526 ad
1266 2469 1361 2548 altare,

784 2543 920 2600 iacientes
948 2541 1169 2615 processionem.
1192 2556 1258 2613 quae
1284 2537 1363 2596 hodie

783 2618 1003 2686 repraesentatur
1015 2630 1067 2687 per
1081 2613 1246 2671 uuiversum
1257 2611 1361 2668 orbem.

784 2685 943 2742 Procedunt
962 2685 1095 2742 alacriter
1112 2683 1153 2740 illi
1177 2684 1236 2740 duo
1251 2696 1364 2739 reuera·

783 2756 856 2814 biles
875 2772 969 2824 senes,
984 2756 1090 2828 loseph
1109 2762 1138 2812 et
1156 2753 1287 2822 Simeon,
1302 2766 1362 2809 cum

783 2827 968 2884 exsultatione
995 2842 1098 2899 magua
1120 2825 1290 2899 jubilantes.
1319 2825 1363 2880 Se·

782 2898 877 2970 quitur
893 2901 989 2967 Mater,
1004 2904 1120 2970 portans
1134 2899 1243 2969 Regem
1256 2899 1363 2962 iesum,

782 2986 846 3026 cum
859 2969 995 3027 ineflabili
1010 2969 1103 3027 cordis
1117 2968 1230 3036 laetitia;
1249 2974 1279 3025 et
1290 2969 1366 3025 hunt

781 3040 904 3097 associat
921 3056 997 3110 eam,
1013 3041 1120 3098 vadens
1136 3056 1170 3096 ex
1189 3040 1293 3108 latere,
1306 3051 1366 3096 cum

780 3111 951 3180 reverentia,
971 3112 1091 3170 'ubilans
1111 3117 1138 3167 et
1162 3111 1225 3183 ipsa
1242 3126 1311 3167 cum
1329 3108 1367 3165 iu-

780 3181 887 3239 dicibili
902 3129 1018 3266 gaudio,
1035 3189 1062 3240 et
1078 3182 1199 3239 laudans
1213 3181 1365 3239 Dominum

780 3253 885 3311 allecto
908 3270 1057 3311 immenso.
1078 3254 1121 3311 Ab
1149 3252 1213 3309 istis
1237 3268 1311 3336 ergo
1339 3250 1369 3308 iit

779 3324 922 3396 processio
932 3324 1112 3392 venerabilis,
1126 3324 1226 3396 paucis
1255 3323 1365 3403 uidem,

779 3397 830 3452 sed
846 3395 926 3452 valde
950 3396 1062 3467 maguis
1083 3401 1112 3452 et
1130 3394 1211 3472 quasi
1233 3339 1272 3452 ge
1291 3409 1367 3476 omni

778 3483 883 3537 genere
906 3466 1054 3524 hominum
1079 3466 1365 3538 repraesentantibus

779 3539 850 3595 Sunt
872 3536 948 3594 euim
971 3537 1045 3594 inter
1068 3554 1116 3594 eos
1135 3537 1172 3593 de
1187 3535 1327 3595 masculis
1342 3538 1368 3591 at

778 3608 903 3677 leminis,
916 3608 952 3665 de
967 3609 1083 3666 senibus
1102 3614 1131 3665 et
1146 3607 1316 3681 Juvenibus,
1333 3607 1368 3663 de

776 3679 944 3808 ὶιίιὲείιιΐίιιιιιιεἃ
950 3686 978 3736 ot
990 3679 1090 3736 viduis.
1104 3678 1200 3807 illaripe
1207 3679 1368 3807 quidemupli

795 3767 894 3822 oep,
947 3767 974 3807 m
996 3766 1061 3807 uam
1101 3766 1170 3807 areu
1203 3766 1227 3818 s,
1266 3766 1321 3807 uer

777 3824 876 3878 lesum
910 3822 940 3879 in
970 3766 1365 3894 lqempioppraesaoiahrunu

779 3893 893 3950 Simeon
911 3909 978 3950 vero
1000 3900 1029 3950 et
1044 3894 1138 3962 huna,
1153 3900 1183 3950 ut
1202 3895 1365 3965 prophetae,

778 3964 930 4092 praeconiis
958 3963 1131 4046 propheticis
1162 3964 1363 4020 laudaverunt.

799 4051 824 4090 ro
838 4041 866 4091 et
885 4051 937 4092 nos
956 4052 985 4091 m
1000 4035 1055 4092 ista
1073 4034 1131 4104 dle,
1147 4035 1306 4092 missarum
1321 4050 1365 4091 so·

779 4106 884 4163 lemnia
912 4107 1101 4176 celebrantes,
1124 4122 1239 4164 cereum
1263 4120 1366 4164 acceu-

779 4191 859 4250 sum,
887 4192 939 4250 per
966 4192 1050 4250 quem
1083 4176 1263 4249 significatur
1297 4189 1369 4250 puer
