2790 4912
75 197 125 252 Ν
398 229 401 235 -
450 189 558 244 lltltlu
584 188 705 243 Pllttts
729 187 834 242 catur
862 186 1002 240 xxxlrt.

86 316 150 360 rum
178 299 364 368 remission03
383 303 485 356 eontra
501 297 668 366 secundum,
697 295 701 371 1
724 294 770 353 rio
789 301 819 353 et
835 296 1029 366 vehementer,
1046 293 1084 352 ad
1107 294 1195 352 modu

86 373 122 432 de
146 372 336 446 proximorum
360 372 500 428 bonorum
526 370 616 427 salute
641 372 670 425 et
724 367 825 424 rientis
852 372 881 424 et
908 365 1040 435 sitientis,
1065 372 1196 439 appetun

82 446 224 504 malorum
238 443 491 508 condemnatione;
507 446 606 498 contra
615 445 671 497 ter·
725 456 796 510 nos,
823 439 980 496 secundum
1006 438 1135 503 Bedom,
1166 438 1193 493 in

85 517 169 586 tium,
196 517 232 572 de
255 516 339 586 hujus
367 513 456 570 exsilii
480 512 668 580 liberatioue;
724 527 879 583 numquam
898 527 956 567 non
971 509 1041 567 satis
1057 511 1150 582 justos
1167 527 1196 565 aa

87 594 186 646 eontra
203 594 347 659 quartum,
365 585 401 642 de
423 586 555 641 evasione
577 597 669 656 poeuae
699 604 702 647 l
725 583 841 650 debere,
856 582 906 639 sed
921 581 1086 654 quotidiano
1101 582 1196 653 justiti

83 660 201 727 lutura,
225 662 326 714 contra
349 655 489 727 quintum,
516 655 546 712 in
571 655 670 727 gloriae
725 670 777 726 per
794 655 895 711 ardere
919 653 1058 726 prosectu.
1075 653 1157 709 Unde
1175 658 1196 708 ll

84 730 254 802 adeptione:
279 732 309 785 et
331 731 400 786 tunc
422 732 554 799 poterunt
575 727 670 783 dicere
723 743 785 782 mas
800 744 807 783 ι
825 749 840 778 a
861 728 921 782 Non
948 724 1053 781 sufficit
1072 724 1156 781 nobis
1178 742 1193 776 r

85 817 148 859 cum
168 800 319 857 Psalmista
341 819 349 854 :
368 801 523 857 secundom
542 801 669 854 multita—
725 795 1196 869 stitiam,nisijustitiaepatiamurt

81 874 175 930 dinem
186 873 311 927 dotorum
324 887 444 927 meorum
459 874 489 928 in
508 871 587 927 corde
600 887 669 937 meo,
698 920 701 947 ‚
724 874 757 926 ut
781 884 936 940 numquam
963 885 1017 925 nos
1041 869 1111 925 salis
1135 870 1196 940 just«

85 946 282 1001 consolationes
305 948 360 999 taae
380 945 586 1013 letificaverunt
607 945 668 997 cai·
699 950 702 1013 t
726 957 839 1012 semper
855 940 962 997 esurire
986 956 1073 1011 opera
1089 940 1196 1012 iustitia

83 1032 158 1072 mem
171 1032 269 1071 mecm.
284 1014 354 1071 Huic
378 1013 527 1071 sententiae
553 1029 669 1069 concor·
699 1048 702 1109 Ι
725 1011 858 1083 ligamus.
879 1013 945 1067 »Et
963 1011 1101 1083 accipitur
1122 1013 1167 1066 hic
1184 1014 1194 1083 j

83 1087 132 1144 dat
149 1088 296 1155 Greporiuc
319 1085 369 1158 qui
390 1085 484 1143 dicit:
506 1106 520 1139 a
543 1086 671 1153 Quatuor
699 1118 702 1169 3
725 1084 881 1140 secundum
900 1082 976 1154 qnod
995 1088 1040 1138 est
1060 1084 1148 1139 virtus
1168 1099 1196 1153 ge

82 1164 148 1215 sunt
167 1158 318 1230 qualitates
334 1157 435 1240 quibus
449 1158 517 1228 justi
536 1156 588 1212 viri
608 1155 670 1212 ani·
699 1198 701 1215 ,
725 1156 761 1212 ad
776 1171 886 1223 omnes,
902 1171 959 1225 qua
979 1154 1168 1210 declinatura
1188 1172 1196 1209 1

85 1229 176 1287 main
195 1235 410 1299 compunctione
428 1231 613 1286 vehementer
628 1227 670 1284 al·
699 1230 702 1283 ἔ
726 1227 758 1283 sit
772 1227 890 1293 bonum,
907 1226 1061 1282 secundum
1077 1227 1151 1296 qarod
1171 1227 1196 1280 lu

84 1301 179 1358 ficitur
198 1319 204 1357 :
223 1306 282 1370 aut,
309 1317 373 1357 cum
387 1301 529 1358 malorum
554 1314 669 1357 suorum
699 1315 702 1387 g
726 1314 760 1355 ea
776 1297 947 1369 generaliter
968 1299 1062 1369 justus
1085 1298 1185 1352 dicitur

86 1372 289 1441 reminiscitur,
310 1372 494 1429 considerans
525 1372 571 1429 ubi
598 1371 668 1439 luit;
699 1370 877 1443 ,ercitiumt
911 1368 987 1440 quia,
1014 1369 1168 1424 secundum
1193 1384 1196 1417 t

86 1451 145 1513 aut,
162 1460 225 1502 rum
237 1444 409 1517 judiciorum
429 1444 478 1501 [tei
500 1443 669 1501 sententiam
699 1476 701 1505 .
725 1448 852 1510 sternam,
872 1440 959 1497 esurit
973 1440 1124 1511 Juslitiam,
1144 1440 1189 1510 qui

85 1523 228 1584 metuens,
248 1520 277 1572 et
293 1532 388 1572 secum
407 1532 549 1587 quaerens,
565 1514 670 1586 cogitat
699 1518 702 1567 i
726 1514 795 1570 dum
810 1513 859 1569 [tei
876 1512 1015 1584 justitiam
1039 1512 1196 1567 desiderata

82 1588 131 1645 ubi
150 1588 220 1655 erit3
249 1593 309 1657 aut,
337 1604 400 1645 cum
415 1588 490 1644 mala
507 1587 591 1659 hujus
605 1586 669 1642 vitae
699 1588 702 1655 l
727 1585 782 1641 sari
792 1604 800 1653 ;
819 1585 893 1640 hanc
908 1584 1048 1654 justitiam
1066 1591 1094 1639 et
1111 1583 1196 1639 vitai

85 1659 235 1732 presentis
244 1658 364 1716 solerter
373 1660 533 1727 attendens,
545 1673 669 1714 moerens
699 1660 702 1697 ¹
727 1657 834 1723 dinem,
851 1672 908 1712 non
924 1655 1015 1711 solum
1027 1655 1055 1710 in
1069 1655 1160 1720 nobis,
1175 1671 1196 1710 sc

83 1729 246 1787 considerat
273 1729 321 1787 ubi
347 1736 405 1802 est3
429 1737 488 1800 aut,
508 1747 574 1787 cum
594 1732 670 1787 bona
699 1706 702 1803 i
726 1728 857 1785 omnihus
882 1726 945 1783 aliis
963 1732 1098 1799 appetere
1116 1728 1196 1782 deber

84 1817 213 1874 superna
230 1802 329 1874 patriae
354 1804 573 1875 contemplatur,
594 1818 668 1874 quae,
700 1821 702 1825 ·
726 1800 787 1856 haec
810 1804 853 1857 est
873 1798 995 1871 justitia,
1010 1815 1072 1870 quae
1088 1797 1183 1855 tribuit

85 1874 154 1955 quia
168 1873 480 1955 norr'dumadipiseitur,
493 1875 593 1947 lugens
605 1891 670 1930 eon·
726 1888 781 1944 que
800 1870 876 1942 quod
895 1887 977 1926 suum
1003 1876 1046 1926 cst
1062 1888 1069 1926 :
1086 1872 1155 1938 Deo,
1169 1886 1196 1996 Er

86 1950 168 2014 spirit
182 1946 228 2000 uba
246 1952 362 2001 nonest
379 1963 386 1999 :
403 1965 417 1995 »
433 1945 495 2000 haee
512 1947 668 2014 Graeceius.
699 1968 702 1999 t
727 1950 755 2000 et
773 1943 835 1999 sibi.
853 1945 911 1999 Deo
938 1942 1001 2010 tria,
1027 1941 1156 1998 scilicet:
1190 1959 1196 1994 l

85 2014 234 2094 Gaudeant
257 2030 324 2085 ergo
344 2015 409 2071 rani
424 2015 452 2070 in
468 2017 522 2072 hoc
537 2017 643 2072 mundo
660 2034 668 2083 3
700 2006 703 2081 ἕ
727 2015 864 2082 Creatori,
877 2030 1003 2071 amorem
1019 2013 1196 2085 Redemptcri

85 2085 161 2142 beau
190 2090 286 2139 autem
316 2085 364 2156 qui
393 2085 501 2158 lugent,
536 2087 669 2157 quoniam
700 2086 787 2143 trem
810 2085 913 2143 ludici.
930 2085 1061 2141 Proximo
1081 2085 1197 2140 tr·ia:ol

86 2154 140 2229 ipsi
157 2155 379 2238 consolabuntur
398 2156 426 2212 in
441 2158 523 2214 coelo.
540 2160 670 2228 Congrue
700 2144 703 2237 ᾗ
727 2158 796 2214 tiam
825 2157 985 2229 superiori,
1016 2156 1196 2213 concordiam

85 2233 181 2286 autem
193 2229 355 2298 lugentibus
369 2229 670 2301 premittitur,etprae-
700 2229 944 2286 abenesrcentiam
973 2228 1110 2284 inferiori.
1143 2228 1196 2284 Sili

83 2304 202 2373 paratur
229 2305 337 2357 aelerna
364 2300 530 2370 consolatio,
562 2307 594 2359 ut
622 2302 669 2373 qui
700 2280 895 2357 imunditiam
915 2300 1004 2368 cordi,
1022 2299 1179 2356 custodiam

86 2371 190 2428 tristati
205 2378 270 2428 sunt
285 2372 470 2445 inpraesenti,
485 2373 670 2445 gaudeantin
700 2344 703 2467 Ι
726 2373 874 2444 scipliuam
894 2372 982 2428 carni.
1003 2374 1037 2427 Et
1056 2387 1122 2426 vere
1139 2390 1146 2426 ι
1162 2374 1196 2426 Bc

84 2443 190 2525 futuro,
207 2450 235 2500 et
250 2445 433 2517 temporalem
450 2445 614 2502 amittentes
625 2445 670 2501 lae·
699 2474 702 2511 ,
725 2444 854 2500 esuriunt
868 2443 1196 2515 etsitiuntjusl.it1au1,u

86 2519 189 2584 titiam,
204 2517 385 2588 perfruantur
403 2521 519 2574 aeterna.
698 2514 702 2595 j
724 2515 778 2587 ipsi
809 2517 1023 2581 saturabuntur,
1044 2521 1075 2570 ut
1102 2514 1150 2585 qui
1181 2530 1196 2585 p

119 2588 261 2659 7chnra
286 2606 435 2646 nsarrrcno
463 2607 470 2645 :
501 2606 611 2646 escures
637 2607 669 2644 ar
698 2600 702 2709 Ι
725 2587 796 2642 riem
810 2593 838 2642 et
861 2587 936 2642 sitim
950 2587 1069 2658 iustitiae
1088 2592 1196 2641 merent

85 2675 152 2714 srrrs
179 2678 311 2717 sesrrrra.
337 2692 372 2703 -
398 2661 506 2717 Deinde
541 2660 669 2729 sequitur
725 2658 902 2715 saturitatem
925 2658 1024 2727 gloriae
1050 2657 1196 2740 praemieut

84 2736 187 2813 quarta
202 2748 209 2785 ε
225 2735 303 2787 Berrtt‘
318 2736 367 2802 qai
383 2736 507 2788 esuriunt
526 2739 551 2788 et
569 2736 669 2788 sitiunt
698 2714 701 2763 ¹
724 2736 869 2797 conatum,
882 2746 966 2802 quem
981 2746 1057 2801 passi
1072 2735 1136 2785 sunt
1157 2729 1187 2785 in

48 2844 52 2851 .
85 2804 667 2874 Juststium3quereiamipstsatarebantar.
725 2803 772 2871 de,
786 2802 896 2858 reliciat
914 2801 1062 2873 praemium
1082 2801 1110 2855 in
1125 2802 1196 2872 perti

84 2872 152 2927 llaec
165 2878 267 2951 qrrarta
286 2874 430 2929 beatitudo
450 2882 526 2930 recte
542 2875 669 2946 sequitur
725 2877 794 2942 Quae
810 2876 943 2930 saturitas
955 2873 1090 2930 reddetur
1103 2871 1132 2927 iu
1146 2873 1196 2927 vita

86 2944 146 2996 tres
168 2943 332 3021 praedictam
360 2943 407 3012 qui
428 2944 503 2999 enim
526 2947 669 3003 mundana
725 2947 761 3002 de
791 2962 847 3017 qua
874 2944 942 3001 dicit
968 2943 1144 3000 Psalmista:
1170 2946 1196 3001 St

86 3015 266 3091 contempsit,
281 3028 314 3067 ac
333 3029 428 3069 moros
452 3017 669 3073 mansuetudine
725 3035 786 3073 cam
804 3019 969 3088 apparuerit
991 3019 1082 3084 plor-io
1109 3018 1196 3070 tamt

86 3085 216 3164 tentet
235 3083 359 3166 delectus
386 3083 470 3165 luxit,
496 3087 557 3157 jam
577 3093 670 3158 potest
727 3087 799 3145 senti
829 3104 940 3160 quoquc
969 3086 1105 3153 redditur,
1140 3085 1196 3157 quia

86 3168 193 3237 esurire
209 3160 237 3210 et
252 3161 331 3237 sitire
347 3157 497 3237 justitiam,
518 3159 593 3227 qued
614 3176 670 3215 non
727 3159 846 3216 avaritia
863 3159 922 3215 sitit
935 3158 1030 3215 aliena
1042 3165 1072 3214 et
1086 3159 1187 3226 esurit,

82 3241 163 3301 prrus
191 3231 293 3300 potuit,
325 3242 403 3299 quia,
423 3230 578 3286 secundum
601 3233 669 3287 Am·
723 3231 862 3304 justitiam
891 3236 1054 3297 saturatus,
1082 3235 1196 3285 content

90 3300 220 3365 mesiam,
236 3315 315 3382 aeger
334 3316 399 3356 curn
425 3300 454 3356 in
475 3301 554 3372 gravi
571 3304 671 3359 morbo
728 3303 797 3371 suis,
812 3309 841 3359 et
852 3302 947 3359 aliena
963 3318 1019 3358 non
1035 3301 1119 3373 cupit.
1138 3303 1196 3357 Non

88 3377 142 3441 est,
165 3389 222 3429 non
241 3376 339 3429 esurit.
362 3373 465 3429 Primae
489 3388 557 3429 vero
578 3378 635 3430 tres
654 3389 672 3430 a
728 3374 821 3444 itaque
843 3373 882 3429 illi
902 3373 950 3446 qui
966 3372 1073 3430 faciunt
1092 3372 1196 3444 iustitia

85 3443 179 3524 seculo
202 3460 326 3525 nequam
355 3443 479 3515 eripiunt
495 3461 502 3499 :
520 3450 672 3517 paupertas
723 3445 841 3517 justitiae
856 3461 938 3517 opus,
950 3446 999 3501 sed
1012 3444 1097 3501 etiam
1111 3444 1159 3524 qui
1174 3460 1196 3499 ea

89 3529 166 3594 enim
181 3515 293 3572 ‹liritras
308 3514 413 3586 abjicit.
426 3516 612 3573 mansuetudo
627 3517 671 3573 in·
727 3517 803 3574 riunt
818 3522 846 3574 et
856 3516 966 3585 sitiunt,
977 3516 1006 3572 id
1021 3521 1127 3586 estqui
1142 3531 1196 3572 ean

87 3598 180 3665 jurias
203 3601 260 3641 nen
286 3587 382 3656 sentit,
407 3587 498 3644 luctus
520 3588 672 3645 commissa
726 3587 1196 3661 concupiscunt,etsinonpossunt

90 3653 271 3735 dilurtaquae
289 3674 355 3713 vero
378 3663 545 3728 sequuntur,
562 3661 599 3715 ad
618 3677 672 3717 cm
726 3662 801 3731 quod
825 3660 998 3728 desiderant,
1016 3666 1112 3715 tamen
1136 3661 1196 3715 beat

90 3722 536 3807 lumerrgunt.Quarumprima
555 3736 671 3788 estnon
726 3730 793 3803 quia
838 3736 954 3787 uantum
983 3731 1013 3786 in
1038 3730 1109 3802 ipsis
1138 3738 1182 3787 est

88 3799 147 3876 tam
163 3803 390 3882 Justrtrauuam
401 3801 510 3883 esuries
527 3801 585 3857 sive
600 3803 672 3859 desi·
726 3803 802 3873 quod
818 3747 998 3872 aesideranu
1016 3807 1044 3858 et
1062 3802 1107 3857 isti
1128 3802 1196 3873 quid

87 3866 670 3950 derrumjustrtrmqurarnprasentiper-
725 3875 904 3943 turabuntur,
933 3874 1045 3946 quando
1079 3890 1177 3930 omina

89 3936 191 3993 lectam
207 3946 347 4011 Justrtram
372 3958 427 3999 non
451 3960 603 4016 possumus
620 3947 670 4002 lra-
724 3945 865 4002 desideria
879 3945 1104 4017 complebuntur.
1118 3945 1196 4001 L'nde

88 4007 168 4092 bere,
196 4011 245 4067 sed
272 4016 569 4095 poss'umusesurire.
592 4018 670 4074 Unde
723 4021 813 4072 rtiaas
832 4036 841 4072 ε
858 4038 871 4070 a
884 4017 936 4085 Qui
956 4017 1081 4089 perfecte
1104 4017 1183 4073 nevit

88 4078 179 4164 dreit:
200 4084 279 4166 Beati
297 4099 344 4154 qur
367 4092 495 4143 esurrunt
518 4093 546 4170 et
571 4087 671 4145 sitiunt
724 4090 796 4145 lecte
811 4094 888 4145 amal
907 4088 1053 4157 ustitiam,
1067 4089 1128 4160 jam
1145 4089 1195 4160 jus

83 4159 233 4225 justitiam,
251 4155 281 4213 rd
296 4159 351 4224 est,
367 4170 431 4213 cum
454 4173 533 4216 emm
556 4159 668 4218 deside·
724 4160 834 4219 etiamsi
854 4161 932 4218 nula
951 4159 1052 4218 existat
1068 4160 1196 4217 secundu
