<?xml version="1.0" encoding="UTF-8"?>
<!DOCTYPE html PUBLIC "-//W3C//DTD XHTML 1.0 Transitional//EN"
    "http://www.w3.org/TR/xhtml1/DTD/xhtml1-transitional.dtd">
<html xmlns="http://www.w3.org/1999/xhtml" xml:lang="en" lang="en">
 <head>
  <title>
</title>
<meta http-equiv="Content-Type" content="text/html;charset=utf-8" />
  <meta name='ocr-system' content='tesseract 3.04.00' />
  <meta name='ocr-capabilities' content='ocr_page ocr_carea ocr_par ocr_line ocrx_word'/>
</head>
<body>
  <div class='ocr_page' id='page_1' title='image "./vitajesuchristi02ludogoog_0145.png"; bbox 0 0 2790 4912; ppageno 0'>
   <div class='ocr_carea' id='block_1_1' title="bbox 136 109 978 177">
    <p class='ocr_par' dir='ltr' id='par_1_1' title="bbox 136 109 978 177">
     <span class='ocr_line' id='line_1_1' title="bbox 136 109 978 177; baseline -0.018 -2"><span class='ocrx_word' id='word_1_1' title='bbox 136 121 179 177; x_wconf 81' lang='lat' dir='ltr'><strong>itt</strong></span> <span class='ocrx_word' id='word_1_2' title='bbox 520 112 631 166; x_wconf 75' lang='lat' dir='ltr'><strong>initia</strong></span> <span class='ocrx_word' id='word_1_3' title='bbox 657 113 773 168; x_wconf 75' lang='lat' dir='ltr'><strong>Pieris</strong></span> <span class='ocrx_word' id='word_1_4' title='bbox 802 110 906 163; x_wconf 78' lang='lat' dir='ltr'><strong>eirur</strong></span> <span class='ocrx_word' id='word_1_5' title='bbox 933 109 978 162; x_wconf 74' lang='grc' dir='ltr'><strong>ιιι</strong></span> 
     </span>
    </p>
   </div>
   <div class='ocr_carea' id='block_1_2' title="bbox 131 220 724 3441">
    <p class='ocr_par' dir='ltr' id='par_1_2' title="bbox 133 220 723 1652">
     <span class='ocr_line' id='line_1_2' title="bbox 134 220 722 295; baseline -0.009 -11"><span class='ocrx_word' id='word_1_6' title='bbox 134 224 287 284; x_wconf 80' lang='lat' dir='ltr'><strong>dilectione</strong></span> <span class='ocrx_word' id='word_1_7' title='bbox 312 237 398 295; x_wconf 90' lang='lat' dir='ltr'><strong>quam</strong></span> <span class='ocrx_word' id='word_1_8' title='bbox 423 221 548 279; x_wconf 89' lang='lat' dir='ltr'><strong>habebat</strong></span> <span class='ocrx_word' id='word_1_9' title='bbox 563 221 600 278; x_wconf 90' lang='lat' dir='ltr'><strong>ad</strong></span> <span class='ocrx_word' id='word_1_10' title='bbox 621 220 722 279; x_wconf 84' lang='lat' dir='ltr'><strong>Filium</strong></span> 
     </span>
     <span class='ocr_line' id='line_1_3' title="bbox 135 292 722 370; baseline -0.01 -15"><span class='ocrx_word' id='word_1_11' title='bbox 135 312 221 370; x_wconf 91' lang='lat' dir='ltr'><strong>quem</strong></span> <span class='ocrx_word' id='word_1_12' title='bbox 243 295 283 352; x_wconf 88' lang='lat' dir='ltr'><strong>sic</strong></span> <span class='ocrx_word' id='word_1_13' title='bbox 304 293 460 366; x_wconf 70' lang='lat' dir='ltr'><strong>quaerebat,</strong></span> <span class='ocrx_word' id='word_1_14' title='bbox 476 292 516 349; x_wconf 88' lang='lat' dir='ltr'><strong>sic</strong></span> <span class='ocrx_word' id='word_1_15' title='bbox 536 295 673 364; x_wconf 79' lang='lat' dir='ltr'><strong>arguebat</strong></span> <span class='ocrx_word' id='word_1_16' title='bbox 688 293 722 350; x_wconf 87' lang='lat' dir='ltr'><strong>it-</strong></span> 
     </span>
     <span class='ocr_line' id='line_1_4' title="bbox 135 363 722 438; baseline -0.005 -14"><span class='ocrx_word' id='word_1_17' title='bbox 135 368 207 438; x_wconf 90' lang='lat' dir='ltr'><strong>lum,</strong></span> <span class='ocrx_word' id='word_1_18' title='bbox 258 367 286 422; x_wconf 88' lang='lat' dir='ltr'><strong>ia</strong></span> <span class='ocrx_word' id='word_1_19' title='bbox 298 381 380 422; x_wconf 91' lang='lat' dir='ltr'><strong>amor</strong></span> <span class='ocrx_word' id='word_1_20' title='bbox 395 363 535 420; x_wconf 80' lang='lat' dir='ltr'><strong>excellens</strong></span> <span class='ocrx_word' id='word_1_21' title='bbox 554 363 645 421; x_wconf 91' lang='lat' dir='ltr'><strong>nescit</strong></span> <span class='ocrx_word' id='word_1_22' title='bbox 660 381 722 421; x_wconf 93' lang='lat' dir='ltr'><strong>mo-</strong></span> 
     </span>
     <span class='ocr_line' id='line_1_5' title="bbox 135 437 722 518; baseline -0.01 -20"><span class='ocrx_word' id='word_1_23' title='bbox 135 440 213 498; x_wconf 88' lang='lat' dir='ltr'><strong>dum.</strong></span> <span class='ocrx_word' id='word_1_24' title='bbox 235 437 367 509; x_wconf 29' lang='lat' dir='ltr'><strong>,oquitur</strong></span> <span class='ocrx_word' id='word_1_25' title='bbox 386 451 454 518; x_wconf 73' lang='lat' dir='ltr'><strong>ergo</strong></span> <span class='ocrx_word' id='word_1_26' title='bbox 471 437 542 508; x_wconf 87' lang='lat' dir='ltr'><strong>ipsa,</strong></span> <span class='ocrx_word' id='word_1_27' title='bbox 558 439 588 492; x_wconf 91' lang='lat' dir='ltr'><strong>et</strong></span> <span class='ocrx_word' id='word_1_28' title='bbox 603 453 661 492; x_wconf 91' lang='lat' dir='ltr'><strong>non</strong></span> <span class='ocrx_word' id='word_1_29' title='bbox 674 439 722 492; x_wconf 88' lang='lat' dir='ltr'><strong>lo-</strong></span> 
     </span>
     <span class='ocr_line' id='line_1_6' title="bbox 135 506 722 584; baseline -0.009 -15"><span class='ocrx_word' id='word_1_30' title='bbox 135 512 221 584; x_wconf 87' lang='lat' dir='ltr'><strong>seph:</strong></span> <span class='ocrx_word' id='word_1_31' title='bbox 234 508 300 580; x_wconf 90' lang='lat' dir='ltr'><strong>quia</strong></span> <span class='ocrx_word' id='word_1_32' title='bbox 314 507 400 564; x_wconf 89' lang='lat' dir='ltr'><strong>etiam</strong></span> <span class='ocrx_word' id='word_1_33' title='bbox 417 524 447 563; x_wconf 94' lang='lat' dir='ltr'><strong>in</strong></span> <span class='ocrx_word' id='word_1_34' title='bbox 466 523 501 563; x_wconf 93' lang='lat' dir='ltr'><strong>ea</strong></span> <span class='ocrx_word' id='word_1_35' title='bbox 519 506 722 580; x_wconf 86' lang='lat' dir='ltr'><strong>tuitmajordo-</strong></span> 
     </span>
     <span class='ocr_line' id='line_1_7' title="bbox 136 578 723 647; baseline -0.005 -8"><span class='ocrx_word' id='word_1_36' title='bbox 136 581 205 640; x_wconf 92' lang='lat' dir='ltr'><strong>loris</strong></span> <span class='ocrx_word' id='word_1_37' title='bbox 219 581 346 638; x_wconf 86' lang='lat' dir='ltr'><strong>allectus.</strong></span> <span class='ocrx_word' id='word_1_38' title='bbox 366 578 444 635; x_wconf 84' lang='lat' dir='ltr'><strong>Unde</strong></span> <span class='ocrx_word' id='word_1_39' title='bbox 464 578 625 647; x_wconf 80' lang='lat' dir='ltr'><strong>Greporius:</strong></span> <span class='ocrx_word' id='word_1_40' title='bbox 648 582 723 636; x_wconf 67' lang='lat' dir='ltr'><strong>uua-</strong></span> 
     </span>
     <span class='ocr_line' id='line_1_8' title="bbox 135 649 722 723; baseline -0.007 -13"><span class='ocrx_word' id='word_1_41' title='bbox 135 652 189 723; x_wconf 90' lang='lat' dir='ltr'><strong>ria,</strong></span> <span class='ocrx_word' id='word_1_42' title='bbox 200 651 337 709; x_wconf 90' lang='lat' dir='ltr'><strong>maternis</strong></span> <span class='ocrx_word' id='word_1_43' title='bbox 352 651 455 708; x_wconf 85' lang='lat' dir='ltr'><strong>allecta</strong></span> <span class='ocrx_word' id='word_1_44' title='bbox 466 649 631 719; x_wconf 85' lang='lat' dir='ltr'><strong>visceribus,</strong></span> <span class='ocrx_word' id='word_1_45' title='bbox 662 650 722 708; x_wconf 88' lang='lat' dir='ltr'><strong>nasi</strong></span> 
     </span>
     <span class='ocr_line' id='line_1_9' title="bbox 133 667 721 793; baseline -0.009 -10"><span class='ocrx_word' id='word_1_46' title='bbox 133 740 199 783; x_wconf 85' lang='lat' dir='ltr'><strong>cum</strong></span> <span class='ocrx_word' id='word_1_47' title='bbox 219 722 351 780; x_wconf 87' lang='lat' dir='ltr'><strong>lamentis</strong></span> <span class='ocrx_word' id='word_1_48' title='bbox 372 721 584 793; x_wconf 74' lang='lat' dir='ltr'><strong>inquisitionem</strong></span> <span class='ocrx_word' id='word_1_49' title='bbox 608 667 721 778; x_wconf 57' lang='lat' dir='ltr'><strong>deiero·</strong></span> 
     </span>
     <span class='ocr_line' id='line_1_10' title="bbox 134 793 723 863; baseline -0.01 -9"><span class='ocrx_word' id='word_1_50' title='bbox 134 812 195 854; x_wconf 88' lang='lat' dir='ltr'><strong>sam</strong></span> <span class='ocrx_word' id='word_1_51' title='bbox 216 794 350 863; x_wconf 90' lang='lat' dir='ltr'><strong>ostendit,</strong></span> <span class='ocrx_word' id='word_1_52' title='bbox 369 798 399 850; x_wconf 92' lang='lat' dir='ltr'><strong>et</strong></span> <span class='ocrx_word' id='word_1_53' title='bbox 421 793 518 851; x_wconf 88' lang='lat' dir='ltr'><strong>omnia</strong></span> <span class='ocrx_word' id='word_1_54' title='bbox 536 795 608 850; x_wconf 89' lang='lat' dir='ltr'><strong>sicut</strong></span> <span class='ocrx_word' id='word_1_55' title='bbox 631 799 723 849; x_wconf 90' lang='lat' dir='ltr'><strong>mater</strong></span> 
     </span>
     <span class='ocr_line' id='line_1_11' title="bbox 133 864 722 934; baseline -0.008 -9"><span class='ocrx_word' id='word_1_56' title='bbox 133 866 305 925; x_wconf 85' lang='lat' dir='ltr'><strong>fiducialiter</strong></span> <span class='ocrx_word' id='word_1_57' title='bbox 319 871 347 922; x_wconf 92' lang='lat' dir='ltr'><strong>et</strong></span> <span class='ocrx_word' id='word_1_58' title='bbox 361 864 516 934; x_wconf 89' lang='lat' dir='ltr'><strong>humiliter,</strong></span> <span class='ocrx_word' id='word_1_59' title='bbox 525 870 554 921; x_wconf 93' lang='lat' dir='ltr'><strong>et</strong></span> <span class='ocrx_word' id='word_1_60' title='bbox 567 865 722 922; x_wconf 79' lang='lat' dir='ltr'><strong>affectuose</strong></span> 
     </span>
     <span class='ocr_line' id='line_1_12' title="bbox 134 935 721 1012; baseline -0.005 -17"><span class='ocrx_word' id='word_1_61' title='bbox 134 938 265 1012; x_wconf 76' lang='lat' dir='ltr'><strong>exprimit</strong></span> <span class='ocrx_word' id='word_1_62' title='bbox 280 936 395 994; x_wconf 89' lang='lat' dir='ltr'><strong>dicens:</strong></span> <span class='ocrx_word' id='word_1_63' title='bbox 409 936 470 1005; x_wconf 79' lang='lat' dir='ltr'><strong>Fili,</strong></span> <span class='ocrx_word' id='word_1_64' title='bbox 483 935 551 1008; x_wconf 90' lang='lat' dir='ltr'><strong>quid</strong></span> <span class='ocrx_word' id='word_1_65' title='bbox 562 936 656 996; x_wconf 77' lang='lat' dir='ltr'><strong>iecisti</strong></span> <span class='ocrx_word' id='word_1_66' title='bbox 670 953 721 992; x_wconf 95' lang='lat' dir='ltr'><strong>no-</strong></span> 
     </span>
     <span class='ocr_line' id='line_1_13' title="bbox 134 1007 722 1076; baseline -0.007 -8"><span class='ocrx_word' id='word_1_67' title='bbox 134 1009 179 1068; x_wconf 90' lang='lat' dir='ltr'><strong>bis</strong></span> <span class='ocrx_word' id='word_1_68' title='bbox 194 1010 255 1067; x_wconf 82' lang='lat' dir='ltr'><strong>sic‘l</strong></span> <span class='ocrx_word' id='word_1_69' title='bbox 271 1009 376 1066; x_wconf 88' lang='lat' dir='ltr'><strong>»Unde</strong></span> <span class='ocrx_word' id='word_1_70' title='bbox 391 1013 419 1064; x_wconf 91' lang='lat' dir='ltr'><strong>et</strong></span> <span class='ocrx_word' id='word_1_71' title='bbox 430 1009 578 1064; x_wconf 77' lang='lat' dir='ltr'><strong>itaselmus</strong></span> <span class='ocrx_word' id='word_1_72' title='bbox 595 1028 603 1063; x_wconf 91' lang='lat'><strong>:</strong></span> <span class='ocrx_word' id='word_1_73' title='bbox 620 1007 722 1076; x_wconf 81' lang='lat' dir='ltr'><strong>«Quid</strong></span> 
     </span>
     <span class='ocr_line' id='line_1_14' title="bbox 133 1078 721 1153; baseline -0.007 -14"><span class='ocrx_word' id='word_1_74' title='bbox 133 1081 158 1139; x_wconf 86' lang='lat' dir='ltr'><strong>si</strong></span> <span class='ocrx_word' id='word_1_75' title='bbox 173 1081 332 1138; x_wconf 82' lang='lat' dir='ltr'>duodenem</span> <span class='ocrx_word' id='word_1_76' title='bbox 346 1096 397 1153; x_wconf 92' lang='lat' dir='ltr'><strong>per</strong></span> <span class='ocrx_word' id='word_1_77' title='bbox 411 1078 535 1136; x_wconf 91' lang='lat' dir='ltr'><strong>triduum</strong></span> <span class='ocrx_word' id='word_1_78' title='bbox 551 1096 614 1137; x_wconf 89' lang='lat' dir='ltr'><strong>cuni</strong></span> <span class='ocrx_word' id='word_1_79' title='bbox 631 1078 721 1137; x_wconf 83' lang='lat' dir='ltr'><strong>Matre</strong></span> 
     </span>
     <span class='ocr_line' id='line_1_15' title="bbox 134 1150 720 1225; baseline -0.003 -15"><span class='ocrx_word' id='word_1_80' title='bbox 134 1151 304 1225; x_wconf 71' lang='lat' dir='ltr'><strong>quaesieris?</strong></span> <span class='ocrx_word' id='word_1_81' title='bbox 320 1152 342 1208; x_wconf 93' lang='lat' dir='ltr'>O</span> <span class='ocrx_word' id='word_1_82' title='bbox 358 1156 465 1223; x_wconf 86' lang='lat' dir='ltr'><strong>quanta</strong></span> <span class='ocrx_word' id='word_1_83' title='bbox 479 1150 560 1223; x_wconf 88' lang='lat' dir='ltr'><strong>copia</strong></span> <span class='ocrx_word' id='word_1_84' title='bbox 577 1154 666 1209; x_wconf 87' lang='lat' dir='ltr'><strong>tinent</strong></span> <span class='ocrx_word' id='word_1_85' title='bbox 680 1152 720 1208; x_wconf 90' lang='lat' dir='ltr'><strong>ta·</strong></span> 
     </span>
     <span class='ocr_line' id='line_1_16' title="bbox 134 1221 721 1298; baseline -0.005 -17"><span class='ocrx_word' id='word_1_86' title='bbox 134 1239 248 1298; x_wconf 83' lang='lat' dir='ltr'><strong>crymae,</strong></span> <span class='ocrx_word' id='word_1_87' title='bbox 270 1239 333 1280; x_wconf 92' lang='lat' dir='ltr'><strong>cuni</strong></span> <span class='ocrx_word' id='word_1_88' title='bbox 359 1221 484 1279; x_wconf 86' lang='lat' dir='ltr'><strong>audieris</strong></span> <span class='ocrx_word' id='word_1_89' title='bbox 508 1225 626 1280; x_wconf 89' lang='lat' dir='ltr'><strong>Matrem</strong></span> <span class='ocrx_word' id='word_1_90' title='bbox 647 1222 721 1279; x_wconf 91' lang='lat' dir='ltr'><strong>dulci</strong></span> 
     </span>
     <span class='ocr_line' id='line_1_17' title="bbox 134 1293 721 1369; baseline -0.005 -15"><span class='ocrx_word' id='word_1_91' title='bbox 134 1297 257 1369; x_wconf 88' lang='lat' dir='ltr'><strong>quadarn</strong></span> <span class='ocrx_word' id='word_1_92' title='bbox 284 1293 477 1367; x_wconf 80' lang='lat' dir='ltr'><strong>increpatione</strong></span> <span class='ocrx_word' id='word_1_93' title='bbox 502 1295 602 1352; x_wconf 84' lang='lat' dir='ltr'><strong>Filium</strong></span> <span class='ocrx_word' id='word_1_94' title='bbox 621 1295 721 1351; x_wconf 89' lang='lat' dir='ltr'><strong>verbe·</strong></span> 
     </span>
     <span class='ocr_line' id='line_1_18' title="bbox 134 1365 722 1436; baseline -0.007 -11"><span class='ocrx_word' id='word_1_95' title='bbox 134 1373 245 1428; x_wconf 80' lang='lat' dir='ltr'><strong>rentem</strong></span> <span class='ocrx_word' id='word_1_96' title='bbox 260 1373 288 1424; x_wconf 91' lang='lat' dir='ltr'><strong>et</strong></span> <span class='ocrx_word' id='word_1_97' title='bbox 300 1367 440 1423; x_wconf 82' lang='lat' dir='ltr'><strong>dicentem</strong></span> <span class='ocrx_word' id='word_1_98' title='bbox 457 1384 464 1422; x_wconf 79' lang='grc' dir='ltr'><strong>ι</strong></span> <span class='ocrx_word' id='word_1_99' title='bbox 476 1366 537 1432; x_wconf 84' lang='lat' dir='ltr'><strong>Fili,</strong></span> <span class='ocrx_word' id='word_1_100' title='bbox 550 1366 617 1436; x_wconf 90' lang='lat' dir='ltr'><strong>quid</strong></span> <span class='ocrx_word' id='word_1_101' title='bbox 631 1365 722 1421; x_wconf 83' lang='lat' dir='ltr'><strong>fecisti</strong></span> 
     </span>
     <span class='ocr_line' id='line_1_19' title="bbox 133 1436 722 1510; baseline -0.007 -13"><span class='ocrx_word' id='word_1_102' title='bbox 133 1440 219 1497; x_wconf 89' lang='lat' dir='ltr'><strong>nobis</strong></span> <span class='ocrx_word' id='word_1_103' title='bbox 230 1439 291 1495; x_wconf 78' lang='grc' dir='ltr'>εἰει</span> <span class='ocrx_word' id='word_1_104' title='bbox 305 1458 318 1490; x_wconf 83' lang='grc' dir='ltr'><strong>ι</strong></span> <span class='ocrx_word' id='word_1_105' title='bbox 330 1439 380 1494; x_wconf 91' lang='lat' dir='ltr'><strong>Vel</strong></span> <span class='ocrx_word' id='word_1_106' title='bbox 394 1443 491 1510; x_wconf 89' lang='lat' dir='ltr'><strong>posset</strong></span> <span class='ocrx_word' id='word_1_107' title='bbox 505 1436 560 1493; x_wconf 91' lang='lat' dir='ltr'><strong>dici</strong></span> <span class='ocrx_word' id='word_1_108' title='bbox 574 1437 649 1508; x_wconf 92' lang='lat' dir='ltr'><strong>quod</strong></span> <span class='ocrx_word' id='word_1_109' title='bbox 664 1454 722 1494; x_wconf 94' lang='lat' dir='ltr'><strong>non</strong></span> 
     </span>
     <span class='ocr_line' id='line_1_20' title="bbox 133 1507 722 1581; baseline -0.003 -14"><span class='ocrx_word' id='word_1_110' title='bbox 133 1510 186 1567; x_wconf 89' lang='lat' dir='ltr'><strong>luit</strong></span> <span class='ocrx_word' id='word_1_111' title='bbox 210 1509 379 1581; x_wconf 83' lang='lat' dir='ltr'><strong>increpatio,</strong></span> <span class='ocrx_word' id='word_1_112' title='bbox 398 1509 448 1565; x_wconf 91' lang='lat' dir='ltr'><strong>sed</strong></span> <span class='ocrx_word' id='word_1_113' title='bbox 472 1507 519 1580; x_wconf 87' lang='lat' dir='ltr'><strong>pia</strong></span> <span class='ocrx_word' id='word_1_114' title='bbox 538 1509 573 1565; x_wconf 88' lang='lat' dir='ltr'><strong>do</strong></span> <span class='ocrx_word' id='word_1_115' title='bbox 591 1509 653 1580; x_wconf 85' lang='lat' dir='ltr'><strong>ejus</strong></span> <span class='ocrx_word' id='word_1_116' title='bbox 671 1510 722 1566; x_wconf 91' lang='lat' dir='ltr'><strong>ab·</strong></span> 
     </span>
     <span class='ocr_line' id='line_1_21' title="bbox 133 1579 419 1652; baseline -0.014 -13"><span class='ocrx_word' id='word_1_117' title='bbox 133 1581 228 1640; x_wconf 87' lang='lat' dir='ltr'><strong>sentia</strong></span> <span class='ocrx_word' id='word_1_118' title='bbox 243 1579 419 1652; x_wconf 89' lang='lat' dir='ltr'><strong>conquestio.</strong></span> 
     </span>
    </p>

    <p class='ocr_par' dir='ltr' id='par_1_3' title="bbox 131 1654 724 3441">
     <span class='ocr_line' id='line_1_22' title="bbox 173 1654 723 1719; baseline -0.004 -9"><span class='ocrx_word' id='word_1_119' title='bbox 173 1676 205 1712; x_wconf 87' lang='lat' dir='ltr'><strong>io</strong></span> <span class='ocrx_word' id='word_1_120' title='bbox 240 1654 410 1719; x_wconf 81' lang='lat' dir='ltr'><strong>Moniaireii,</strong></span> <span class='ocrx_word' id='word_1_121' title='bbox 430 1669 519 1708; x_wconf 79' lang='lat' dir='ltr'><strong>eonon</strong></span> <span class='ocrx_word' id='word_1_122' title='bbox 545 1670 636 1708; x_wconf 77' lang='lat' dir='ltr'><strong>aurun</strong></span> <span class='ocrx_word' id='word_1_123' title='bbox 663 1670 723 1716; x_wconf 77' lang='lat' dir='ltr'><strong>oue</strong></span> 
     </span>
     <span class='ocr_line' id='line_1_23' title="bbox 134 1726 722 1790; baseline -0.007 -6"><span class='ocrx_word' id='word_1_124' title='bbox 134 1726 270 1784; x_wconf 86' lang='lat' dir='ltr'><strong>Cnmsruii</strong></span> <span class='ocrx_word' id='word_1_125' title='bbox 285 1740 407 1779; x_wconf 77' lang='lat' dir='ltr'><strong>renorma</strong></span> <span class='ocrx_word' id='word_1_126' title='bbox 417 1740 424 1790; x_wconf 90' lang='lat'>;</span> <span class='ocrx_word' id='word_1_127' title='bbox 435 1742 467 1779; x_wconf 83' lang='lat' dir='ltr'><strong>rr</strong></span> <span class='ocrx_word' id='word_1_128' title='bbox 475 1741 562 1780; x_wconf 81' lang='lat' dir='ltr'><strong>nonos</strong></span> <span class='ocrx_word' id='word_1_129' title='bbox 573 1742 627 1788; x_wconf 87' lang='lat' dir='ltr'><strong>ouo</strong></span> <span class='ocrx_word' id='word_1_130' title='bbox 638 1742 722 1780; x_wconf 80' lang='lat' dir='ltr'><strong>neser</strong></span> 
     </span>
     <span class='ocr_line' id='line_1_24' title="bbox 133 1794 723 1858; baseline -0.002 -4"><span class='ocrx_word' id='word_1_131' title='bbox 133 1813 187 1854; x_wconf 80' lang='lat' dir='ltr'><strong>nuri</strong></span> <span class='ocrx_word' id='word_1_132' title='bbox 202 1813 340 1858; x_wconf 73' lang='lat' dir='ltr'><strong>nonacris.</strong></span> <span class='ocrx_word' id='word_1_133' title='bbox 356 1824 391 1835; x_wconf 93' lang='lat'>-</span> <span class='ocrx_word' id='word_1_134' title='bbox 407 1794 507 1851; x_wconf 91' lang='lat' dir='ltr'><strong>Subdit</strong></span> <span class='ocrx_word' id='word_1_135' title='bbox 520 1802 616 1853; x_wconf 85' lang='lat' dir='ltr'><strong>autem</strong></span> <span class='ocrx_word' id='word_1_136' title='bbox 632 1813 639 1852; x_wconf 91' lang='lat'>:</span> <span class='ocrx_word' id='word_1_137' title='bbox 656 1799 723 1853; x_wconf 82' lang='lat' dir='ltr'><strong>Ecce</strong></span> 
     </span>
     <span class='ocr_line' id='line_1_25' title="bbox 131 1864 724 1940; baseline 0.002 -18"><span class='ocrx_word' id='word_1_138' title='bbox 131 1873 214 1940; x_wconf 83' lang='lat' dir='ltr'><strong>pater</strong></span> <span class='ocrx_word' id='word_1_139' title='bbox 236 1872 309 1929; x_wconf 82' lang='lat' dir='ltr'><strong>tuiis,</strong></span> <span class='ocrx_word' id='word_1_140' title='bbox 338 1864 446 1922; x_wconf 89' lang='lat' dir='ltr'><strong>scilicet</strong></span> <span class='ocrx_word' id='word_1_141' title='bbox 470 1867 613 1936; x_wconf 85' lang='lat' dir='ltr'><strong>nutritius,</strong></span> <span class='ocrx_word' id='word_1_142' title='bbox 630 1873 655 1922; x_wconf 87' lang='lat' dir='ltr'><strong>et</strong></span> <span class='ocrx_word' id='word_1_143' title='bbox 677 1884 724 1937; x_wconf 76' lang='lat' dir='ltr'><strong>epo</strong></span> 
     </span>
     <span class='ocr_line' id='line_1_26' title="bbox 133 1936 724 2001; baseline 0.002 -7"><span class='ocrx_word' id='word_1_144' title='bbox 133 1938 264 2001; x_wconf 78' lang='lat' dir='ltr'><strong>dolentes,</strong></span> <span class='ocrx_word' id='word_1_145' title='bbox 285 1936 392 1993; x_wconf 86' lang='lat' dir='ltr'><strong>scilicet</strong></span> <span class='ocrx_word' id='word_1_146' title='bbox 407 1938 442 1993; x_wconf 91' lang='lat' dir='ltr'><strong>de</strong></span> <span class='ocrx_word' id='word_1_147' title='bbox 459 1938 612 1995; x_wconf 90' lang='lat' dir='ltr'><strong>amissione</strong></span> <span class='ocrx_word' id='word_1_148' title='bbox 632 1944 681 1995; x_wconf 91' lang='lat' dir='ltr'><strong>tua</strong></span> <span class='ocrx_word' id='word_1_149' title='bbox 695 1944 724 1995; x_wconf 91' lang='lat' dir='ltr'><strong>et</strong></span> 
     </span>
     <span class='ocr_line' id='line_1_27' title="bbox 134 2008 723 2083; baseline -0.002 -16"><span class='ocrx_word' id='word_1_150' title='bbox 134 2008 276 2073; x_wconf 88' lang='lat' dir='ltr'><strong>absentia;</strong></span> <span class='ocrx_word' id='word_1_151' title='bbox 293 2009 480 2079; x_wconf 72' lang='lat' dir='ltr'><strong>querebamus</strong></span> <span class='ocrx_word' id='word_1_152' title='bbox 498 2015 532 2074; x_wconf 89' lang='lat' dir='ltr'><strong>te,</strong></span> <span class='ocrx_word' id='word_1_153' title='bbox 556 2011 635 2083; x_wconf 92' lang='lat' dir='ltr'><strong>cujus</strong></span> <span class='ocrx_word' id='word_1_154' title='bbox 652 2027 723 2083; x_wconf 83' lang='lat' dir='ltr'><strong>prae-</strong></span> 
     </span>
     <span class='ocr_line' id='line_1_28' title="bbox 133 2079 722 2154; baseline 0 -15"><span class='ocrx_word' id='word_1_155' title='bbox 133 2080 225 2139; x_wconf 87' lang='lat' dir='ltr'><strong>sentia</strong></span> <span class='ocrx_word' id='word_1_156' title='bbox 246 2085 289 2136; x_wconf 90' lang='lat' dir='ltr'><strong>est</strong></span> <span class='ocrx_word' id='word_1_157' title='bbox 315 2079 397 2138; x_wconf 90' lang='lat' dir='ltr'><strong>nobis</strong></span> <span class='ocrx_word' id='word_1_158' title='bbox 418 2081 590 2138; x_wconf 90' lang='lat' dir='ltr'><strong>dulcissima.</strong></span> <span class='ocrx_word' id='word_1_159' title='bbox 609 2084 639 2138; x_wconf 90' lang='lat' dir='ltr'><strong>ln</strong></span> <span class='ocrx_word' id='word_1_160' title='bbox 666 2099 722 2154; x_wconf 93' lang='lat' dir='ltr'><strong>qno</strong></span> 
     </span>
     <span class='ocr_line' id='line_1_29' title="bbox 133 2151 723 2237; baseline 0 -27"><span class='ocrx_word' id='word_1_161' title='bbox 133 2151 281 2210; x_wconf 81' lang='lat' dir='ltr'><strong>moraliter</strong></span> <span class='ocrx_word' id='word_1_162' title='bbox 292 2152 470 2223; x_wconf 86' lang='lat' dir='ltr'><strong>instruimur,</strong></span> <span class='ocrx_word' id='word_1_163' title='bbox 482 2154 663 2237; x_wconf 86' lang='lat' dir='ltr'><strong>quoddolere</strong></span> <span class='ocrx_word' id='word_1_164' title='bbox 676 2155 723 2210; x_wconf 88' lang='lat' dir='ltr'><strong>de·</strong></span> 
     </span>
     <span class='ocr_line' id='line_1_30' title="bbox 133 2225 723 2295; baseline 0 -13"><span class='ocrx_word' id='word_1_165' title='bbox 133 2225 244 2293; x_wconf 90' lang='lat' dir='ltr'><strong>bemus,</strong></span> <span class='ocrx_word' id='word_1_166' title='bbox 267 2241 331 2281; x_wconf 86' lang='lat' dir='ltr'><strong>cum</strong></span> <span class='ocrx_word' id='word_1_167' title='bbox 358 2227 466 2295; x_wconf 87' lang='lat' dir='ltr'><strong>lesum,</strong></span> <span class='ocrx_word' id='word_1_168' title='bbox 485 2226 515 2282; x_wconf 92' lang='lat' dir='ltr'><strong>id</strong></span> <span class='ocrx_word' id='word_1_169' title='bbox 534 2231 576 2282; x_wconf 91' lang='lat' dir='ltr'><strong>est</strong></span> <span class='ocrx_word' id='word_1_170' title='bbox 603 2226 723 2283; x_wconf 90' lang='lat' dir='ltr'><strong>salutem</strong></span> 
     </span>
     <span class='ocr_line' id='line_1_31' title="bbox 133 2296 722 2370; baseline -0.002 -16"><span class='ocrx_word' id='word_1_171' title='bbox 133 2302 282 2366; x_wconf 75' lang='lat' dir='ltr'><strong>aeternam,</strong></span> <span class='ocrx_word' id='word_1_172' title='bbox 293 2296 450 2354; x_wconf 90' lang='lat' dir='ltr'><strong>amittimus</strong></span> <span class='ocrx_word' id='word_1_173' title='bbox 460 2315 467 2366; x_wconf 94' lang='grc'>;</span> <span class='ocrx_word' id='word_1_174' title='bbox 478 2297 552 2369; x_wconf 91' lang='lat' dir='ltr'><strong>quod</strong></span> <span class='ocrx_word' id='word_1_175' title='bbox 568 2313 722 2370; x_wconf 88' lang='lat' dir='ltr'><strong>perpecca-</strong></span> 
     </span>
     <span class='ocr_line' id='line_1_32' title="bbox 132 2369 722 2440; baseline -0.003 -14"><span class='ocrx_word' id='word_1_176' title='bbox 132 2374 193 2427; x_wconf 91' lang='lat' dir='ltr'><strong>tum</strong></span> <span class='ocrx_word' id='word_1_177' title='bbox 210 2369 252 2437; x_wconf 89' lang='lat' dir='ltr'><strong>tit,</strong></span> <span class='ocrx_word' id='word_1_178' title='bbox 269 2384 332 2425; x_wconf 93' lang='lat' dir='ltr'><strong>cum</strong></span> <span class='ocrx_word' id='word_1_179' title='bbox 350 2385 510 2440; x_wconf 87' lang='lat' dir='ltr'><strong>peccamus.</strong></span> <span class='ocrx_word' id='word_1_180' title='bbox 527 2371 560 2425; x_wconf 87' lang='lat' dir='ltr'><strong>El</strong></span> <span class='ocrx_word' id='word_1_181' title='bbox 575 2375 640 2425; x_wconf 89' lang='lat' dir='ltr'><strong>tunc</strong></span> <span class='ocrx_word' id='word_1_182' title='bbox 657 2384 722 2425; x_wconf 88' lang='lat' dir='ltr'><strong>eum</strong></span> 
     </span>
     <span class='ocr_line' id='line_1_33' title="bbox 134 2440 721 2514; baseline -0.003 -16"><span class='ocrx_word' id='word_1_183' title='bbox 134 2457 295 2514; x_wconf 87' lang='lat' dir='ltr'><strong>quaeramus</strong></span> <span class='ocrx_word' id='word_1_184' title='bbox 311 2458 361 2512; x_wconf 91' lang='lat' dir='ltr'><strong>per</strong></span> <span class='ocrx_word' id='word_1_185' title='bbox 385 2440 510 2497; x_wconf 91' lang='lat' dir='ltr'><strong>triduum</strong></span> <span class='ocrx_word' id='word_1_186' title='bbox 535 2440 721 2512; x_wconf 86' lang='lat' dir='ltr'><strong>poenitentiae,</strong></span> 
     </span>
     <span class='ocr_line' id='line_1_34' title="bbox 133 2512 720 2580; baseline -0.002 -11"><span class='ocrx_word' id='word_1_187' title='bbox 133 2512 240 2569; x_wconf 86' lang='lat' dir='ltr'><strong>scilicet</strong></span> <span class='ocrx_word' id='word_1_188' title='bbox 274 2529 305 2567; x_wconf 92' lang='lat' dir='ltr'><strong>er</strong></span> <span class='ocrx_word' id='word_1_189' title='bbox 320 2512 519 2568; x_wconf 89' lang='lat' dir='ltr'><strong>contritionem</strong></span> <span class='ocrx_word' id='word_1_190' title='bbox 533 2529 596 2568; x_wconf 90' lang='lat' dir='ltr'><strong>cum</strong></span> <span class='ocrx_word' id='word_1_191' title='bbox 612 2513 720 2580; x_wconf 86' lang='lat' dir='ltr'><strong>dolore,</strong></span> 
     </span>
     <span class='ocr_line' id='line_1_35' title="bbox 133 2529 721 2655; baseline 0.003 -17"><span class='ocrx_word' id='word_1_192' title='bbox 133 2598 185 2654; x_wconf 92' lang='lat' dir='ltr'><strong>per</strong></span> <span class='ocrx_word' id='word_1_193' title='bbox 197 2529 403 2639; x_wconf 57' lang='lat' dir='ltr'><strong>condissionem</strong></span> <span class='ocrx_word' id='word_1_194' title='bbox 414 2600 476 2639; x_wconf 90' lang='lat' dir='ltr'><strong>cuin</strong></span> <span class='ocrx_word' id='word_1_195' title='bbox 488 2584 606 2654; x_wconf 94' lang='lat' dir='ltr'><strong>pudore,</strong></span> <span class='ocrx_word' id='word_1_196' title='bbox 614 2600 665 2655; x_wconf 92' lang='lat' dir='ltr'><strong>per</strong></span> <span class='ocrx_word' id='word_1_197' title='bbox 676 2600 721 2640; x_wconf 92' lang='lat' dir='ltr'><strong>sa·</strong></span> 
     </span>
     <span class='ocr_line' id='line_1_36' title="bbox 132 2652 722 2722; baseline 0.005 -14"><span class='ocrx_word' id='word_1_198' title='bbox 132 2652 325 2709; x_wconf 86' lang='lat' dir='ltr'><strong>tisiactioneiii</strong></span> <span class='ocrx_word' id='word_1_199' title='bbox 335 2670 398 2709; x_wconf 92' lang='lat' dir='ltr'><strong>cum</strong></span> <span class='ocrx_word' id='word_1_200' title='bbox 410 2653 518 2722; x_wconf 86' lang='lat' dir='ltr'><strong>labore,</strong></span> <span class='ocrx_word' id='word_1_201' title='bbox 527 2659 556 2710; x_wconf 92' lang='lat' dir='ltr'><strong>et</strong></span> <span class='ocrx_word' id='word_1_202' title='bbox 565 2655 722 2711; x_wconf 86' lang='lat' dir='ltr'><strong>reinvenie-</strong></span> 
     </span>
     <span class='ocr_line' id='line_1_37' title="bbox 133 2723 721 2796; baseline 0.002 -16"><span class='ocrx_word' id='word_1_203' title='bbox 133 2738 286 2780; x_wconf 91' lang='lat' dir='ltr'><strong>museum.</strong></span> <span class='ocrx_word' id='word_1_204' title='bbox 304 2723 359 2779; x_wconf 86' lang='lat' dir='ltr'><strong>Sed</strong></span> <span class='ocrx_word' id='word_1_205' title='bbox 374 2724 445 2781; x_wconf 88' lang='lat' dir='ltr'><strong>heul</strong></span> <span class='ocrx_word' id='word_1_206' title='bbox 460 2725 540 2781; x_wconf 92' lang='lat' dir='ltr'><strong>multi</strong></span> <span class='ocrx_word' id='word_1_207' title='bbox 551 2725 721 2796; x_wconf 88' lang='lat' dir='ltr'><strong>plnsdotent</strong></span> 
     </span>
     <span class='ocr_line' id='line_1_38' title="bbox 133 2792 719 2866; baseline 0.002 -15"><span class='ocrx_word' id='word_1_208' title='bbox 133 2795 169 2851; x_wconf 93' lang='lat' dir='ltr'><strong>de</strong></span> <span class='ocrx_word' id='word_1_209' title='bbox 194 2792 347 2851; x_wconf 89' lang='lat' dir='ltr'><strong>amissione</strong></span> <span class='ocrx_word' id='word_1_210' title='bbox 375 2810 470 2850; x_wconf 92' lang='lat' dir='ltr'><strong>rerum</strong></span> <span class='ocrx_word' id='word_1_211' title='bbox 498 2796 719 2866; x_wconf 87' lang='lat' dir='ltr'><strong>transeuntium,</strong></span> 
     </span>
     <span class='ocr_line' id='line_1_39' title="bbox 133 2864 720 2937; baseline 0.003 -15"><span class='ocrx_word' id='word_1_212' title='bbox 133 2881 218 2937; x_wconf 89' lang='lat' dir='ltr'><strong>quam</strong></span> <span class='ocrx_word' id='word_1_213' title='bbox 252 2865 287 2920; x_wconf 91' lang='lat' dir='ltr'><strong>de</strong></span> <span class='ocrx_word' id='word_1_214' title='bbox 318 2864 588 2923; x_wconf 77' lang='lat' dir='ltr'><strong>amissioneaetcrnie</strong></span> <span class='ocrx_word' id='word_1_215' title='bbox 620 2867 720 2924; x_wconf 88' lang='lat' dir='ltr'><strong>salutis</strong></span> 
     </span>
     <span class='ocr_line' id='line_1_40' title="bbox 133 2934 720 2995; baseline 0.002 -1"><span class='ocrx_word' id='word_1_216' title='bbox 133 2953 192 2994; x_wconf 76' lang='lat' dir='ltr'><strong>suae</strong></span> <span class='ocrx_word' id='word_1_217' title='bbox 207 2941 235 2993; x_wconf 90' lang='lat' dir='ltr'><strong>et</strong></span> <span class='ocrx_word' id='word_1_218' title='bbox 247 2934 378 2992; x_wconf 86' lang='lat' dir='ltr'><strong>aliorum.</strong></span> <span class='ocrx_word' id='word_1_219' title='bbox 392 2937 470 2994; x_wconf 90' lang='lat' dir='ltr'><strong>Unde</strong></span> <span class='ocrx_word' id='word_1_220' title='bbox 487 2937 527 2994; x_wconf 88' lang='lat' dir='ltr'><strong>ait</strong></span> <span class='ocrx_word' id='word_1_221' title='bbox 540 2940 696 2994; x_wconf 71' lang='lat' dir='ltr'><strong>Bernartius</strong></span> <span class='ocrx_word' id='word_1_222' title='bbox 711 2960 720 2995; x_wconf 91' lang='lat'>:</span> 
     </span>
     <span class='ocr_line' id='line_1_41' title="bbox 134 3007 717 3081; baseline 0.01 -20"><span class='ocrx_word' id='word_1_223' title='bbox 134 3031 150 3062; x_wconf 77' lang='lat' dir='ltr'><strong>&lt;i</strong></span> <span class='ocrx_word' id='word_1_224' title='bbox 177 3009 257 3068; x_wconf 87' lang='lat' dir='ltr'><strong>Cadit</strong></span> <span class='ocrx_word' id='word_1_225' title='bbox 286 3007 378 3077; x_wconf 84' lang='lat' dir='ltr'><strong>asina,</strong></span> <span class='ocrx_word' id='word_1_226' title='bbox 394 3014 423 3065; x_wconf 91' lang='lat' dir='ltr'><strong>et</strong></span> <span class='ocrx_word' id='word_1_227' title='bbox 447 3014 490 3066; x_wconf 91' lang='lat' dir='ltr'><strong>est</strong></span> <span class='ocrx_word' id='word_1_228' title='bbox 511 3009 559 3080; x_wconf 90' lang='lat' dir='ltr'><strong>qui</strong></span> <span class='ocrx_word' id='word_1_229' title='bbox 574 3011 717 3081; x_wconf 84' lang='lat' dir='ltr'><strong>sublevet3</strong></span> 
     </span>
     <span class='ocr_line' id='line_1_42' title="bbox 132 3080 719 3154; baseline 0.003 -18"><span class='ocrx_word' id='word_1_230' title='bbox 132 3080 207 3154; x_wconf 92' lang='lat' dir='ltr'><strong>perit</strong></span> <span class='ocrx_word' id='word_1_231' title='bbox 219 3081 326 3147; x_wconf 90' lang='lat' dir='ltr'><strong>anima,</strong></span> <span class='ocrx_word' id='word_1_232' title='bbox 342 3086 371 3137; x_wconf 91' lang='lat' dir='ltr'><strong>et</strong></span> <span class='ocrx_word' id='word_1_233' title='bbox 392 3097 449 3137; x_wconf 92' lang='lat' dir='ltr'><strong>non</strong></span> <span class='ocrx_word' id='word_1_234' title='bbox 468 3086 511 3138; x_wconf 91' lang='lat' dir='ltr'><strong>est</strong></span> <span class='ocrx_word' id='word_1_235' title='bbox 534 3082 582 3153; x_wconf 93' lang='lat' dir='ltr'><strong>qui</strong></span> <span class='ocrx_word' id='word_1_236' title='bbox 600 3098 719 3139; x_wconf 91' lang='lat' dir='ltr'><strong>succur-</strong></span> 
     </span>
     <span class='ocr_line' id='line_1_43' title="bbox 133 3153 721 3227; baseline 0 -17"><span class='ocrx_word' id='word_1_237' title='bbox 133 3154 191 3212; x_wconf 89' lang='lat' dir='ltr'><strong>ratl</strong></span> <span class='ocrx_word' id='word_1_238' title='bbox 208 3175 222 3204; x_wconf 82' lang='grc' dir='ltr'><strong>ι</strong></span> <span class='ocrx_word' id='word_1_239' title='bbox 239 3156 356 3212; x_wconf 85' lang='lat' dir='ltr'><strong>Sacrata</strong></span> <span class='ocrx_word' id='word_1_240' title='bbox 370 3153 455 3225; x_wconf 84' lang='lat' dir='ltr'><strong>Virgo</strong></span> <span class='ocrx_word' id='word_1_241' title='bbox 470 3160 581 3226; x_wconf 93' lang='lat' dir='ltr'><strong>patrem</strong></span> <span class='ocrx_word' id='word_1_242' title='bbox 596 3155 658 3226; x_wconf 85' lang='lat' dir='ltr'><strong>ejus</strong></span> <span class='ocrx_word' id='word_1_243' title='bbox 672 3170 721 3227; x_wconf 90' lang='lat' dir='ltr'><strong>ap·</strong></span> 
     </span>
     <span class='ocr_line' id='line_1_44' title="bbox 132 3226 719 3298; baseline -0.002 -15"><span class='ocrx_word' id='word_1_244' title='bbox 132 3226 219 3298; x_wconf 85' lang='lat' dir='ltr'><strong>pellat</strong></span> <span class='ocrx_word' id='word_1_245' title='bbox 228 3227 343 3297; x_wconf 90' lang='lat' dir='ltr'><strong>loseph,</strong></span> <span class='ocrx_word' id='word_1_246' title='bbox 354 3231 415 3281; x_wconf 89' lang='lat' dir='ltr'><strong>tum</strong></span> <span class='ocrx_word' id='word_1_247' title='bbox 428 3233 544 3298; x_wconf 92' lang='lat' dir='ltr'><strong>propter</strong></span> <span class='ocrx_word' id='word_1_248' title='bbox 554 3227 719 3283; x_wconf 74' lang='lat' dir='ltr'><strong>,ludaeorum</strong></span> 
     </span>
     <span class='ocr_line' id='line_1_45' title="bbox 132 3296 719 3370; baseline 0.002 -18"><span class='ocrx_word' id='word_1_249' title='bbox 132 3296 333 3368; x_wconf 87' lang='lat' dir='ltr'><strong>suspicionem,</strong></span> <span class='ocrx_word' id='word_1_250' title='bbox 343 3303 402 3354; x_wconf 92' lang='lat' dir='ltr'><strong>tum</strong></span> <span class='ocrx_word' id='word_1_251' title='bbox 414 3303 531 3369; x_wconf 93' lang='lat' dir='ltr'><strong>propter</strong></span> <span class='ocrx_word' id='word_1_252' title='bbox 542 3299 603 3370; x_wconf 83' lang='lat' dir='ltr'><strong>ejus</strong></span> <span class='ocrx_word' id='word_1_253' title='bbox 613 3298 719 3355; x_wconf 90' lang='lat' dir='ltr'><strong>educa·</strong></span> 
     </span>
     <span class='ocr_line' id='line_1_46' title="bbox 133 3368 719 3441; baseline 0.005 -19"><span class='ocrx_word' id='word_1_254' title='bbox 133 3368 250 3436; x_wconf 91' lang='lat' dir='ltr'><strong>tionem,</strong></span> <span class='ocrx_word' id='word_1_255' title='bbox 267 3371 325 3423; x_wconf 91' lang='lat' dir='ltr'><strong>tum</strong></span> <span class='ocrx_word' id='word_1_256' title='bbox 342 3374 457 3440; x_wconf 90' lang='lat' dir='ltr'><strong>proptor</strong></span> <span class='ocrx_word' id='word_1_257' title='bbox 476 3369 652 3441; x_wconf 79' lang='lat' dir='ltr'><strong>genealogiae</strong></span> <span class='ocrx_word' id='word_1_258' title='bbox 673 3385 719 3425; x_wconf 91' lang='lat' dir='ltr'><strong>eii·</strong></span> 
     </span>
    </p>
   </div>
   <div class='ocr_carea' id='block_1_3' title="bbox 132 3436 719 3567">
    <p class='ocr_par' dir='ltr' id='par_1_4' title="bbox 132 3436 719 3567">
     <span class='ocr_line' id='line_1_47' title="bbox 132 3436 719 3567; baseline 0.009 -75"><span class='ocrx_word' id='word_1_259' title='bbox 132 3436 365 3564; x_wconf 62' lang='lat' dir='ltr'><strong>plicationcmAEt</strong></span> <span class='ocrx_word' id='word_1_260' title='bbox 381 3445 457 3508; x_wconf 88' lang='lat' dir='ltr'><strong>nota,</strong></span> <span class='ocrx_word' id='word_1_261' title='bbox 474 3442 549 3511; x_wconf 91' lang='lat' dir='ltr'><strong>qnod</strong></span> <span class='ocrx_word' id='word_1_262' title='bbox 562 3456 719 3567; x_wconf 53' lang='lat' dir='ltr'><strong>numquam</strong></span> 
     </span>
    </p>
   </div>
   <div class='ocr_carea' id='block_1_4' title="bbox 133 3507 719 4155">
    <p class='ocr_par' dir='ltr' id='par_1_5' title="bbox 133 3507 719 4155">
     <span class='ocr_line' id='line_1_48' title="bbox 145 3507 718 3580; baseline 0.007 -16"><span class='ocrx_word' id='word_1_263' title='bbox 145 3507 254 3580; x_wconf 82' lang='lat' dir='ltr'><strong>egimus</strong></span> <span class='ocrx_word' id='word_1_264' title='bbox 274 3511 379 3580; x_wconf 87' lang='lat' dir='ltr'><strong>loseph</strong></span> <span class='ocrx_word' id='word_1_265' title='bbox 401 3511 520 3568; x_wconf 89' lang='lat' dir='ltr'><strong>Domino</strong></span> <span class='ocrx_word' id='word_1_266' title='bbox 538 3512 624 3568; x_wconf 85' lang='lat' dir='ltr'><strong>tuisse</strong></span> <span class='ocrx_word' id='word_1_267' title='bbox 652 3528 718 3568; x_wconf 92' lang='lat' dir='ltr'><strong>ocu·</strong></span> 
     </span>
     <span class='ocr_line' id='line_1_49' title="bbox 133 3579 719 3654; baseline 0.009 -20"><span class='ocrx_word' id='word_1_268' title='bbox 133 3584 205 3647; x_wconf 92' lang='lat' dir='ltr'><strong>tum,</strong></span> <span class='ocrx_word' id='word_1_269' title='bbox 220 3579 270 3635; x_wconf 90' lang='lat' dir='ltr'><strong>sed</strong></span> <span class='ocrx_word' id='word_1_270' title='bbox 280 3581 333 3637; x_wconf 89' lang='lat' dir='ltr'><strong>hoc</strong></span> <span class='ocrx_word' id='word_1_271' title='bbox 349 3581 456 3653; x_wconf 81' lang='lat' dir='ltr'><strong>Virgini</strong></span> <span class='ocrx_word' id='word_1_272' title='bbox 466 3583 639 3651; x_wconf 61' lang='lat' dir='ltr'><strong>dimittebatc</strong></span> <span class='ocrx_word' id='word_1_273' title='bbox 651 3584 719 3654; x_wconf 90' lang='lat' dir='ltr'><strong>quia</strong></span> 
     </span>
     <span class='ocr_line' id='line_1_50' title="bbox 134 3649 717 3732; baseline 0.009 -27"><span class='ocrx_word' id='word_1_274' title='bbox 134 3649 291 3732; x_wconf 75' lang='lat' dir='ltr'><strong>idipsam,</strong></span> <span class='ocrx_word' id='word_1_275' title='bbox 315 3653 386 3709; x_wconf 88' lang='lat' dir='ltr'><strong>sicut</strong></span> <span class='ocrx_word' id='word_1_276' title='bbox 411 3654 448 3709; x_wconf 87' lang='lat' dir='ltr'><strong>ad</strong></span> <span class='ocrx_word' id='word_1_277' title='bbox 471 3670 566 3712; x_wconf 89' lang='lat' dir='ltr'><strong>veram</strong></span> <span class='ocrx_word' id='word_1_278' title='bbox 588 3656 717 3723; x_wconf 88' lang='lat' dir='ltr'><strong>Matrem,</strong></span> 
     </span>
     <span class='ocr_line' id='line_1_51' title="bbox 134 3722 718 3803; baseline 0.007 -25"><span class='ocrx_word' id='word_1_279' title='bbox 134 3736 225 3794; x_wconf 84' lang='lat' dir='ltr'><strong>magis</strong></span> <span class='ocrx_word' id='word_1_280' title='bbox 241 3722 411 3803; x_wconf 79' lang='lat' dir='ltr'><strong>pertinebat.</strong></span> <span class='ocrx_word' id='word_1_281' title='bbox 430 3726 604 3793; x_wconf 83' lang='lat' dir='ltr'><strong>Quaerendus</strong></span> <span class='ocrx_word' id='word_1_282' title='bbox 619 3731 662 3782; x_wconf 89' lang='lat' dir='ltr'><strong>est</strong></span> <span class='ocrx_word' id='word_1_283' title='bbox 670 3727 718 3782; x_wconf 86' lang='lat' dir='ltr'><strong>le-</strong></span> 
     </span>
     <span class='ocr_line' id='line_1_52' title="bbox 134 3794 717 3868; baseline 0.007 -20"><span class='ocrx_word' id='word_1_284' title='bbox 134 3807 193 3859; x_wconf 88' lang='lat' dir='ltr'><strong>sus‚</strong></span> <span class='ocrx_word' id='word_1_285' title='bbox 208 3794 350 3850; x_wconf 79' lang='lat' dir='ltr'><strong>socialiter</strong></span> <span class='ocrx_word' id='word_1_286' title='bbox 368 3811 432 3851; x_wconf 90' lang='lat' dir='ltr'><strong>cum</strong></span> <span class='ocrx_word' id='word_1_287' title='bbox 448 3797 536 3853; x_wconf 88' lang='lat' dir='ltr'><strong>Maria</strong></span> <span class='ocrx_word' id='word_1_288' title='bbox 554 3802 583 3853; x_wconf 91' lang='lat' dir='ltr'><strong>et</strong></span> <span class='ocrx_word' id='word_1_289' title='bbox 600 3798 717 3868; x_wconf 85' lang='lat' dir='ltr'><strong>loseph,</strong></span> 
     </span>
     <span class='ocr_line' id='line_1_53' title="bbox 134 3863 718 3935; baseline 0.01 -16"><span class='ocrx_word' id='word_1_290' title='bbox 134 3863 210 3935; x_wconf 94' lang='lat' dir='ltr'><strong>quod</strong></span> <span class='ocrx_word' id='word_1_291' title='bbox 239 3869 353 3922; x_wconf 89' lang='lat' dir='ltr'><strong>notatur</strong></span> <span class='ocrx_word' id='word_1_292' title='bbox 381 3882 444 3923; x_wconf 89' lang='lat' dir='ltr'><strong>cuin</strong></span> <span class='ocrx_word' id='word_1_293' title='bbox 475 3867 604 3924; x_wconf 90' lang='lat' dir='ltr'><strong>dicitur:</strong></span> <span class='ocrx_word' id='word_1_294' title='bbox 634 3870 718 3925; x_wconf 88' lang='lat' dir='ltr'><strong>Pater</strong></span> 
     </span>
     <span class='ocr_line' id='line_1_54' title="bbox 133 3938 717 4012; baseline 0.01 -21"><span class='ocrx_word' id='word_1_295' title='bbox 133 3939 200 3992; x_wconf 88' lang='lat' dir='ltr'><strong>tuus</strong></span> <span class='ocrx_word' id='word_1_296' title='bbox 212 3940 240 3992; x_wconf 91' lang='lat' dir='ltr'><strong>et</strong></span> <span class='ocrx_word' id='word_1_297' title='bbox 257 3952 319 4006; x_wconf 79' lang='lat' dir='ltr'><strong>ego.</strong></span> <span class='ocrx_word' id='word_1_298' title='bbox 335 3939 440 4009; x_wconf 87' lang='lat' dir='ltr'><strong>loseph</strong></span> <span class='ocrx_word' id='word_1_299' title='bbox 456 3938 531 3995; x_wconf 91' lang='lat' dir='ltr'><strong>enim</strong></span> <span class='ocrx_word' id='word_1_300' title='bbox 546 3939 717 4012; x_wconf 88' lang='lat' dir='ltr'><strong>interpreta-</strong></span> 
     </span>
     <span class='ocr_line' id='line_1_55' title="bbox 133 4010 719 4083; baseline 0.01 -21"><span class='ocrx_word' id='word_1_301' title='bbox 133 4011 180 4064; x_wconf 93' lang='lat' dir='ltr'><strong>tur</strong></span> <span class='ocrx_word' id='word_1_302' title='bbox 197 4014 382 4076; x_wconf 79' lang='lat' dir='ltr'><strong>aopmentiim,</strong></span> <span class='ocrx_word' id='word_1_303' title='bbox 408 4015 436 4065; x_wconf 87' lang='lat' dir='ltr'><strong>et</strong></span> <span class='ocrx_word' id='word_1_304' title='bbox 459 4010 482 4066; x_wconf 92' lang='lat' dir='ltr'><strong>si</strong></span> <span class='ocrx_word' id='word_1_305' title='bbox 505 4011 600 4068; x_wconf 91' lang='lat' dir='ltr'><strong>nisscat</strong></span> <span class='ocrx_word' id='word_1_306' title='bbox 631 4027 719 4083; x_wconf 91' lang='lat' dir='ltr'><strong>opera</strong></span> 
     </span>
     <span class='ocr_line' id='line_1_56' title="bbox 134 4027 716 4155; baseline 0.007 -20"><span class='ocrx_word' id='word_1_307' title='bbox 134 4080 220 4151; x_wconf 88' lang='lat' dir='ltr'><strong>bona,</strong></span> <span class='ocrx_word' id='word_1_308' title='bbox 240 4095 302 4152; x_wconf 84' lang='lat' dir='ltr'><strong>qum</strong></span> <span class='ocrx_word' id='word_1_309' title='bbox 332 4096 444 4155; x_wconf 90' lang='lat' dir='ltr'><strong>semper</strong></span> <span class='ocrx_word' id='word_1_310' title='bbox 476 4027 581 4139; x_wconf 57' lang='lat' dir='ltr'><strong>debent</strong></span> <span class='ocrx_word' id='word_1_311' title='bbox 608 4082 716 4155; x_wconf 78' lang='lat' dir='ltr'><strong>augeri.</strong></span> 
     </span>
    </p>
   </div>
   <div class='ocr_carea' id='block_1_5' title="bbox 774 218 1393 4157">
    <p class='ocr_par' dir='ltr' id='par_1_6' title="bbox 777 218 1380 1293">
     <span class='ocr_line' id='line_1_57' title="bbox 779 218 1363 291; baseline 0.005 -14"><span class='ocrx_word' id='word_1_312' title='bbox 779 219 868 277; x_wconf 83' lang='lat' dir='ltr'><strong>Maria</strong></span> <span class='ocrx_word' id='word_1_313' title='bbox 897 218 958 276; x_wconf 91' lang='lat' dir='ltr'><strong>inte</strong></span> <span class='ocrx_word' id='word_1_314' title='bbox 994 221 1104 276; x_wconf 87' lang='lat' dir='ltr'><strong>relatur</strong></span> <span class='ocrx_word' id='word_1_315' title='bbox 1137 219 1310 291; x_wconf 77' lang='lat' dir='ltr'><strong>illuminato,</strong></span> <span class='ocrx_word' id='word_1_316' title='bbox 1336 228 1363 280; x_wconf 89' lang='lat' dir='ltr'><strong>et</strong></span> 
     </span>
     <span class='ocr_line' id='line_1_58' title="bbox 779 290 1362 363; baseline 0.005 -15"><span class='ocrx_word' id='word_1_317' title='bbox 779 290 961 362; x_wconf 84' lang='lat' dir='ltr'><strong>siqniticatti</strong></span> <span class='ocrx_word' id='word_1_318' title='bbox 982 305 1028 346; x_wconf 88' lang='lat' dir='ltr'><strong>em</strong></span> <span class='ocrx_word' id='word_1_319' title='bbox 1043 306 1107 363; x_wconf 80' lang='lat' dir='ltr'><strong>quie</strong></span> <span class='ocrx_word' id='word_1_320' title='bbox 1130 295 1174 347; x_wconf 86' lang='lat' dir='ltr'><strong>est</strong></span> <span class='ocrx_word' id='word_1_321' title='bbox 1196 290 1362 352; x_wconf 85' lang='lat' dir='ltr'><strong>illuminatio</strong></span> 
     </span>
     <span class='ocr_line' id='line_1_59' title="bbox 779 361 1360 434; baseline 0.005 -15"><span class='ocrx_word' id='word_1_322' title='bbox 779 362 895 431; x_wconf 88' lang='lat' dir='ltr'><strong>mentis;</strong></span> <span class='ocrx_word' id='word_1_323' title='bbox 912 361 1115 434; x_wconf 87' lang='lat' dir='ltr'><strong>interpretatur</strong></span> <span class='ocrx_word' id='word_1_324' title='bbox 1126 366 1157 419; x_wconf 89' lang='lat' dir='ltr'><strong>et</strong></span> <span class='ocrx_word' id='word_1_325' title='bbox 1173 364 1257 420; x_wconf 82' lang='lat' dir='ltr'><strong>atelle</strong></span> <span class='ocrx_word' id='word_1_326' title='bbox 1271 368 1360 430; x_wconf 78' lang='lat' dir='ltr'><strong>morli,</strong></span> 
     </span>
     <span class='ocr_line' id='line_1_60' title="bbox 779 433 1359 518; baseline 0.002 -26"><span class='ocrx_word' id='word_1_327' title='bbox 779 440 808 492; x_wconf 90' lang='lat' dir='ltr'><strong>et</strong></span> <span class='ocrx_word' id='word_1_328' title='bbox 831 433 976 518; x_wconf 37' lang='lat' dir='ltr'><strong>significat·</strong></span> <span class='ocrx_word' id='word_1_329' title='bbox 999 433 1180 504; x_wconf 86' lang='lat' dir='ltr'><strong>charitatem,</strong></span> <span class='ocrx_word' id='word_1_330' title='bbox 1206 435 1273 507; x_wconf 88' lang='lat' dir='ltr'><strong>quia</strong></span> <span class='ocrx_word' id='word_1_331' title='bbox 1296 436 1359 493; x_wconf 87' lang='lat' dir='ltr'><strong>sient</strong></span> 
     </span>
     <span class='ocr_line' id='line_1_61' title="bbox 779 504 1358 577; baseline 0.003 -14"><span class='ocrx_word' id='word_1_332' title='bbox 779 512 880 564; x_wconf 89' lang='lat' dir='ltr'><strong>ceteris</strong></span> <span class='ocrx_word' id='word_1_333' title='bbox 904 505 993 562; x_wconf 88' lang='lat' dir='ltr'><strong>stellis</strong></span> <span class='ocrx_word' id='word_1_334' title='bbox 1018 504 1225 577; x_wconf 86' lang='lat' dir='ltr'><strong>occidentibus,</strong></span> <span class='ocrx_word' id='word_1_335' title='bbox 1240 507 1288 563; x_wconf 89' lang='lat' dir='ltr'><strong>illa</strong></span> <span class='ocrx_word' id='word_1_336' title='bbox 1309 524 1358 565; x_wconf 91' lang='lat' dir='ltr'><strong>non</strong></span> 
     </span>
     <span class='ocr_line' id='line_1_62' title="bbox 779 576 1363 647; baseline 0.002 -12"><span class='ocrx_word' id='word_1_337' title='bbox 779 578 891 647; x_wconf 91' lang='lat' dir='ltr'><strong>occidit,</strong></span> <span class='ocrx_word' id='word_1_338' title='bbox 905 577 946 634; x_wconf 89' lang='lat' dir='ltr'><strong>sic</strong></span> <span class='ocrx_word' id='word_1_339' title='bbox 959 576 1061 634; x_wconf 90' lang='lat' dir='ltr'><strong>ceteris</strong></span> <span class='ocrx_word' id='word_1_340' title='bbox 1071 577 1227 635; x_wconf 85' lang='lat' dir='ltr'><strong>virtutibus</strong></span> <span class='ocrx_word' id='word_1_341' title='bbox 1236 578 1363 636; x_wconf 85' lang='lat' dir='ltr'><strong>deficien-</strong></span> 
     </span>
     <span class='ocr_line' id='line_1_63' title="bbox 779 647 1378 722; baseline 0.002 -15"><span class='ocrx_word' id='word_1_342' title='bbox 779 649 865 721; x_wconf 89' lang='lat' dir='ltr'><strong>tibus,</strong></span> <span class='ocrx_word' id='word_1_343' title='bbox 879 648 929 706; x_wconf 91' lang='lat' dir='ltr'><strong>illa</strong></span> <span class='ocrx_word' id='word_1_344' title='bbox 940 664 999 706; x_wconf 93' lang='lat' dir='ltr'><strong>non</strong></span> <span class='ocrx_word' id='word_1_345' title='bbox 1010 647 1116 706; x_wconf 83' lang='lat' dir='ltr'><strong>delicit.</strong></span> <span class='ocrx_word' id='word_1_346' title='bbox 1134 649 1204 706; x_wconf 87' lang='lat' dir='ltr'><strong>Cum</strong></span> <span class='ocrx_word' id='word_1_347' title='bbox 1220 650 1268 706; x_wconf 87' lang='lat' dir='ltr'><strong>tali</strong></span> <span class='ocrx_word' id='word_1_348' title='bbox 1282 651 1378 722; x_wconf 68' lang='lat' dir='ltr'><strong>ipim</strong></span> 
     </span>
     <span class='ocr_line' id='line_1_64' title="bbox 778 721 1375 793; baseline -0.008 -15"><span class='ocrx_word' id='word_1_349' title='bbox 778 721 913 779; x_wconf 88' lang='lat' dir='ltr'><strong>societate</strong></span> <span class='ocrx_word' id='word_1_350' title='bbox 933 723 1016 777; x_wconf 86' lang='lat' dir='ltr'><strong>lesus</strong></span> <span class='ocrx_word' id='word_1_351' title='bbox 1033 725 1078 777; x_wconf 89' lang='lat' dir='ltr'><strong>est</strong></span> <span class='ocrx_word' id='word_1_352' title='bbox 1090 721 1273 793; x_wconf 73' lang='lat' dir='ltr'><strong>quaerendus,</strong></span> <span class='ocrx_word' id='word_1_353' title='bbox 1288 721 1375 778; x_wconf 43' lang='lat' dir='ltr'><strong>scitix</strong></span> 
     </span>
     <span class='ocr_line' id='line_1_65' title="bbox 778 792 1380 864; baseline -0.007 -15"><span class='ocrx_word' id='word_1_354' title='bbox 778 798 823 849; x_wconf 90' lang='lat' dir='ltr'><strong>cet</strong></span> <span class='ocrx_word' id='word_1_355' title='bbox 839 811 846 848; x_wconf 80' lang='grc' dir='ltr'>ι</span> <span class='ocrx_word' id='word_1_356' title='bbox 865 809 929 850; x_wconf 92' lang='lat' dir='ltr'><strong>euni</strong></span> <span class='ocrx_word' id='word_1_357' title='bbox 943 792 1000 849; x_wconf 87' lang='lat' dir='ltr'><strong>lide</strong></span> <span class='ocrx_word' id='word_1_358' title='bbox 1013 792 1099 862; x_wconf 86' lang='lat' dir='ltr'><strong>hona,</strong></span> <span class='ocrx_word' id='word_1_359' title='bbox 1110 792 1277 864; x_wconf 85' lang='lat' dir='ltr'><strong>operatione</strong></span> <span class='ocrx_word' id='word_1_360' title='bbox 1290 792 1380 852; x_wconf 74' lang='lat' dir='ltr'><strong>solii.</strong></span> 
     </span>
     <span class='ocr_line' id='line_1_66' title="bbox 778 863 1377 934; baseline 0.002 -14"><span class='ocrx_word' id='word_1_361' title='bbox 778 863 844 933; x_wconf 90' lang='lat' dir='ltr'><strong>cita,</strong></span> <span class='ocrx_word' id='word_1_362' title='bbox 858 868 887 921; x_wconf 88' lang='lat' dir='ltr'><strong>et</strong></span> <span class='ocrx_word' id='word_1_363' title='bbox 911 863 1048 920; x_wconf 84' lang='lat' dir='ltr'><strong>charitate</strong></span> <span class='ocrx_word' id='word_1_364' title='bbox 1068 878 1220 934; x_wconf 88' lang='lat' dir='ltr'><strong>succensa;</strong></span> <span class='ocrx_word' id='word_1_365' title='bbox 1241 869 1268 921; x_wconf 90' lang='lat' dir='ltr'><strong>et</strong></span> <span class='ocrx_word' id='word_1_366' title='bbox 1295 870 1377 929; x_wconf 75' lang='lat' dir='ltr'><strong>tunc</strong></span> 
     </span>
     <span class='ocr_line' id='line_1_67' title="bbox 777 933 1373 1003; baseline 0.002 -12"><span class='ocrx_word' id='word_1_367' title='bbox 777 935 957 1003; x_wconf 82' lang='lat' dir='ltr'><strong>invenietur3</strong></span> <span class='ocrx_word' id='word_1_368' title='bbox 978 933 1093 991; x_wconf 90' lang='lat' dir='ltr'><strong>sienim</strong></span> <span class='ocrx_word' id='word_1_369' title='bbox 1111 934 1233 991; x_wconf 89' lang='lat' dir='ltr'><strong>alterum</strong></span> <span class='ocrx_word' id='word_1_370' title='bbox 1247 935 1373 999; x_wconf 81' lang='lat' dir='ltr'><strong>istorum</strong></span> 
     </span>
     <span class='ocr_line' id='line_1_68' title="bbox 777 1005 1369 1078; baseline 0.005 -15"><span class='ocrx_word' id='word_1_371' title='bbox 777 1007 910 1071; x_wconf 87' lang='lat' dir='ltr'><strong>desuerit,</strong></span> <span class='ocrx_word' id='word_1_372' title='bbox 931 1005 1053 1063; x_wconf 85' lang='lat' dir='ltr'><strong>inveniri</strong></span> <span class='ocrx_word' id='word_1_373' title='bbox 1072 1023 1129 1063; x_wconf 94' lang='lat' dir='ltr'><strong>non</strong></span> <span class='ocrx_word' id='word_1_374' title='bbox 1147 1006 1259 1078; x_wconf 90' lang='lat' dir='ltr'><strong>poterit.</strong></span> <span class='ocrx_word' id='word_1_375' title='bbox 1275 1009 1369 1066; x_wconf 80' lang='lat' dir='ltr'><strong>Debet</strong></span> 
     </span>
     <span class='ocr_line' id='line_1_69' title="bbox 778 1077 1368 1149; baseline 0 -14"><span class='ocrx_word' id='word_1_376' title='bbox 778 1077 864 1136; x_wconf 91' lang='lat' dir='ltr'><strong>etiam</strong></span> <span class='ocrx_word' id='word_1_377' title='bbox 892 1081 974 1136; x_wconf 87' lang='lat' dir='ltr'><strong>lesus</strong></span> <span class='ocrx_word' id='word_1_378' title='bbox 1007 1077 1096 1149; x_wconf 74' lang='lat' dir='ltr'><strong>quaeri</strong></span> <span class='ocrx_word' id='word_1_379' title='bbox 1133 1077 1368 1148; x_wconf 75' lang='lat' dir='ltr'><strong>lacrymabiliter,</strong></span> 
     </span>
     <span class='ocr_line' id='line_1_70' title="bbox 778 1150 1369 1279; baseline -0.002 -72"><span class='ocrx_word' id='word_1_380' title='bbox 778 1151 854 1279; x_wconf 52' lang='lat' dir='ltr'><strong>quod</strong></span> <span class='ocrx_word' id='word_1_381' title='bbox 868 1155 983 1207; x_wconf 88' lang='lat' dir='ltr'><strong>notatur</strong></span> <span class='ocrx_word' id='word_1_382' title='bbox 997 1166 1030 1206; x_wconf 80' lang='lat' dir='ltr'><strong>ex</strong></span> <span class='ocrx_word' id='word_1_383' title='bbox 1042 1166 1077 1207; x_wconf 93' lang='lat' dir='ltr'><strong>eo</strong></span> <span class='ocrx_word' id='word_1_384' title='bbox 1091 1150 1168 1221; x_wconf 93' lang='lat' dir='ltr'><strong>quod</strong></span> <span class='ocrx_word' id='word_1_385' title='bbox 1184 1150 1268 1222; x_wconf 81' lang='lat' dir='ltr'><strong>Virgo</strong></span> <span class='ocrx_word' id='word_1_386' title='bbox 1282 1150 1369 1218; x_wconf 80' lang='lat' dir='ltr'><strong>dixit,</strong></span> 
     </span>
     <span class='ocr_line' id='line_1_71' title="bbox 798 1222 1172 1293; baseline 0 -14"><span class='ocrx_word' id='word_1_387' title='bbox 798 1222 907 1279; x_wconf 88' lang='lat' dir='ltr'><strong>olentes</strong></span> <span class='ocrx_word' id='word_1_388' title='bbox 923 1222 1121 1293; x_wconf 73' lang='lat' dir='ltr'><strong>querebamus</strong></span> <span class='ocrx_word' id='word_1_389' title='bbox 1134 1227 1172 1279; x_wconf 89' lang='lat' dir='ltr'><strong>le.</strong></span> 
     </span>
    </p>

    <p class='ocr_par' dir='ltr' id='par_1_7' title="bbox 775 1291 1393 3728">
     <span class='ocr_line' id='line_1_72' title="bbox 818 1291 1368 1357; baseline -0.007 -7"><span class='ocrx_word' id='word_1_390' title='bbox 818 1317 845 1351; x_wconf 88' lang='grc' dir='ltr'><strong>ιι</strong></span> <span class='ocrx_word' id='word_1_391' title='bbox 859 1296 1012 1350; x_wconf 81' lang='grc' dir='ltr'>ιιιιειοιιειο</span> <span class='ocrx_word' id='word_1_392' title='bbox 1023 1294 1131 1350; x_wconf 84' lang='lat' dir='ltr'><strong>Canisri</strong></span> <span class='ocrx_word' id='word_1_393' title='bbox 1143 1291 1368 1357; x_wconf 71' lang='lat' dir='ltr'><strong>nuntiarentur?</strong></span> 
     </span>
     <span class='ocr_line' id='line_1_73' title="bbox 780 1367 1369 1428; baseline -0.007 -5"><span class='ocrx_word' id='word_1_394' title='bbox 780 1396 814 1408; x_wconf 93' lang='lat'>-</span> <span class='ocrx_word' id='word_1_395' title='bbox 828 1369 863 1423; x_wconf 82' lang='lat' dir='ltr'><strong>Et</strong></span> <span class='ocrx_word' id='word_1_396' title='bbox 882 1370 923 1422; x_wconf 84' lang='lat' dir='ltr'><strong>eit</strong></span> <span class='ocrx_word' id='word_1_397' title='bbox 938 1367 975 1422; x_wconf 84' lang='lat' dir='ltr'><strong>ed</strong></span> <span class='ocrx_word' id='word_1_398' title='bbox 992 1367 1065 1428; x_wconf 85' lang='lat' dir='ltr'><strong>illos,</strong></span> <span class='ocrx_word' id='word_1_399' title='bbox 1087 1382 1145 1423; x_wconf 91' lang='lat' dir='ltr'><strong>non</strong></span> <span class='ocrx_word' id='word_1_400' title='bbox 1167 1367 1282 1422; x_wconf 86' lang='lat' dir='ltr'><strong>Matrem</strong></span> <span class='ocrx_word' id='word_1_401' title='bbox 1296 1379 1369 1421; x_wconf 74' lang='lat' dir='ltr'><strong>exa·</strong></span> 
     </span>
     <span class='ocr_line' id='line_1_74' title="bbox 780 1432 1368 1510; baseline -0.002 -17"><span class='ocrx_word' id='word_1_402' title='bbox 780 1438 932 1510; x_wconf 91' lang='lat' dir='ltr'><strong>sperando,</strong></span> <span class='ocrx_word' id='word_1_403' title='bbox 948 1436 997 1493; x_wconf 91' lang='lat' dir='ltr'><strong>sed</strong></span> <span class='ocrx_word' id='word_1_404' title='bbox 1013 1436 1107 1510; x_wconf 92' lang='lat' dir='ltr'><strong>potius</strong></span> <span class='ocrx_word' id='word_1_405' title='bbox 1127 1436 1300 1504; x_wconf 87' lang='lat' dir='ltr'><strong>instruendo,</strong></span> <span class='ocrx_word' id='word_1_406' title='bbox 1313 1432 1368 1492; x_wconf 89' lang='lat' dir='ltr'><strong>di·</strong></span> 
     </span>
     <span class='ocr_line' id='line_1_75' title="bbox 780 1503 1373 1585; baseline -0.007 -19"><span class='ocrx_word' id='word_1_407' title='bbox 780 1526 846 1566; x_wconf 88' lang='lat' dir='ltr'><strong>cens</strong></span> <span class='ocrx_word' id='word_1_408' title='bbox 863 1527 869 1564; x_wconf 93' lang='lat'>:</span> <span class='ocrx_word' id='word_1_409' title='bbox 887 1509 959 1577; x_wconf 80' lang='lat' dir='ltr'><strong>Ouid</strong></span> <span class='ocrx_word' id='word_1_410' title='bbox 972 1514 1012 1565; x_wconf 85' lang='lat' dir='ltr'><strong>est</strong></span> <span class='ocrx_word' id='word_1_411' title='bbox 1030 1509 1104 1580; x_wconf 81' lang='lat' dir='ltr'><strong>quod</strong></span> <span class='ocrx_word' id='word_1_412' title='bbox 1122 1525 1164 1564; x_wconf 88' lang='lat' dir='ltr'><strong>me</strong></span> <span class='ocrx_word' id='word_1_413' title='bbox 1183 1503 1373 1585; x_wconf 58' lang='lat' dir='ltr'><strong>querebatis?</strong></span> 
     </span>
     <span class='ocr_line' id='line_1_76' title="bbox 780 1580 1373 1653; baseline -0.002 -16"><span class='ocrx_word' id='word_1_414' title='bbox 780 1580 886 1637; x_wconf 90' lang='lat' dir='ltr'><strong>seilicet</strong></span> <span class='ocrx_word' id='word_1_415' title='bbox 900 1580 976 1637; x_wconf 90' lang='lat' dir='ltr'><strong>inter</strong></span> <span class='ocrx_word' id='word_1_416' title='bbox 992 1586 1130 1653; x_wconf 83' lang='lat' dir='ltr'><strong>cognatos</strong></span> <span class='ocrx_word' id='word_1_417' title='bbox 1148 1585 1177 1637; x_wconf 91' lang='lat' dir='ltr'><strong>et</strong></span> <span class='ocrx_word' id='word_1_418' title='bbox 1194 1592 1373 1652; x_wconf 79' lang='lat' dir='ltr'><strong>consangui-</strong></span> 
     </span>
     <span class='ocr_line' id='line_1_77' title="bbox 779 1650 1376 1728; baseline 0 -19"><span class='ocrx_word' id='word_1_419' title='bbox 779 1669 859 1721; x_wconf 89' lang='lat' dir='ltr'><strong>neos,</strong></span> <span class='ocrx_word' id='word_1_420' title='bbox 875 1667 939 1709; x_wconf 91' lang='lat' dir='ltr'><strong>cuni</strong></span> <span class='ocrx_word' id='word_1_421' title='bbox 953 1650 1047 1724; x_wconf 93' lang='lat' dir='ltr'><strong>potius</strong></span> <span class='ocrx_word' id='word_1_422' title='bbox 1065 1652 1208 1709; x_wconf 88' lang='lat' dir='ltr'><strong>deberetis</strong></span> <span class='ocrx_word' id='word_1_423' title='bbox 1224 1669 1268 1710; x_wconf 89' lang='lat' dir='ltr'><strong>me</strong></span> <span class='ocrx_word' id='word_1_424' title='bbox 1285 1662 1376 1728; x_wconf 52' lang='lat' dir='ltr'><strong>quar</strong></span> 
     </span>
     <span class='ocr_line' id='line_1_78' title="bbox 778 1723 1376 1796; baseline 0 -16"><span class='ocrx_word' id='word_1_425' title='bbox 778 1741 842 1781; x_wconf 91' lang='lat' dir='ltr'><strong>rere</strong></span> <span class='ocrx_word' id='word_1_426' title='bbox 855 1723 1009 1796; x_wconf 90' lang='lat' dir='ltr'><strong>intemplo,</strong></span> <span class='ocrx_word' id='word_1_427' title='bbox 1019 1724 1094 1794; x_wconf 94' lang='lat' dir='ltr'><strong>quod</strong></span> <span class='ocrx_word' id='word_1_428' title='bbox 1104 1729 1148 1780; x_wconf 88' lang='lat' dir='ltr'><strong>est</strong></span> <span class='ocrx_word' id='word_1_429' title='bbox 1159 1724 1261 1780; x_wconf 87' lang='lat' dir='ltr'><strong>domus</strong></span> <span class='ocrx_word' id='word_1_430' title='bbox 1273 1725 1376 1780; x_wconf 79' lang='lat' dir='ltr'><strong>Patr¹⁵</strong></span> 
     </span>
     <span class='ocr_line' id='line_1_79' title="bbox 779 1794 1377 1868; baseline -0.005 -16"><span class='ocrx_word' id='word_1_431' title='bbox 779 1796 846 1864; x_wconf 91' lang='lat' dir='ltr'><strong>mei,</strong></span> <span class='ocrx_word' id='word_1_432' title='bbox 862 1800 890 1852; x_wconf 88' lang='lat' dir='ltr'><strong>et</strong></span> <span class='ocrx_word' id='word_1_433' title='bbox 905 1795 933 1852; x_wconf 91' lang='lat' dir='ltr'><strong>in</strong></span> <span class='ocrx_word' id='word_1_434' title='bbox 946 1795 1131 1866; x_wconf 88' lang='lat' dir='ltr'><strong>occupatione</strong></span> <span class='ocrx_word' id='word_1_435' title='bbox 1146 1795 1222 1852; x_wconf 89' lang='lat' dir='ltr'><strong>eirca</strong></span> <span class='ocrx_word' id='word_1_436' title='bbox 1233 1794 1377 1868; x_wconf 54' lang='lat' dir='ltr'><strong>spiritu&amp;</strong></span> 
     </span>
     <span class='ocr_line' id='line_1_80' title="bbox 779 1866 1380 1938; baseline -0.005 -16"><span class='ocrx_word' id='word_1_437' title='bbox 779 1867 827 1924; x_wconf 87' lang='lat' dir='ltr'><strong>lia.</strong></span> <span class='ocrx_word' id='word_1_438' title='bbox 843 1869 904 1924; x_wconf 85' lang='lat' dir='ltr'><strong>Non</strong></span> <span class='ocrx_word' id='word_1_439' title='bbox 920 1872 963 1924; x_wconf 90' lang='lat' dir='ltr'><strong>est</strong></span> <span class='ocrx_word' id='word_1_440' title='bbox 977 1883 1030 1923; x_wconf 84' lang='lat' dir='ltr'><strong>rori</strong></span> <span class='ocrx_word' id='word_1_441' title='bbox 1048 1866 1233 1938; x_wconf 79' lang='lat' dir='ltr'><strong>indignantis,</strong></span> <span class='ocrx_word' id='word_1_442' title='bbox 1252 1867 1299 1924; x_wconf 91' lang='lat' dir='ltr'><strong>sed</strong></span> <span class='ocrx_word' id='word_1_443' title='bbox 1311 1867 1380 1923; x_wconf 80' lang='grc' dir='ltr'>ιιυ-</span> 
     </span>
     <span class='ocr_line' id='line_1_81' title="bbox 780 1938 1381 2011; baseline -0.008 -16"><span class='ocrx_word' id='word_1_444' title='bbox 780 1939 885 1995; x_wconf 89' lang='lat' dir='ltr'><strong>militer</strong></span> <span class='ocrx_word' id='word_1_445' title='bbox 899 1955 929 1995; x_wconf 91' lang='lat' dir='ltr'><strong>se</strong></span> <span class='ocrx_word' id='word_1_446' title='bbox 944 1938 1103 1995; x_wconf 84' lang='lat' dir='ltr'><strong>excusantis</strong></span> <span class='ocrx_word' id='word_1_447' title='bbox 1122 1945 1150 1996; x_wconf 94' lang='lat' dir='ltr'><strong>et</strong></span> <span class='ocrx_word' id='word_1_448' title='bbox 1169 1939 1302 2011; x_wconf 85' lang='lat' dir='ltr'><strong>mysteria</strong></span> <span class='ocrx_word' id='word_1_449' title='bbox 1312 1939 1381 1994; x_wconf 65' lang='grc' dir='ltr'>ιε’</span> 
     </span>
     <span class='ocr_line' id='line_1_82' title="bbox 778 2001 1385 2083; baseline 0 -16"><span class='ocrx_word' id='word_1_450' title='bbox 778 2010 912 2082; x_wconf 86' lang='lat' dir='ltr'><strong>tegentis.</strong></span> <span class='ocrx_word' id='word_1_451' title='bbox 922 2013 983 2067; x_wconf 90' lang='lat' dir='ltr'><strong>Non</strong></span> <span class='ocrx_word' id='word_1_452' title='bbox 1001 2011 1078 2067; x_wconf 90' lang='lat' dir='ltr'><strong>enim</strong></span> <span class='ocrx_word' id='word_1_453' title='bbox 1090 2011 1228 2067; x_wconf 85' lang='lat' dir='ltr'><strong>Dominus</strong></span> <span class='ocrx_word' id='word_1_454' title='bbox 1241 2001 1385 2083; x_wconf 68' lang='lat' dir='ltr'><strong>increpat</strong></span> 
     </span>
     <span class='ocr_line' id='line_1_83' title="bbox 779 2082 1387 2165; baseline -0.008 -26"><span class='ocrx_word' id='word_1_455' title='bbox 779 2088 808 2139; x_wconf 92' lang='lat' dir='ltr'><strong>et</strong></span> <span class='ocrx_word' id='word_1_456' title='bbox 828 2082 978 2153; x_wconf 77' lang='lat' dir='ltr'><strong>vituperat,</strong></span> <span class='ocrx_word' id='word_1_457' title='bbox 1002 2082 1076 2154; x_wconf 93' lang='lat' dir='ltr'><strong>quod</strong></span> <span class='ocrx_word' id='word_1_458' title='bbox 1101 2098 1164 2139; x_wconf 88' lang='lat' dir='ltr'><strong>euni</strong></span> <span class='ocrx_word' id='word_1_459' title='bbox 1181 2082 1261 2165; x_wconf 87' lang='lat' dir='ltr'><strong>quasi</strong></span> <span class='ocrx_word' id='word_1_460' title='bbox 1276 2082 1387 2139; x_wconf 80' lang='lat' dir='ltr'><strong>filium</strong></span> 
     </span>
     <span class='ocr_line' id='line_1_84' title="bbox 779 2152 1390 2226; baseline -0.002 -16"><span class='ocrx_word' id='word_1_461' title='bbox 779 2160 926 2226; x_wconf 86' lang='lat' dir='ltr'><strong>quaei·uiit;</strong></span> <span class='ocrx_word' id='word_1_462' title='bbox 948 2154 997 2210; x_wconf 93' lang='lat' dir='ltr'><strong>sed</strong></span> <span class='ocrx_word' id='word_1_463' title='bbox 1015 2152 1095 2225; x_wconf 88' lang='lat' dir='ltr'><strong>quasi</strong></span> <span class='ocrx_word' id='word_1_464' title='bbox 1119 2154 1287 2226; x_wconf 84' lang='lat' dir='ltr'><strong>corrigendo</strong></span> <span class='ocrx_word' id='word_1_465' title='bbox 1304 2159 1390 2209; x_wconf 84' lang='lat' dir='ltr'><strong>ier·</strong></span> 
     </span>
     <span class='ocr_line' id='line_1_85' title="bbox 779 2224 1391 2297; baseline -0.002 -16"><span class='ocrx_word' id='word_1_466' title='bbox 779 2227 846 2282; x_wconf 88' lang='lat' dir='ltr'><strong>bum</strong></span> <span class='ocrx_word' id='word_1_467' title='bbox 874 2224 981 2293; x_wconf 83' lang='lat' dir='ltr'><strong>Matris,</strong></span> <span class='ocrx_word' id='word_1_468' title='bbox 1009 2225 1073 2297; x_wconf 90' lang='lat' dir='ltr'><strong>quis</strong></span> <span class='ocrx_word' id='word_1_469' title='bbox 1098 2224 1152 2283; x_wconf 88' lang='lat' dir='ltr'><strong>sibi</strong></span> <span class='ocrx_word' id='word_1_470' title='bbox 1179 2242 1262 2282; x_wconf 81' lang='lat' dir='ltr'><strong>verus</strong></span> <span class='ocrx_word' id='word_1_471' title='bbox 1281 2226 1391 2291; x_wconf 59' lang='lat' dir='ltr'><strong>Patet</strong></span> 
     </span>
     <span class='ocr_line' id='line_1_86' title="bbox 779 2296 1393 2368; baseline 0 -15"><span class='ocrx_word' id='word_1_472' title='bbox 779 2299 825 2364; x_wconf 87' lang='lat' dir='ltr'><strong>sit,</strong></span> <span class='ocrx_word' id='word_1_473' title='bbox 864 2303 893 2353; x_wconf 91' lang='lat' dir='ltr'><strong>et</strong></span> <span class='ocrx_word' id='word_1_474' title='bbox 924 2296 991 2367; x_wconf 88' lang='lat' dir='ltr'><strong>quid</strong></span> <span class='ocrx_word' id='word_1_475' title='bbox 1031 2297 1126 2368; x_wconf 88' lang='lat' dir='ltr'><strong>potuis</strong></span> <span class='ocrx_word' id='word_1_476' title='bbox 1152 2303 1260 2354; x_wconf 73' lang='lat' dir='ltr'><strong>aeterno</strong></span> <span class='ocrx_word' id='word_1_477' title='bbox 1287 2297 1393 2353; x_wconf 71' lang='lat' dir='ltr'><strong>Patri</strong></span> 
     </span>
     <span class='ocr_line' id='line_1_87' title="bbox 779 2366 1393 2439; baseline 0.002 -14"><span class='ocrx_word' id='word_1_478' title='bbox 779 2369 891 2437; x_wconf 90' lang='lat' dir='ltr'><strong>debeat,</strong></span> <span class='ocrx_word' id='word_1_479' title='bbox 918 2367 974 2424; x_wconf 91' lang='lat' dir='ltr'><strong>illis</strong></span> <span class='ocrx_word' id='word_1_480' title='bbox 999 2374 1028 2425; x_wconf 92' lang='lat' dir='ltr'><strong>et</strong></span> <span class='ocrx_word' id='word_1_481' title='bbox 1046 2367 1128 2425; x_wconf 93' lang='lat' dir='ltr'><strong>nobis</strong></span> <span class='ocrx_word' id='word_1_482' title='bbox 1144 2367 1281 2439; x_wconf 89' lang='lat' dir='ltr'><strong>insinuat,</strong></span> <span class='ocrx_word' id='word_1_483' title='bbox 1300 2366 1393 2426; x_wconf 70' lang='lat' dir='ltr'><strong>sub</strong></span> 
     </span>
     <span class='ocr_line' id='line_1_88' title="bbox 779 2441 1393 2511; baseline -0.002 -15"><span class='ocrx_word' id='word_1_484' title='bbox 779 2441 850 2496; x_wconf 91' lang='lat' dir='ltr'><strong>dens</strong></span> <span class='ocrx_word' id='word_1_485' title='bbox 873 2458 880 2496; x_wconf 75' lang='grc' dir='ltr'><strong><em>ε</em></strong></span> <span class='ocrx_word' id='word_1_486' title='bbox 907 2441 1085 2504; x_wconf 81' lang='lat' dir='ltr'><strong>Nesciebeti&#39;s,</strong></span> <span class='ocrx_word' id='word_1_487' title='bbox 1102 2444 1169 2510; x_wconf 84' lang='lat' dir='ltr'><strong>quia</strong></span> <span class='ocrx_word' id='word_1_488' title='bbox 1189 2444 1218 2496; x_wconf 86' lang='grc' dir='ltr'><strong>ιἰι</strong></span> <span class='ocrx_word' id='word_1_489' title='bbox 1237 2443 1290 2505; x_wconf 88' lang='lat' dir='ltr'><strong>liis,</strong></span> <span class='ocrx_word' id='word_1_490' title='bbox 1304 2441 1393 2511; x_wconf 64' lang='lat' dir='ltr'><strong>qiffl</strong></span> 
     </span>
     <span class='ocr_line' id='line_1_89' title="bbox 778 2503 1393 2584; baseline -0.002 -16"><span class='ocrx_word' id='word_1_491' title='bbox 778 2514 871 2568; x_wconf 76' lang='lat' dir='ltr'><strong>Petita</strong></span> <span class='ocrx_word' id='word_1_492' title='bbox 889 2514 952 2574; x_wconf 87' lang='lat' dir='ltr'><strong>mei,</strong></span> <span class='ocrx_word' id='word_1_493' title='bbox 973 2510 1081 2568; x_wconf 91' lang='lat' dir='ltr'><strong>scilicet</strong></span> <span class='ocrx_word' id='word_1_494' title='bbox 1096 2511 1157 2579; x_wconf 84' lang='lat' dir='ltr'><strong>Dei,</strong></span> <span class='ocrx_word' id='word_1_495' title='bbox 1172 2518 1245 2575; x_wconf 82' lang='lat' dir='ltr'><strong>sunt,</strong></span> <span class='ocrx_word' id='word_1_496' title='bbox 1262 2503 1393 2584; x_wconf 65' lang='lat' dir='ltr'><strong>oportq¹</strong></span> 
     </span>
     <span class='ocr_line' id='line_1_90' title="bbox 778 2582 1393 2655; baseline 0 -16"><span class='ocrx_word' id='word_1_497' title='bbox 778 2599 820 2640; x_wconf 86' lang='lat' dir='ltr'><strong>me</strong></span> <span class='ocrx_word' id='word_1_498' title='bbox 834 2600 899 2647; x_wconf 85' lang='lat' dir='ltr'><strong>esse,</strong></span> <span class='ocrx_word' id='word_1_499' title='bbox 915 2582 1021 2639; x_wconf 89' lang='lat' dir='ltr'><strong>scilicet</strong></span> <span class='ocrx_word' id='word_1_500' title='bbox 1038 2583 1067 2639; x_wconf 88' lang='lat' dir='ltr'><strong>iii</strong></span> <span class='ocrx_word' id='word_1_501' title='bbox 1082 2583 1199 2655; x_wconf 90' lang='lat' dir='ltr'><strong>templo,</strong></span> <span class='ocrx_word' id='word_1_502' title='bbox 1217 2584 1245 2640; x_wconf 95' lang='lat' dir='ltr'><strong>in</strong></span> <span class='ocrx_word' id='word_1_503' title='bbox 1264 2585 1393 2641; x_wconf 70' lang='lat' dir='ltr'><strong>doctrl‘</strong></span> 
     </span>
     <span class='ocr_line' id='line_1_91' title="bbox 777 2654 1393 2726; baseline -0.002 -15"><span class='ocrx_word' id='word_1_504' title='bbox 777 2671 825 2724; x_wconf 90' lang='lat' dir='ltr'><strong>na,</strong></span> <span class='ocrx_word' id='word_1_505' title='bbox 840 2660 868 2712; x_wconf 92' lang='lat' dir='ltr'><strong>el</strong></span> <span class='ocrx_word' id='word_1_506' title='bbox 887 2655 915 2710; x_wconf 90' lang='lat' dir='ltr'><strong>in</strong></span> <span class='ocrx_word' id='word_1_507' title='bbox 936 2654 1069 2726; x_wconf 87' lang='lat' dir='ltr'><strong>operibns</strong></span> <span class='ocrx_word' id='word_1_508' title='bbox 1084 2655 1189 2726; x_wconf 88' lang='lat' dir='ltr'><strong>quibus</strong></span> <span class='ocrx_word' id='word_1_509' title='bbox 1205 2656 1393 2712; x_wconf 75' lang='lat' dir='ltr'><strong>manifeste·</strong></span> 
     </span>
     <span class='ocr_line' id='line_1_92' title="bbox 777 2726 1392 2795; baseline -0.003 -13"><span class='ocrx_word' id='word_1_510' title='bbox 777 2731 825 2782; x_wconf 92' lang='lat' dir='ltr'><strong>tur</strong></span> <span class='ocrx_word' id='word_1_511' title='bbox 844 2728 928 2783; x_wconf 87' lang='lat' dir='ltr'><strong>Pater</strong></span> <span class='ocrx_word' id='word_1_512' title='bbox 943 2743 1032 2782; x_wconf 88' lang='lat' dir='ltr'><strong>meus.</strong></span> <span class='ocrx_word' id='word_1_513' title='bbox 1049 2726 1134 2795; x_wconf 88' lang='lat' dir='ltr'><strong>Quasi</strong></span> <span class='ocrx_word' id='word_1_514' title='bbox 1150 2726 1246 2784; x_wconf 89' lang='lat' dir='ltr'><strong>dicat:</strong></span> <span class='ocrx_word' id='word_1_515' title='bbox 1268 2728 1392 2784; x_wconf 69' lang='lat' dir='ltr'><strong>Potius</strong></span> 
     </span>
     <span class='ocr_line' id='line_1_93' title="bbox 777 2798 1389 2873; baseline 0.002 -19"><span class='ocrx_word' id='word_1_516' title='bbox 777 2799 867 2854; x_wconf 90' lang='lat' dir='ltr'><strong>debeo</strong></span> <span class='ocrx_word' id='word_1_517' title='bbox 903 2798 1044 2868; x_wconf 90' lang='lat' dir='ltr'><strong>respicere</strong></span> <span class='ocrx_word' id='word_1_518' title='bbox 1084 2815 1159 2867; x_wconf 89' lang='lat' dir='ltr'><strong>euni,</strong></span> <span class='ocrx_word' id='word_1_519' title='bbox 1190 2801 1271 2873; x_wconf 90' lang='lat' dir='ltr'><strong>cujus</strong></span> <span class='ocrx_word' id='word_1_520' title='bbox 1300 2802 1389 2855; x_wconf 71' lang='lat' dir='ltr'><strong>sum</strong></span> 
     </span>
     <span class='ocr_line' id='line_1_94' title="bbox 778 2869 1384 2929; baseline -0.005 -4"><span class='ocrx_word' id='word_1_521' title='bbox 778 2875 901 2926; x_wconf 86' lang='lat' dir='ltr'><strong>aeterniis</strong></span> <span class='ocrx_word' id='word_1_522' title='bbox 932 2869 1018 2926; x_wconf 88' lang='lat' dir='ltr'><strong>Filius</strong></span> <span class='ocrx_word' id='word_1_523' title='bbox 1045 2871 1203 2927; x_wconf 92' lang='lat' dir='ltr'><strong>secuudum</strong></span> <span class='ocrx_word' id='word_1_524' title='bbox 1236 2875 1384 2929; x_wconf 77' lang='lat' dir='ltr'><strong>naturam</strong></span> 
     </span>
     <span class='ocr_line' id='line_1_95' title="bbox 776 2941 1378 3015; baseline -0.002 -19"><span class='ocrx_word' id='word_1_525' title='bbox 776 2941 913 3010; x_wconf 85' lang='lat' dir='ltr'><strong>divinam,</strong></span> <span class='ocrx_word' id='word_1_526' title='bbox 934 2957 1019 3013; x_wconf 87' lang='lat' dir='ltr'><strong>quam</strong></span> <span class='ocrx_word' id='word_1_527' title='bbox 1040 2947 1079 3011; x_wconf 92' lang='lat' dir='ltr'><strong>te,</strong></span> <span class='ocrx_word' id='word_1_528' title='bbox 1095 2944 1177 3015; x_wconf 84' lang='lat' dir='ltr'><strong>cujus</strong></span> <span class='ocrx_word' id='word_1_529' title='bbox 1205 2958 1267 3000; x_wconf 92' lang='lat' dir='ltr'><strong>sum</strong></span> <span class='ocrx_word' id='word_1_530' title='bbox 1286 2941 1378 2998; x_wconf 79' lang='lat' dir='ltr'><strong>tilius</strong></span> 
     </span>
     <span class='ocr_line' id='line_1_96' title="bbox 777 3013 1374 3090; baseline 0.003 -21"><span class='ocrx_word' id='word_1_531' title='bbox 777 3013 934 3071; x_wconf 88' lang='lat' dir='ltr'><strong>secundum</strong></span> <span class='ocrx_word' id='word_1_532' title='bbox 952 3019 1083 3070; x_wconf 86' lang='lat' dir='ltr'><strong>naturam</strong></span> <span class='ocrx_word' id='word_1_533' title='bbox 1096 3014 1262 3086; x_wconf 88' lang='lat' dir='ltr'><strong>humanam,</strong></span> <span class='ocrx_word' id='word_1_534' title='bbox 1277 3017 1303 3070; x_wconf 93' lang='lat' dir='ltr'><strong>et</strong></span> <span class='ocrx_word' id='word_1_535' title='bbox 1313 3014 1374 3090; x_wconf 73' lang='lat'><strong>19·</strong></span> 
     </span>
     <span class='ocr_line' id='line_1_97' title="bbox 777 3085 1367 3156; baseline -0.002 -15"><span class='ocrx_word' id='word_1_536' title='bbox 777 3086 846 3156; x_wconf 90' lang='lat' dir='ltr'><strong>seph</strong></span> <span class='ocrx_word' id='word_1_537' title='bbox 870 3085 950 3156; x_wconf 88' lang='lat' dir='ltr'><strong>cnjus</strong></span> <span class='ocrx_word' id='word_1_538' title='bbox 970 3089 1081 3142; x_wconf 88' lang='lat' dir='ltr'><strong>tantuin</strong></span> <span class='ocrx_word' id='word_1_539' title='bbox 1096 3101 1159 3142; x_wconf 91' lang='lat' dir='ltr'><strong>sum</strong></span> <span class='ocrx_word' id='word_1_540' title='bbox 1180 3085 1258 3143; x_wconf 89' lang='lat' dir='ltr'><strong>tilius</strong></span> <span class='ocrx_word' id='word_1_541' title='bbox 1272 3089 1367 3142; x_wconf 81' lang='lat' dir='ltr'><strong>nutri·</strong></span> 
     </span>
     <span class='ocr_line' id='line_1_98' title="bbox 776 3155 1361 3230; baseline -0.003 -19"><span class='ocrx_word' id='word_1_542' title='bbox 776 3158 848 3224; x_wconf 89' lang='lat' dir='ltr'><strong>tius;</strong></span> <span class='ocrx_word' id='word_1_543' title='bbox 865 3157 940 3212; x_wconf 91' lang='lat' dir='ltr'><strong>undo</strong></span> <span class='ocrx_word' id='word_1_544' title='bbox 955 3173 1012 3213; x_wconf 90' lang='lat' dir='ltr'><strong>non</strong></span> <span class='ocrx_word' id='word_1_545' title='bbox 1029 3155 1140 3213; x_wconf 89' lang='lat' dir='ltr'><strong>debetis</strong></span> <span class='ocrx_word' id='word_1_546' title='bbox 1154 3156 1263 3226; x_wconf 87' lang='lat' dir='ltr'><strong>mirari,</strong></span> <span class='ocrx_word' id='word_1_547' title='bbox 1273 3155 1296 3213; x_wconf 91' lang='lat' dir='ltr'><strong>si</strong></span> <span class='ocrx_word' id='word_1_548' title='bbox 1309 3163 1361 3230; x_wconf 65' lang='lat' dir='ltr'><strong>vos</strong></span> 
     </span>
     <span class='ocr_line' id='line_1_99' title="bbox 776 3227 1354 3299; baseline -0.002 -17"><span class='ocrx_word' id='word_1_549' title='bbox 776 3227 869 3283; x_wconf 90' lang='lat' dir='ltr'><strong>dimisi</strong></span> <span class='ocrx_word' id='word_1_550' title='bbox 889 3234 1006 3299; x_wconf 88' lang='lat' dir='ltr'><strong>propter</strong></span> <span class='ocrx_word' id='word_1_551' title='bbox 1022 3230 1136 3284; x_wconf 89' lang='lat' dir='ltr'><strong>Patrem</strong></span> <span class='ocrx_word' id='word_1_552' title='bbox 1154 3234 1301 3295; x_wconf 86' lang='lat' dir='ltr'><strong>aetcrnum,</strong></span> <span class='ocrx_word' id='word_1_553' title='bbox 1313 3235 1354 3281; x_wconf 83' lang='lat' dir='ltr'><strong>cut</strong></span> 
     </span>
     <span class='ocr_line' id='line_1_100' title="bbox 776 3299 1350 3372; baseline -0.005 -18"><span class='ocrx_word' id='word_1_554' title='bbox 776 3299 840 3370; x_wconf 88' lang='lat' dir='ltr'><strong>plus</strong></span> <span class='ocrx_word' id='word_1_555' title='bbox 863 3304 971 3356; x_wconf 88' lang='lat' dir='ltr'><strong>teneor.</strong></span> <span class='ocrx_word' id='word_1_556' title='bbox 988 3299 1078 3372; x_wconf 78' lang='lat' dir='ltr'><strong>Magis</strong></span> <span class='ocrx_word' id='word_1_557' title='bbox 1088 3300 1268 3358; x_wconf 85' lang='lat' dir='ltr'><strong>alliciebatur</strong></span> <span class='ocrx_word' id='word_1_558' title='bbox 1279 3301 1350 3356; x_wconf 81' lang='lat' dir='ltr'><strong>lesus</strong></span> 
     </span>
     <span class='ocr_line' id='line_1_101' title="bbox 776 3371 1344 3431; baseline 0.009 -5"><span class='ocrx_word' id='word_1_559' title='bbox 776 3371 812 3427; x_wconf 89' lang='lat' dir='ltr'><strong>ad</strong></span> <span class='ocrx_word' id='word_1_560' title='bbox 844 3372 956 3426; x_wconf 86' lang='lat' dir='ltr'><strong>Patrem</strong></span> <span class='ocrx_word' id='word_1_561' title='bbox 978 3371 1138 3428; x_wconf 89' lang='lat' dir='ltr'><strong>naturalem</strong></span> <span class='ocrx_word' id='word_1_562' title='bbox 1157 3376 1186 3428; x_wconf 91' lang='lat' dir='ltr'><strong>et</strong></span> <span class='ocrx_word' id='word_1_563' title='bbox 1215 3378 1344 3431; x_wconf 75' lang='lat' dir='ltr'><strong>aeternurb</strong></span> 
     </span>
     <span class='ocr_line' id='line_1_102' title="bbox 776 3443 1344 3515; baseline -0.002 -18"><span class='ocrx_word' id='word_1_564' title='bbox 776 3458 862 3514; x_wconf 89' lang='lat' dir='ltr'><strong>qnam</strong></span> <span class='ocrx_word' id='word_1_565' title='bbox 871 3443 907 3498; x_wconf 92' lang='lat' dir='ltr'><strong>ad</strong></span> <span class='ocrx_word' id='word_1_566' title='bbox 915 3447 1035 3499; x_wconf 87' lang='lat' dir='ltr'><strong>matrem</strong></span> <span class='ocrx_word' id='word_1_567' title='bbox 1048 3443 1208 3500; x_wconf 86' lang='lat' dir='ltr'><strong>naturalem</strong></span> <span class='ocrx_word' id='word_1_568' title='bbox 1218 3448 1247 3500; x_wconf 90' lang='lat' dir='ltr'><strong>et</strong></span> <span class='ocrx_word' id='word_1_569' title='bbox 1255 3446 1344 3515; x_wconf 79' lang='lat' dir='ltr'><strong>patron</strong></span> 
     </span>
     <span class='ocr_line' id='line_1_103' title="bbox 775 3513 1342 3587; baseline 0 -19"><span class='ocrx_word' id='word_1_570' title='bbox 775 3513 942 3586; x_wconf 87' lang='lat' dir='ltr'><strong>putativum.</strong></span> <span class='ocrx_word' id='word_1_571' title='bbox 967 3513 1100 3581; x_wconf 84' lang='lat' dir='ltr'><strong>Quamvis</strong></span> <span class='ocrx_word' id='word_1_572' title='bbox 1124 3515 1201 3571; x_wconf 92' lang='lat' dir='ltr'><strong>enim</strong></span> <span class='ocrx_word' id='word_1_573' title='bbox 1232 3513 1342 3587; x_wconf 76' lang='lat' dir='ltr'><strong>parentet</strong></span> 
     </span>
     <span class='ocr_line' id='line_1_104' title="bbox 775 3585 1341 3657; baseline -0.004 -17"><span class='ocrx_word' id='word_1_574' title='bbox 775 3585 907 3657; x_wconf 82' lang='lat' dir='ltr'><strong>diligeret</strong></span> <span class='ocrx_word' id='word_1_575' title='bbox 921 3589 950 3641; x_wconf 92' lang='lat' dir='ltr'><strong>et</strong></span> <span class='ocrx_word' id='word_1_576' title='bbox 964 3585 1005 3641; x_wconf 91' lang='lat' dir='ltr'><strong>eis</strong></span> <span class='ocrx_word' id='word_1_577' title='bbox 1017 3585 1155 3642; x_wconf 91' lang='lat' dir='ltr'><strong>obediens</strong></span> <span class='ocrx_word' id='word_1_578' title='bbox 1166 3591 1253 3654; x_wconf 89' lang='lat' dir='ltr'><strong>esset,</strong></span> <span class='ocrx_word' id='word_1_579' title='bbox 1266 3589 1341 3641; x_wconf 83' lang='lat' dir='ltr'><strong>umor</strong></span> 
     </span>
     <span class='ocr_line' id='line_1_105' title="bbox 775 3655 1318 3728; baseline -0.006 -17"><span class='ocrx_word' id='word_1_580' title='bbox 775 3656 959 3728; x_wconf 91' lang='lat' dir='ltr'><strong>principalius</strong></span> <span class='ocrx_word' id='word_1_581' title='bbox 972 3659 1060 3714; x_wconf 89' lang='lat' dir='ltr'><strong>Deum</strong></span> <span class='ocrx_word' id='word_1_582' title='bbox 1073 3658 1217 3714; x_wconf 85' lang='lat' dir='ltr'><strong>honorare</strong></span> <span class='ocrx_word' id='word_1_583' title='bbox 1229 3655 1318 3713; x_wconf 87' lang='lat' dir='ltr'><strong>voluit.</strong></span> 
     </span>
    </p>

    <p class='ocr_par' dir='ltr' id='par_1_8' title="bbox 774 3731 1342 4157">
     <span class='ocr_line' id='line_1_106' title="bbox 814 3731 1341 3786; baseline -0.008 -1"><span class='ocrx_word' id='word_1_584' title='bbox 814 3748 844 3785; x_wconf 82' lang='grc' dir='ltr'><strong>ιι</strong></span> <span class='ocrx_word' id='word_1_585' title='bbox 853 3731 926 3784; x_wconf 83' lang='lat' dir='ltr'><strong>Deus</strong></span> <span class='ocrx_word' id='word_1_586' title='bbox 935 3745 1099 3785; x_wconf 70' lang='lat' dir='ltr'><strong>rademirus</strong></span> <span class='ocrx_word' id='word_1_587' title='bbox 1111 3743 1310 3786; x_wconf 71' lang='lat' dir='ltr'><strong>oneraremus.</strong></span> <span class='ocrx_word' id='word_1_588' title='bbox 1319 3750 1341 3764; x_wconf 80' lang='lat'>-</span> 
     </span>
     <span class='ocr_line' id='line_1_107' title="bbox 775 3790 1342 3873; baseline -0.007 -18"><span class='ocrx_word' id='word_1_589' title='bbox 775 3802 806 3855; x_wconf 91' lang='grc' dir='ltr'><strong>ιιι</strong></span> <span class='ocrx_word' id='word_1_590' title='bbox 820 3816 875 3871; x_wconf 90' lang='lat' dir='ltr'><strong>quo</strong></span> <span class='ocrx_word' id='word_1_591' title='bbox 890 3801 974 3856; x_wconf 92' lang='lat' dir='ltr'><strong>datur</strong></span> <span class='ocrx_word' id='word_1_592' title='bbox 988 3799 1129 3868; x_wconf 89' lang='lat' dir='ltr'><strong>doctrina,</strong></span> <span class='ocrx_word' id='word_1_593' title='bbox 1138 3790 1342 3873; x_wconf 84' lang='lat' dir='ltr'><strong>quodpietasid</strong></span> 
     </span>
     <span class='ocr_line' id='line_1_108' title="bbox 775 3866 1342 3944; baseline -0.007 -18"><span class='ocrx_word' id='word_1_594' title='bbox 775 3872 874 3940; x_wconf 84' lang='lat' dir='ltr'><strong>Deum,</strong></span> <span class='ocrx_word' id='word_1_595' title='bbox 890 3871 989 3943; x_wconf 89' lang='lat' dir='ltr'><strong>pietati</strong></span> <span class='ocrx_word' id='word_1_596' title='bbox 1008 3876 1140 3943; x_wconf 86' lang='lat' dir='ltr'><strong>respectu</strong></span> <span class='ocrx_word' id='word_1_597' title='bbox 1155 3877 1300 3944; x_wconf 90' lang='lat' dir='ltr'><strong>parentum</strong></span> <span class='ocrx_word' id='word_1_598' title='bbox 1314 3866 1342 3922; x_wconf 78' lang='lat' dir='ltr'><strong>eil</strong></span> 
     </span>
     <span class='ocr_line' id='line_1_109' title="bbox 774 3942 1342 4017; baseline -0.009 -18"><span class='ocrx_word' id='word_1_599' title='bbox 774 3943 963 4014; x_wconf 85' lang='lat' dir='ltr'><strong>praelerenda.</strong></span> <span class='ocrx_word' id='word_1_600' title='bbox 976 3943 1073 3999; x_wconf 80' lang='lat' dir='ltr'><strong>Discus</strong></span> <span class='ocrx_word' id='word_1_601' title='bbox 1087 3942 1174 4015; x_wconf 83' lang='lat' dir='ltr'><strong>igitur</strong></span> <span class='ocrx_word' id='word_1_602' title='bbox 1187 3951 1216 3999; x_wconf 90' lang='lat' dir='ltr'><strong>et</strong></span> <span class='ocrx_word' id='word_1_603' title='bbox 1228 3949 1259 4000; x_wconf 93' lang='lat' dir='ltr'><strong>tu</strong></span> <span class='ocrx_word' id='word_1_604' title='bbox 1272 3942 1342 4017; x_wconf 75' lang='lat' dir='ltr'><strong>noun</strong></span> 
     </span>
     <span class='ocr_line' id='line_1_110' title="bbox 774 4014 1341 4086; baseline -0.009 -15"><span class='ocrx_word' id='word_1_605' title='bbox 774 4019 802 4071; x_wconf 91' lang='lat' dir='ltr'><strong>et</strong></span> <span class='ocrx_word' id='word_1_606' title='bbox 816 4019 949 4086; x_wconf 88' lang='lat' dir='ltr'><strong>parentes</strong></span> <span class='ocrx_word' id='word_1_607' title='bbox 964 4014 1084 4086; x_wconf 79' lang='lat' dir='ltr'><strong>diligere</strong></span> <span class='ocrx_word' id='word_1_608' title='bbox 1099 4020 1127 4072; x_wconf 90' lang='lat' dir='ltr'><strong>et</strong></span> <span class='ocrx_word' id='word_1_609' title='bbox 1147 4017 1296 4081; x_wconf 85' lang='lat' dir='ltr'><strong>honorare,</strong></span> <span class='ocrx_word' id='word_1_610' title='bbox 1311 4019 1341 4066; x_wconf 78' lang='lat' dir='ltr'><strong>eit</strong></span> 
     </span>
     <span class='ocr_line' id='line_1_111' title="bbox 774 4086 1341 4157; baseline -0.007 -14"><span class='ocrx_word' id='word_1_611' title='bbox 774 4086 900 4156; x_wconf 90' lang='lat' dir='ltr'><strong>obedire,</strong></span> <span class='ocrx_word' id='word_1_612' title='bbox 918 4086 969 4144; x_wconf 88' lang='lat' dir='ltr'><strong>sed</strong></span> <span class='ocrx_word' id='word_1_613' title='bbox 986 4086 1015 4143; x_wconf 92' lang='lat' dir='ltr'><strong>in</strong></span> <span class='ocrx_word' id='word_1_614' title='bbox 1031 4086 1166 4146; x_wconf 88' lang='lat' dir='ltr'><strong>omnibus</strong></span> <span class='ocrx_word' id='word_1_615' title='bbox 1184 4089 1272 4145; x_wconf 89' lang='lat' dir='ltr'><strong>Deum</strong></span> <span class='ocrx_word' id='word_1_616' title='bbox 1283 4095 1341 4157; x_wconf 81' lang='lat' dir='ltr'><strong>pra·</strong></span> 
     </span>
    </p>
   </div>
   <div class='ocr_carea' id='block_1_6' title="bbox 1392 3338 1396 4300">
    <p class='ocr_par' dir='ltr' id='par_1_9' title="bbox 1392 3338 1396 4300">
     <span class='ocr_line' id='line_1_112' title="bbox 1392 3338 1396 4300; baseline 0 0"><span class='ocrx_word' id='word_1_617' title='bbox 1392 3338 1396 4300; x_wconf 95' lang='lat' dir='ltr'><strong> </strong></span> 
     </span>
    </p>
   </div>
   <div class='ocr_carea' id='block_1_7' title="bbox 0 0 1400 4912">
    <p class='ocr_par' dir='ltr' id='par_1_10' title="bbox 0 0 1400 4912">
     <span class='ocr_line' id='line_1_113' title="bbox 0 0 1400 4912; baseline 0 0"><span class='ocrx_word' id='word_1_618' title='bbox 0 0 1400 4912; x_wconf 95' lang='lat' dir='ltr'><strong> </strong></span> 
     </span>
    </p>
   </div>
  </div>
 </body>
</html>
