2790 4912
170 276 318 331 lOllllle
343 277 364 329 Δ
389 273 456 329 DSO
481 274 606 330 tttssus
632 273 737 329 Vllllll'
761 275 804 328 lt)
831 274 1013 331 runttcutt.
1167 286 1211 338 ltu

55 382 76 451 i,
95 381 124 438 in
144 380 272 452 quolibet
289 382 429 446 nostrum,
449 379 522 437 sicut
534 379 565 437 in
620 395 678 436 non
689 378 805 452 ponitur
818 380 865 438 hic
883 383 919 439 ad
934 383 1152 455 significandum
1170 388 1209 445 ai-

55 459 106 524 st03
121 453 170 510 sed
185 451 401 523 intelligendum
415 450 565 509 inanitate
619 449 807 509 militudinem
830 453 976 511 filiationis
1001 456 1120 525 divinae;
1143 459 1210 541 quia

55 542 90 581 ra
111 526 255 591 humanm,
275 538 360 594 qnam
383 538 564 580 communem
620 538 677 579 non
690 528 734 579 est
748 523 794 580 hic
807 525 1000 598 expressivum
1016 527 1211 589 similitudmj,

55 613 125 654 scum
138 595 379 665 habuit,cumqua
388 595 565 651 mansionem
618 593 663 650 vel
677 595 907 667 comparationis,
920 598 970 654 sed
983 599 1109 656 veritatis
1123 605 1152 658 et
1161 617 1210 658 ex·

55 673 146 726 etnam
161 666 244 734 iniit;
260 666 303 722 vel
318 665 456 722 habitavit
469 665 499 722 in
512 682 564 723 no·
619 664 785 738 pressionis.
810 669 850 724 Ac
878 668 902 724 si
932 669 1019 737 dicat,
1055 672 1210 731 secundum

55 741 78 797 id
93 744 133 797 est
144 739 221 795 inter
233 737 326 794 nosin
336 738 452 805 mundo,
468 754 566 794 secun-
621 738 849 807 chrysostomum,
864 739 985 798 vidimus
1003 741 1125 813 gloriam
1139 759 1209 816 qua·

55 811 127 868 ,llud
136 811 247 867 Baruch
264 827 272 865 ι
287 812 411 865 interris
425 811 502 865 maus
514 814 565 873 est,
620 808 677 865 lem
684 807 813 879 decebat,
824 816 852 868 et
862 813 1033 869 conveniens
1045 819 1089 871 est
1103 815 1210 874 habere

55 901 85 939 on
98 882 253 939 bominibus
273 886 449 936 conversatus
463 886 513 937 est.
531 912 565 923 -
621 878 800 950 unigenitum
815 881 916 939 lilium.
933 886 966 940 Et
985 891 1038 953 est,
1054 886 1209 944 secundum

55 955 124 1011 aliter
134 959 229 1025 potest
244 953 330 1008 etiam
346 951 465 1024 intelligi
480 952 515 1009 de
526 950 568 1008 in·
623 951 765 1033 eumdem,
790 954 891 1010 modus
915 955 1061 1027 loquendi,
1089 957 1163 1014 sicut
1185 957 1208 1015 si

56 1024 568 1096 tationementali,qual)eusmentem
624 1021 727 1093 aliquis
738 1023 1056 1098 vidissetltegemralde
1065 1033 1209 1099 ornatum,

55 1098 119 1154 bitat
136 1112 188 1169 per
204 1095 334 1167 gratiam.
354 1098 387 1152 Et
402 1096 464 1152 haee
483 1093 568 1152 Verbi

55 1169 147 1226 bitatio
175 1167 307 1224 mentalis
335 1168 408 1224 bene
440 1167 569 1239 sequitur

73 1238 304 1297 inhabitationem
328 1237 484 1307 carnalem,
532 1255 569 1295 ua

56 1311 112 1368 licet
129 1327 192 1393 coro
207 1313 313 1378 foetum
330 1314 381 1375 est,
404 1309 478 1366 sicut
499 1254 568 1366 elle·

71 1388 194 1454 sequitur
218 1398 298 1438 suam
320 1397 436 1438 causam
453 1399 460 1437 ε
477 1398 510 1438 ex
533 1397 568 1438 eo

55 1469 64 1510 r
85 1453 158 1536 quod
178 1455 303 1509 Verbum
319 1457 362 1509 est
378 1452 569 1522 incarnatum,

55 1532 111 1582 enit
123 1524 206 1582 nobis
216 1524 284 1580 illud
299 1525 403 1581 bonum
415 1523 568 1581 inaestima-

55 1598 139 1668 ,quod
155 1597 231 1652 idem
247 1597 369 1652 Verbum
384 1611 438 1652 nos
456 1595 568 1653 inhabi-

55 1668 209 1724 nentaliter.

61 1741 256 1795 Marrsesrarrn
278 1754 383 1793 ononis
399 1738 518 1798 Cnnrsrr.
534 1767 569 1780 -

55 1811 154 1867 ttdtmas
164 1812 282 1878 ptoriom
292 1810 363 1878 ejus,
375 1807 457 1865 idest
467 1826 570 1881 cogno-

55 1884 261 1953 rsmajestatem
270 1879 424 1951 gloriosam
435 1880 569 1937 divinita·

57 1954 273 2023 rememorari,
291 1951 319 2007 id
334 1957 377 2007 est
388 1967 455 2008 rere
472 1955 570 2022 Unige-

62 2027 186 2089 oPotre,
200 2023 283 2078 idest
297 2021 381 2079 unius
400 2027 429 2079 et
441 2024 569 2093 ejusdem

62 2112 95 2153 eo
109 2099 229 2152 naturae.
242 2094 354 2162 Videre,
368 2093 506 2166 accipitur
518 2110 569 2166 pro

58 2183 91 2223 ne
114 2165 267 2238 corporali,
288 2169 316 2221 et
338 2180 390 2236 pro
410 2164 570 2236 cognitione

54 2237 154 2310 ligibili
165 2256 172 2305 ;
182 2244 211 2293 et
221 2244 341 2307 utroque
353 2236 569 2305 modovidendi‚

55 2314 143 2366 erunt
162 2312 298 2375 loannes,
322 2313 350 2363 et
373 2306 421 2363 alii
443 2308 570 2379 Apostoli

55 2381 112 2438 iam
140 2379 224 2436 Verbi
248 2378 399 2448 incarnati,
419 2380 486 2450 quia
504 2395 570 2436 cum

58 2453 177 2510 luerunt
197 2450 382 2522 corporaliter
398 2451 570 2521 conversati,

55 2541 65 2581 s
78 2523 212 2580 viderunt
221 2521 401 2589 sensibiliter,
414 2537 501 2593 opera
514 2524 570 2578 rir-

55 2611 72 2652 n
96 2593 187 2651 totius
209 2599 318 2649 naturae
343 2592 518 2663 excedentia,
539 2609 571 2649 ex

55 2683 87 2723 ns
110 2664 173 2721 risu
202 2663 305 2746 mentis
328 2670 519 2746 perceperunt
544 2670 572 2721 et

55 2738 187 2795 leserunt
196 2737 421 2807 divinitatrsepus
435 2736 573 2792 excellen-

78 2809 110 2865 in
137 2824 222 2864 carne
246 2808 391 2872 latentem,
413 2822 498 2878 quam
520 2822 572 2878 pro

55 2879 152 2936 mitate
182 2878 276 2935 carnis
306 2876 425 2934 risibilis
457 2877 572 2948 superbi

55 2967 103 3009 ere
126 2949 288 3007 noluerunt.
314 2949 440 3005 Gloriam
469 2947 573 3032 qnippe

55 3023 70 3079 ‚i
91 3024 287 3093 cognoverunt
315 3019 456 3092 discipuli,
476 3035 508 3075 tn
527 3035 572 3076 sa·

55 3093 92 3149 tia
107 3092 260 3158 doctrinae3
277 3096 306 3148 ct
320 3091 571 3163 quiaerutdocerrs,

77 3169 252 3236 postestatem
279 3165 391 3225 babeas,
412 3167 441 3218 et
457 3161 573 3234 propria

55 3235 155 3293 oritate
172 3235 307 3306 loquens3
328 3233 459 3290 similiter
473 3231 503 3288 in
518 3232 571 3290 mi·

55 3306 149 3363 lorum
165 3306 343 3434 operatione,
361 3311 390 3361 et
408 3303 475 3377 quia
491 3320 571 3361 erea-

55 3400 58 3431 ι
81 3377 184 3435 obedie
205 3385 254 3433 ant
274 3377 299 3433 ei
315 3377 351 3432 ad
371 3382 482 3445 nutum,
500 3377 572 3432 sicut

55 3448 108 3506 ino
117 3455 147 3506 et
156 3449 296 3515 Creatori,
314 3464 365 3504 nec
380 3446 573 3503 nonintrans-

55 3519 166 3590 atione,
188 3522 215 3575 in
232 3519 375 3591 possione,
394 3517 425 3574 in
445 3533 572 3575 resurre-

55 3607 89 3661 te,
111 3591 142 3647 in
160 3590 337 3657 ascensione,
355 3595 384 3646 et
402 3588 433 3645 in
452 3588 573 3672 Spiritus

55 3663 82 3719 :ti
92 3662 237 3719 missione.
246 3660 552 3733 Propterquoddrcens
564 3676 571 3715 :

55 3733 157 3792 idimus
168 3734 289 3806 gloriam
304 3734 375 3805 ejus,
389 3730 482 3788 subdit
491 3731 572 3802 quasi

55 3806 154 3862 nendo
173 3807 246 3862 hane
265 3804 394 3876 gloriam,
411 3801 492 3873 quasi
508 3802 574 3858 Uni·

55 3877 75 3933 ti
93 3893 111 3934 a
126 3879 221 3944 Patre,
238 3876 267 3931 id
286 3879 339 3943 est,
357 3890 415 3930 non
434 3889 485 3954 per
504 3873 574 3929 ado·

55 3963 126 4016 rem,
155 3948 205 4004 sed
234 3962 333 4002 revera
358 3943 500 4015 Unigenrti
525 3959 577 4016 per

55 4035 133 4086 ram,
149 4024 177 4076 et
192 4017 358 4073 naturaliter
373 4017 409 4072 ab
428 4032 462 4072 eo
477 4030 576 4086 proce-

55 4089 92 4159 is,
109 4095 141 4147 et
153 4105 205 4161 per
218 4103 396 4159 consequens
414 4087 450 4143 ab
470 4092 577 4143 aeterno

55 4161 121 4219 dem
140 4166 271 4217 naturam
295 4174 413 4216 numero
433 4172 498 4215 curn
517 4157 578 4228 ipso

55 4233 133 4291 antis.
149 4233 182 4289 Et
197 4231 311 4289 attende
325 4230 401 4304 quod
414 4228 483 4286 illud
498 4231 580 4300 quasi

624 1099 653 1176 et
667 1093 858 1177 inmultiplici
872 1096 964 1169 gloria
975 1097 1166 1170 incedentem,
1182 1107 1210 1157 et

624 1181 763 1237 incrprens
773 1169 808 1224 de
818 1169 872 1226 hoc
884 1168 948 1226 aliis
960 1186 1087 1238 narrare,
1097 1188 1149 1229 nec
1161 1187 1210 1229 va-

625 1235 687 1319 lens
701 1242 791 1295 totum
802 1246 969 1312 apparatum
983 1248 1011 1298 et
1026 1247 1142 1298 ornatus
1154 1242 1210 1299 cla·

625 1313 740 1365 ritatem
759 1326 937 1379 enumerare,
953 1312 1061 1369 diceret
1072 1312 1136 1369 aliis
1148 1312 1208 1370 sic:

626 1379 699 1447 Quid
713 1397 730 1436 0
751 1386 825 1438 ortet
840 1383 1211 1451 mulladicerelQuasillex

626 1450 696 1520 ibat,
710 1450 718 1507 i
754 1457 798 1509 est
814 1453 886 1510 sicut
898 1454 1016 1511 decebat
1036 1456 1157 1527 Regem3
1173 1455 1214 1513 ita

625 1525 655 1579 et
677 1522 723 1579 hic
743 1524 932 1595 Evangelista‚
958 1542 1022 1583 cum
1041 1543 1098 1583 non
1116 1532 1212 1598 posset

625 1594 680 1652 sub
706 1594 784 1652 brevi
812 1611 953 1665 sermone,
975 1597 1070 1654 omnia
1093 1614 1157 1670 quae
1177 1599 1214 1655 de

626 1665 716 1737 gloria
746 1666 830 1724 Verbi
855 1675 1025 1739 cognoverat
1051 1684 1211 1727 enarrare:

625 1742 694 1809 puta
712 1739 856 1809 quomodo
878 1739 978 1810 angeli
998 1740 1090 1812 ipsum
1107 1740 1214 1812 glorifi-

626 1814 770 1878 caverant,
786 1815 814 1866 ut
830 1811 915 1880 servi,
929 1816 1068 1882 pastores,
1079 1812 1152 1883 Magi
1161 1813 1211 1870 ad·

626 1878 702 1936 ducti
717 1881 900 1952 perstabam,
910 1882 1099 1939 daemoncsde
1112 1899 1211 1957 corpo·

626 1950 705 2008 ribus
715 1951 1091 2024 expulsi,mortuisnscitati,
1102 1952 1210 2012 inllrmi

626 2021 726 2092 curati,
744 2027 776 2105 et
795 2022 851 2080 alia
868 2040 954 2098 snpra
963 2027 1024 2098 jam
1041 2032 1211 2095 memorata,

626 2097 655 2150 et
674 2094 798 2151 breviter
811 2098 904 2152 omnis
923 2103 1054 2154 creatura
1069 2098 1212 2169 cognovit,

625 2164 1213 2239 etclamaritRegemcoelorumadvenisse;

626 2235 684 2293 imo
706 2241 735 2294 et
763 2239 847 2294 Pater
872 2239 907 2295 de
927 2240 1016 2308 coelis,
1041 2245 1070 2296 et
1092 2239 1214 2313 Spiritus

627 2309 745 2365 Sanctus
758 2324 844 2381 super
858 2308 950 2381 ipsum
965 2310 1091 2375 veniens,
1103 2312 1158 2368 hoc
1171 2316 1213 2370 te-

627 2379 692 2436 stati
707 2385 785 2436 sunt.
808 2382 873 2436 llaec
892 2386 920 2436 et
939 2380 1050 2436 inlinita
1065 2382 1131 2448 alia,
1152 2382 1213 2454 glo-

626 2450 699 2507 riam
712 2450 798 2507 Verbi
812 2451 986 2518 attestantia,
1000 2453 1125 2508 breviter
1139 2468 1214 2509 com·

628 2521 809 2594 prehendens
824 2524 961 2593 Joannes,
983 2521 1051 2577 dicit
1067 2539 1074 2576 ι
1092 2525 1126 2578 Et
1139 2522 1213 2579 vidi·

629 2608 693 2648 mus
720 2590 840 2662 gloriam
876 2593 947 2663 ejus,
980 2591 1100 2664 gloriam
1133 2593 1214 2664 quasi

628 2660 795 2734 Unigenitia
808 2662 938 2731 Patre,id
949 2669 992 2718 est
1006 2663 1091 2719 talem
1101 2663 1214 2734 qualem

628 2734 710 2791 decet
736 2732 919 2804 Unigenitum
935 2733 995 2791 Dei.
1012 2736 1060 2790 Est
1080 2751 1148 2807 ergo
1164 2734 1213 2793 Dei

630 2805 729 2886 Filium
740 2805 823 2886 juxta
836 2804 991 2862 divinitatis
1008 2806 1213 2877 excellentiam,

630 2879 796 2949 Umgenrtus
810 2893 828 2934 a
847 2879 946 2946 Patre,
963 2879 1043 2949 juxta
1058 2879 1214 2937 fraternam

628 2964 695 3005 uero
704 2947 880 3018 societatem,
889 2949 1099 3021 Primogcnitus
1112 2951 1141 3007 in
1153 2967 1216 3025 gra·

629 3018 678 3076 tia.
695 3020 763 3077 lnde
777 3021 908 3093 estquod
923 3021 1010 3078 irater
1024 3028 1215 3094 nuncupatur,

628 3096 657 3148 et
671 3091 806 3149 Dominus
822 3113 831 3148 .·
847 3093 946 3162 irater,
962 3093 1027 3165 quia
1042 3092 1216 3165 primogeni-

627 3166 692 3231 tus3
713 3163 859 3231 Dominus,
873 3163 942 3236 quia
957 3164 1131 3235 Unigenitus.
1148 3166 1217 3236 Cog-

627 3232 697 3290 nitio
720 3239 815 3290 autem
842 3234 925 3291 Verbi
952 3236 1106 3302 incarnati,
1130 3250 1217 3306 quam

628 3305 789 3361 habuerunt
804 3304 931 3376 Apostoli
946 3309 975 3360 et
992 3305 1148 3375 credentes,
1165 3304 1218 3360 luit

629 3380 764 3457 quantum
786 3375 822 3430 ad
840 3379 989 3445 utramque
1005 3380 1147 3441 naturam,
1163 3372 1217 3430 sci·

629 3446 694 3501 hcet
718 3445 854 3513 divinam,
879 3449 908 3500 et
933 3444 1102 3512 hnmanam3
1126 3460 1216 3516 quan·

628 3522 688 3573 tum
706 3531 774 3586 ergo
788 3515 824 3572 ad
844 3514 968 3571 divinam
983 3515 1050 3570 dicit
1067 3538 1073 3572 ε
1096 3518 1130 3571 Et
1146 3514 1218 3573 vidi·

629 3603 692 3644 mus
711 3585 831 3658 gloriam
853 3587 925 3658 ejus,
946 3586 1025 3658 quasi
1047 3585 1219 3658 Unigenitia

630 3660 728 3727 Patre;
754 3658 804 3715 sed
828 3662 964 3730 qnantum
991 3658 1027 3713 ad
1052 3659 1218 3728 humanam,

629 3728 784 3802 subiungit,
814 3735 842 3787 et
868 3727 989 3785 vidimus
1018 3746 1083 3786 eum
1108 3733 1219 3802 plenam

631 3800 698 3875 quia
724 3804 832 3871 oracta,
861 3799 890 3856 id
921 3805 964 3857 est
990 3801 1218 3871 charismatibus,

631 3871 728 3930 omnia
747 3873 822 3930 dona
845 3870 965 3944 Spiritus
984 3872 1090 3940 Sancti,
1112 3874 1221 3944 absque

632 3960 838 4002 mensurarece
860 3943 1221 4015 it,etneritutts,quiapro·

632 4017 720 4072 missa
747 3959 920 4087 adimplevit.
949 4017 984 4071 Et
1011 4015 1079 4070 dicit
1104 4016 1220 4087 plenum

633 4085 744 4159 gratiae,
768 4086 804 4143 ad
831 4085 1022 4143 exhaurienda
1064 4091 1170 4155 cecata,
1191 4089 1221 4141 ot

633 4157 748 4229 plenum
767 4156 902 4227 veritatis,
928 4102 1130 4228 adimplenda
1154 4169 1220 4239 pro·

635 4229 731 4299 missa,
750 4231 778 4286 et
797 4244 863 4286 vere
882 4228 1008 4301 plenum,
1025 4229 1092 4299 outo
1106 4228 1136 4281 tn
1151 4239 1222 4296 apso,
