2790 4912
79 277 108 328 li
483 272 595 327 Plllldlli
622 271 744 326 Plutls
770 270 874 324 curm
902 270 924 322 l'

76 378 143 436 ideo
154 374 365 447 sicutilludpro
386 373 427 432 rie
438 373 667 445 dicitnrsanitas,
725 374 895 448 personale3
910 373 950 430 ita
967 378 1007 440 ut,
1030 374 1148 431 Verbum
1166 379 1228 429 eret
1245 372 1317 444 opud
1345 377 1354 416 ἰ

79 449 156 522 quod
169 464 221 530 per
234 447 336 503 laeiem
374 445 531 517 esignatur,
546 447 586 504 ita
599 447 669 504 illud
727 450 821 510 Deum
838 444 980 516 significet
994 444 1069 515 apud
1084 446 1173 500 Deum
1187 446 1314 500 Patrem:

79 535 195 594 proprie
222 517 325 574 dieitur
353 518 482 587 verbum,
515 519 590 591 quod
618 534 670 591 per
727 532 840 587 semper
855 515 974 572 enimin
995 517 1079 572 Patre
1094 515 1191 583 Filius,
1209 529 1316 597 semper
1350 523 1361 529 “

79 606 178 648 rocem
206 587 392 659 signillcatur.
422 591 480 645 lloe
507 594 601 647 autem
626 593 671 646 est
726 588 757 644 in
777 587 846 644 Filio
866 589 959 643 Pater.
981 587 1061 643 Unde
1076 587 1137 642 baec
1155 583 1316 658 praeposrlio

79 660 200 718 interior
210 658 313 716 mentis
326 665 478 731 conceptus
488 679 494 716 ι
506 661 573 732 quia
586 676 671 718 voces
727 660 814 730 opud,
830 673 894 730 quae
909 663 952 715 est
968 656 1116 714 transitiva
1131 670 1317 730 personarum

78 737 147 790 sunt
171 735 246 788 notre
271 735 299 786 et
319 729 403 800 signa
420 731 584 802 passionum
607 747 671 802 qum
729 734 757 788 et
771 728 944 797 distinctiva,
955 728 1116 785 distantiam
1133 727 1318 785 distinctionis

80 800 314 869 suntinanima3
330 800 410 857 etita
424 807 576 875 conceptus
590 818 671 859 men·
748 799 887 857 ersonalis
917 799 1058 871 designat,
1088 816 1146 856 non
1177 797 1316 856 essentie.

82 873 120 930 tis
154 871 285 942 interior,
320 871 405 929 etiam
434 879 589 946 antequam
620 889 673 946 per
727 816 813 929 K'ulla
832 870 908 928 euim
924 886 980 952 ¹res
1002 869 1105 927 dieitur
1121 869 1237 943 proprie
1250 883 1318 951 *esse
1357 900 1361 913 ·

80 959 181 1000 rocem
209 943 382 1015 designetur,
412 944 527 1016 proprie
556 944 673 1002 verbum
729 944 805 1015 apud
832 947 1025 1013 semetipsam,
1045 941 1119 997 sicut
1142 957 1194 997 nee
1220 941 1319 1012 aliqum
1359 952 1361 1011 ζ

82 1013 195 1072 dicitur.
210 1015 278 1072 Cum
291 1030 360 1085 ergo
374 1015 543 1072 hocnomen
555 1016 673 1072 verbum
730 1013 816 1071 estin
829 1013 939 1085 seips03
954 1018 982 1069 el
995 1012 1058 1069 ideo
1071 1012 1146 1068 inter
1158 1012 1283 1068 Verbum
1293 1016 1319 1068 el

84 1085 228 1168 significet
249 1100 348 1142 rocem
373 1086 512 1153 vocalem,
540 1092 568 1142 et
596 1085 673 1157 quod
731 1083 915 1156 Principium,
934 1082 1010 1156 apud
1030 1084 1107 1165 quod
1126 1086 1170 1139 est
1186 1084 1319 1164 Verbum,

83 1157 188 1213 exitah
203 1172 263 1226 ore,
279 1155 420 1227 significet
435 1156 521 1214 etiam
538 1157 673 1225 mentale,
730 1160 772 1213 est
799 1153 957 1227 personalis
981 1153 1135 1211 distinctio.
1156 1155 1218 1210 Non
1246 1168 1320 1210 emm

83 1226 160 1299 quod
183 1242 201 1283 a
222 1232 317 1284 mente
337 1226 473 1299 gignitur,
499 1245 551 1285 nec
577 1229 613 1285 ab
640 1243 675 1284 ea
730 1227 854 1284 Verbum
865 1224 1111 1299 procedital'atre
1139 1224 1319 1281 erectionem

82 1296 190 1355 recedit
199 1314 264 1355 cum
275 1298 548 1368 emittitur;scilicet
556 1300 674 1361 verbnm
730 1302 925 1363 transeuntem
958 1301 1038 1353 extra
1078 1312 1108 1353 ee
1158 1300 1319 1352 manentem

82 1374 250 1440 conceptum
271 1370 428 1427 secundum
451 1370 579 1428 ultimam
598 1385 677 1426 accc·
731 1369 822 1438 intra,
845 1372 874 1425 et
895 1367 959 1424 ideo
983 1340 1107 1424 Verbum
1127 1372 1223 1423 manet
1248 1365 1320 1425 intra

82 1439 210 1567 {tionem
232 1439 279 1496 hic
301 1440 432 1510 sumitur,
448 1446 479 1498 ut
503 1458 556 1515 per
582 1441 675 1512 ipsum
731 1439 802 1496 illud
816 1440 897 1511 cnjus
912 1443 955 1495 est
969 1439 1104 1507 Verbum,
1119 1442 1217 1494 tamen
1235 1437 1272 1494 ab
1288 1452 1319 1493 eo

104 1510 171 1568 ilius
198 1511 373 1582 intelligatur
400 1529 407 1567 :
436 1511 550 1583 qnippe,
566 1511 633 1582 quia
659 1527 677 1567 a
731 1511 895 1568 distinctum
914 1508 1095 1566 distinctione
1117 1508 1272 1581 personali,
1292 1511 1319 1564 ut

85 1582 169 1638 Patre
182 1581 311 1654 procedit
324 1598 376 1654 per
389 1586 525 1638 aeternam
540 1581 675 1637 nativita-
729 1583 790 1655 jam
812 1581 983 1638 dictumest
1004 1598 1012 1638 ε
1034 1579 1102 1651 qnia
1126 1579 1246 1637 Verbum
1265 1582 1321 1635 eret

85 1657 154 1722 tem,
175 1668 208 1708 ac
232 1668 297 1709 cnm
318 1668 351 1709 eo
375 1658 403 1708 et
420 1652 451 1710 in
472 1668 506 1709 eo
527 1657 677 1725 permanet
732 1653 808 1726 apud
820 1656 914 1716 Deum,
932 1655 963 1708 ut
977 1650 1050 1708 alius
1063 1650 1137 1723 apud
1149 1649 1248 1707 alium.

85 1737 137 1796 per
152 1722 284 1779 essentiae
297 1723 455 1792 unitatem3
478 1723 550 1780 sicut
569 1723 676 1794 cogita·
768 1724 1235 1791 lCossunsrmrmnmsl’nrn1ser
1246 1723 1319 1778 Frnr.

84 1792 136 1862 tio,
162 1809 213 1850 seu
237 1794 383 1865 conceptio
412 1794 527 1864 mentis,
556 1811 620 1865 quae
644 1811 677 1851 ex
732 1824 768 1835 -
782 1794 887 1862 Tertio,
897 1794 1022 1850 declarat
1035 1792 1127 1850 Patris
1141 1798 1171 1849 et
1184 1791 1246 1849 Filii
1260 1808 1321 1850 con·

85 1869 182 1921 mente
196 1869 265 1921 nata
279 1870 333 1933 est,
349 1865 490 1937 cumipse
507 1871 676 1938 permanet;
733 1864 1012 1935 substantialitatem,
1055 1864 1113 1921 sire
1159 1862 1321 1921 substantiae

88 1940 117 1992 et
134 1934 198 1992 ideo
213 1935 312 1992 maluit
325 1935 419 1994 dicere
442 1939 570 2002 Verbum,
591 1953 677 2009 quam
733 1935 1045 2005 unitatem,dicens:Et
1052 1939 1122 1992 Deru
1129 1940 1189 1991 erut
1196 1935 1321 1999 Verbum,

89 2005 187 2062 Filius.
202 2008 270 2064 Cum
281 2006 406 2078 igitnrin
418 2008 479 2080 ipso
493 2010 551 2064 Deo
564 2008 678 2080 proprie
734 2007 774 2064 ita
795 2008 871 2080 qnod
893 2007 955 2063 haec
974 2005 1060 2064 dictio
1083 2010 1155 2063 Deus
1173 2005 1322 2078 punitura

87 2081 117 2134 et
128 2077 251 2149 perfecte
263 2077 301 2135 sit
310 2079 444 2147 Verbum,
457 2080 574 2136 verbum
583 2083 678 2136 aulem
753 2083 814 2135 arte
825 2078 982 2151 praedicati,
994 2077 1115 2134 dicendo
1128 2096 1135 2133 ι
1146 2078 1272 2134 Verbum
1284 2079 1322 2133 est

87 2147 124 2204 de
140 2163 192 2204 sua
208 2147 319 2205 ratione
340 2149 498 2222 dicitquod
521 2151 679 2222 procedens
733 2095 818 2207 fleus.
842 2148 962 2206 Nomina
981 2149 1105 2206 enimet
1123 2149 1211 2205 verba
1231 2153 1321 2203 trans·

87 2219 124 2276 ab
150 2234 184 2276 eo
201 2219 281 2292 cujus
296 2224 344 2302 *est
366 2221 495 2290 verbum,
515 2220 589 2277 sicut
610 2237 678 2278 con·
753 2219 827 2277 osita
853 2219 930 2276 idem
949 2219 972 2276 si
995 2220 1120 2276 nilicant.
1139 2221 1197 2275 lloc
1222 2233 1323 2299 nomeu

87 2294 540 2421 trilletlle{titul
557 2293 679 2420 Vlllll
733 2237 1083 2420 librilibtbsslzlt
1101 2289 1323 2418 trtttlllr

87 2431 125 2513 sit
138 2433 284 2504 generatio
300 2433 361 2489 Filii
377 2404 394 2490 a
411 2379 504 2503 Paqtre,
518 2379 622 2507 ququo
635 2440 678 2491 est
735 2405 778 2490 esi
789 2433 947 2490 substantia
961 2405 1123 2502 divina3'ne
1138 2404 1250 2512 dicatur
1264 2446 1324 2487 esse

86 2500 126 2560 im
152 2519 301 2575 processus
327 2505 405 2562 verbi
430 2521 447 2562 a
466 2504 589 2562 dicente.
609 2508 679 2562 ltem
735 2520 798 2561 cum
816 2506 885 2573 Deo,
901 2510 1001 2560 elnon
1017 2505 1100 2560 [leus.
1116 2502 1189 2559 Nihil
1206 2501 1323 2558 enimin

87 2573 432 2701 p'otiusdescribitllilium
444 2576 492 2633 Dei
502 2576 679 2648 subnomine
736 2577 793 2633 Deo
806 2580 859 2646 est,
879 2575 955 2648 qnod
971 2576 1044 2632 Deus
1059 2573 1187 2631 nonsit:
1202 2572 1271 2645 quia
1284 2578 1323 2629 to

111 2644 183 2714 erbi,
243 2662 290 2703 am
310 2648 362 2704 sub
381 2647 497 2704 nomine
517 2647 588 2716 Filii,
611 2647 679 2719 quia
735 2652 780 2704 tus
792 2645 869 2703 idem
883 2652 937 2715 est,
953 2651 980 2701 et
998 2643 1222 2703 substantialiter
1239 2643 1324 2701 idem.

86 2714 165 2772 lilius
183 2661 277 2773 sosffim
295 2714 364 2774 dicit
383 2718 624 2800 comparationem
642 2718 678 2775 ad
735 2717 869 2786 Quamvis
878 2733 946 2790 ergo
957 2718 1083 2798 Verbum
1090 2715 1211 2798 eit'apud
1225 2715 1325 2782 Deum,

85 2790 208 2858 petrem,
223 2788 341 2844 verbum
359 2803 425 2844 vero
446 2788 515 2844 dreit
528 2804 675 2860 compara·
734 2805 792 2846 non
830 2794 926 2846 mmen
968 2794 1014 2845 est
1047 2789 1084 2845 ab
1126 2788 1156 2843 rd
1184 2790 1325 2843 extranea

87 2855 207 2925 tionem,
229 2873 287 2914 non
304 2858 398 2915 solum
412 2858 450 2915 ad
463 2859 613 2927 dicentem,
630 2860 679 2916 sed
735 2865 856 2930 naturae,
879 2859 951 2917 sient
976 2865 1019 2916 est
1046 2875 1094 2915 ver
1115 2873 1162 2915 um
1181 2862 1324 2926 nostrum3

87 2926 174 2985 etiam
188 2927 265 2985 adid
281 2929 358 3001 quod
368 2945 421 3001 per
432 2930 550 2987 verbnm
565 2930 679 2997 dicitur,
735 2931 785 2988 sed
799 2937 844 2988 est
857 2939 966 2989 naturae
984 2929 1096 2998 divinae,
1115 2946 1178 3001 quae
1199 2926 1325 2986 indivisi·

87 3014 142 3056 nec
152 3015 210 3081 non
223 3000 260 3057 ad
274 3014 373 3056 vocem
389 3015 473 3071 quam
485 3000 589 3070 induit,
603 3002 679 3059 etad
735 3001 800 3059 bilis
812 3009 866 3072 est,
884 3008 982 3059 elnon
998 2999 1221 3073 multiplicabilis
1237 3018 1244 3057 :
1260 2999 1327 3072 quie

85 3069 245 3127 doctrinam
264 3086 340 3142 quae,
358 3071 501 3129 mediante
525 3074 622 3140 verbo,
647 3073 678 3130 in
736 3073 814 3131 nullo
832 3074 918 3130 modo
940 3077 1033 3146 potest
1056 3089 1119 3129 esse
1146 3070 1199 3127 nisi
1225 3087 1283 3128 una
1300 3074 1327 3128 et

85 3139 175 3199 altero
191 3141 323 3199 eisscitnr.
339 3141 411 3210 Quia
423 3142 511 3215 igitur
526 3143 575 3200 Dei
593 3144 681 3200 Filius
735 3143 954 3217 simplicissima.
985 3146 1021 3200 Et
1051 3143 1115 3201 ideo
1143 3143 1269 3199 Verbum
1300 3145 1327 3199 et

86 3211 172 3270 debet
196 3211 243 3270 hic
265 3213 398 3284 describi,
427 3230 486 3272 non
512 3218 623 3271 tantum
640 3215 680 3273 ‚in
736 3215 909 3288 Principium
924 3231 1007 3287 aquo
1019 3220 1073 3284 est,
1082 3220 1149 3271 sunt
1158 3213 1235 3270 idem
1248 3212 1325 3285 peni·
1345 3253 1348 3258 «

85 3284 298 3356 comparatione
308 3286 345 3343 ad
357 3287 470 3343 Patrem
484 3302 568 3359 aquo
583 3302 680 3358 proce-
735 3293 782 3343 tus
804 3286 833 3343 in
858 3292 976 3350 natura:
1001 3286 1139 3359 quamvis,
1164 3290 1194 3342 ut
1220 3285 1325 3341 dictum

86 3353 199 3424 dit,sed
210 3356 297 3414 etiam
310 3358 346 3414 ad
359 3363 504 3415 creaturas
516 3373 589 3430 quas
602 3357 678 3427 lecit,
735 3364 788 3427 est,
804 3357 1015 3429 distinguantur
1036 3357 1064 3413 in
1082 3372 1215 3484 persona.
1237 3358 1273 3413 Et
1288 3353 1327 3411 sic

87 3430 116 3483 el
133 3426 171 3483 ed
184 3443 300 3485 carnem
314 3444 401 3500 qnam
421 3428 525 3498 induit,
543 3432 572 3485 et
593 3428 680 3487 docu·
734 3429 764 3485 in
787 3429 841 3486 ista
865 3428 1002 3496 clausula,
1021 3427 1079 3499 imp
1092 3429 1203 3484 icantur
1227 3441 1327 3483 omnes

86 3502 184 3554 menta
195 3513 259 3569 quae
272 3498 408 3571 prebuit3
423 3500 681 3571 congruentissime
733 3505 793 3557 tres
813 3517 942 3572 personae
963 3517 970 3556 :
995 3501 1079 3556 Pater
1097 3498 1128 3555 in
1142 3499 1196 3555 boc
1212 3497 1326 3553 nomine

86 3572 117 3625 et
144 3567 342 3627 decentissime
372 3571 425 3628 sub
448 3571 563 3628 nomine
595 3571 679 3629 Verbi
735 3570 1086 3635 Deus,Filiusinn0mine
1102 3567 1328 3641 Verbi‚Spiritus

86 3637 257 3697 describitur
287 3658 294 3696 :
323 3639 390 3713 quia
416 3657 520 3699 nomen
545 3642 616 3699 illud
643 3642 680 3699 ad
736 3643 857 3700 Sanctus
871 3640 1114 3714 inpraepositione
1128 3641 1215 3713 epod.

86 3707 184 3767 omnia
197 3710 361 3793 supradicta
373 3712 499 3784 respicit,
514 3729 568 3770 nec
583 3718 681 3786 posset
711 3770 715 3777 ,
772 3715 994 3771 5Coreranmrns
1019 3714 1118 3769 Parnes
1143 3730 1174 3768 er
1198 3710 1279 3768 qu.
1295 3740 1327 3753 -

85 3781 139 3863 sub
154 3780 226 3839 coelo
238 3787 280 3840 ita
292 3797 408 3841 nomem
417 3784 591 3842 couveniens
604 3783 681 3841 inve
735 3786 851 3854 Quarto,
860 3784 988 3842 declarat
997 3784 1090 3841 Patris
1101 3788 1130 3840 et
1139 3782 1200 3840 Filii
1213 3787 1330 3857 ¹coaeter·

89 3851 157 3910 mri-
736 3855 1329 3926 nitatem,dicens:llorerotinprr'neipr'o

122 3927 140 3980 5
167 3925 336 3984 Pnnsouums
359 3926 458 3984 Parme
482 3944 519 3983 nr·
539 3928 608 3983 Frnu
637 3942 679 3982 m-
735 3928 812 3999 opud
839 3931 931 3984 Deum.
951 3929 1011 3983 lloc
1030 3925 1137 3983 scilicet
1151 3927 1277 3982 Verbum
1293 3925 1328 3982 de

88 3997 542 4067 ermerro.-Secundo,declerat
552 3996 644 4054 Patris
652 4001 680 4053 et
736 4013 792 4125 2¹⁰⁰
816 3997 927 4055 locutus
950 3999 1053 4066 lueret,
1078 4002 1122 4054 est
1147 3996 1222 4069 epod
1243 4000 1327 4052 mum

88 4064 150 4124 Filii
179 4068 359 4141 personalem
385 4068 608 4136 distinctionem,
636 4067 679 4124 di·
759 4072 850 4126 atrem
879 4083 897 4127 a
923 4068 1063 4143 principio
1090 4065 1270 4135 aeternitatis,
1299 4066 1327 4124 id

88 4153 156 4197 cene
171 4155 178 4195 :
193 4142 231 4197 Et
254 4140 374 4200 Verbum
398 4145 458 4198 eret
485 4140 561 4212 opud
583 4141 679 4195 Deum.
735 4146 789 4209 est,
805 4145 873 4199 ante
886 4141 983 4198 secula
996 4147 1024 4197 et
1039 4138 1223 4197 eternaliter.
1241 4137 1327 4207 Quasi

90 4210 152 4267 lloc
166 4226 273 4271 nomen
287 4213 372 4282 Deus,
385 4209 416 4268 in
430 4213 485 4268 hac
497 4210 625 4269 clausula
637 4213 681 4267 est
735 4211 810 4270 dicat
826 4230 834 4271 :
850 4214 908 4270 lloe
927 4211 977 4268 Dei
992 4213 1116 4269 Verbum
1136 4225 1293 4282 numquam
1311 4225 1328 4265 a
