2790 4912
332 106 373 161 nli
400 106 584 164 discubuit
611 108 788 165 bucetelli
813 113 1070 170 apostolocin.
1274 126 1322 179 259

93 210 675 273 Uelcbisedeclxobviavitdbralneacaede

20 304 25 322 =
93 300 185 355 regum
199 283 367 351 revertenti,
380 288 409 340 et
422 285 459 341 ad
471 285 596 342 radicem
611 287 674 355 eius

12 404 17 408 .
94 356 268 415 duittorrens
278 356 380 425 cyson.
392 358 423 413 ln
439 357 492 413 lmc
506 364 604 415 nxonte
621 357 673 414 luit

93 428 200 487 abbatia
217 426 365 499 nigrorum
385 429 599 493 monachorum.
620 431 672 487 sub

11 547 14 551 .
95 498 670 572 metropolitanosazarenc,aquarii-ita-

11 588 17 595 ·
97 574 225 629 tecoutra
239 571 384 629 Orientem
406 573 466 643 ipse
482 588 565 628 xnoxxs
584 571 671 629 distat

16 672 20 677 ·
95 648 186 773 fflo
196 642 339 699 milliario.
349 644 575 710 Vel,secundum
588 660 671 717 qnos-

47 756 50 761 ·
156 714 310 783 ,asceimit
328 715 358 772 in
394 716 528 773 uemdam
543 721 670 773 montem

56 842 59 847 .
95 786 273 857 mancupia
288 802 366 845 marc
394 787 505 844 'alilcece
528 786 670 845 situmllt

47 860 53 865 '
95 864 311 930 nipernoctcms
321 862 351 914 iu
360 862 484 915 erutione
496 863 615 921 Daimon
628 876 670 917 se·

96 928 220 1011 mlimon
230 945 281 1002 pro
293 946 324 987 sc
336 936 482 1013 tamquam
496 930 628 988 iutlcmus
641 937 670 988 ct

96 999 432 1073 engolismensibus
450 1008 594 1074 tamquam
607 1002 670 1074 pius

97 1072 258 1131 clclemens.
275 1073 410 1141 Quaedam
426 1073 501 1131 enim
520 1073 612 1131 oratio
626 1080 669 1131 est

44 1170 50 1177 ·
98 1142 149 1213 liei,
160 1152 244 1217 utpro
254 1144 450 1215 spiritualibus
463 1150 492 1202 et
502 1145 669 1202 rerisbonis

99 1216 306 1287 musequendis;
323 1217 454 1289 quaedam
470 1222 512 1273 cst
527 1216 624 1286 seculi,
639 1223 669 1274 ut

99 1300 141 1359 pm
164 1288 280 1345 terrenis
308 1288 499 1357 corrierendis,
530 1306 593 1361 quae
625 1293 668 1345 est

46 1374 57 1405 -·
100 1358 169 1415 ctiam
188 1358 304 1426 diaboli,
323 1359 346 1416 si
366 1376 399 1417 cx
425 1360 579 1432 cupiditate
598 1361 665 1429 fiat3

100 1430 210 1503 quedam
224 1437 267 1487 est
287 1436 398 1489 tautum
413 1432 530 1499 diaboli,
542 1448 592 1504 pro
608 1449 667 1489 car-

101 1502 194 1561 nalibus
213 1503 365 1560 desideriis
379 1503 538 1575 implendis.
557 1502 608 1559 Ubi
628 1503 668 1560 ait

99 1572 262 1631 mensam:
279 1596 293 1629 c
313 1576 347 1631 Et
361 1580 433 1643 erat,
450 1575 552 1647 inquit,
566 1592 666 1647 perno-

100 1650 162 1702 ctans
176 1646 203 1703 in
215 1646 357 1703 oratione.
373 1646 487 1719 Species
502 1647 552 1703 tibi
569 1647 664 1715 datur,

99 1714 665 1791 bxmpraescrioimrquamdebesaemu-

97 1784 144 1846 hri.
157 1791 227 1858 Quid
248 1790 326 1846 enim
341 1795 369 1846 te
388 1806 439 1861 pro
454 1790 544 1847 salute
560 1796 608 1846 tna
628 1791 666 1847 la-

28 1868 35 1881 '
97 1872 144 1939 ccxc
156 1867 277 1934 oportet,
292 1862 407 1933 quaudo
420 1878 471 1973 pro
488 1868 515 1917 te
536 1862 665 1918 Christus

95 1936 250 1990 moratione
265 1939 426 2006 pernoctut‘.
442 1932 515 2001 Quid
531 1938 558 1989 le
572 1933 664 1990 iacere

10 2048 14 2061 .
92 2005 300 2083 marciriacum
328 2004 368 2061 vis
394 2004 510 2077 aliquod
536 2004 663 2061 cilicium

88 2077 186 2145 pretatis
199 2076 441 2149 adoriri‚quaudo
456 2076 584 2134 Christus
597 2077 662 2134 mis-

85 2158 156 2205 ntrus
174 2149 327 2220 Apostolos
347 2148 439 2206 oravit
465 2147 568 2220 prius?
588 2169 602 2199 x
628 2152 662 2205 Et

81 2220 149 2277 colus
162 2220 265 2289 oravit,
282 2236 333 2277 nec
348 2236 469 2292 usquam
482 2219 561 2289 alibi,
570 2219 593 2276 si
603 2237 661 2276 non

79 2288 164 2357 iallor,
173 2308 344 2349 orassecnm
354 2291 497 2364 apostolis
509 2291 659 2362 reperitur.

78 2362 180 2435 Ubique
208 2364 286 2421 solua
312 2365 442 2421 olisecrat
472 2380 479 2419 :
509 2363 558 2420 Uei
584 2363 660 2420 onim

74 2435 220 2493 consilium
234 2438 361 2492 humana
375 2442 442 2492 vota
456 2450 515 2491 non
532 2434 659 2506 capiunt,

71 2522 121 2565 nec
135 2507 288 2581 quisquam
308 2507 476 2565 interiorum
492 2512 659 2579 potestesse

69 2578 211 2653 particeps
225 2595 289 2636 cum
305 2579 427 2637 Christo.
448 2579 527 2635 Unde
542 2582 659 2635 bamar-

68 2652 119 2707 dua
135 2668 142 2707 :
156 2674 172 2703 n
189 2654 230 2707 Tu
242 2657 344 2713 autera.
362 2650 467 2723 inquit,
483 2667 544 2707 eccm
565 2668 658 2706 orom-

67 2726 117 2789 ric,
131 2726 209 2779 intra
219 2727 249 2779 in
260 2724 416 2779 cubiculum
426 2729 514 2787 tuum,
528 2728 553 2777 et
563 2724 657 2778 clauso

67 2799 136 2851 catio
150 2812 217 2863 cru;
232 2800 262 2851 et
275 2796 352 2867 qnod
376 2794 455 2861 dixit,
482 2792 559 2850 lecit.
575 2794 658 2851 Solus

66 2864 95 2922 iu
118 2866 253 2923 oratione
269 2867 467 2939 pernoctabat,
490 2880 548 2921 nou
572 2866 657 2922 modo

65 2938 249 2995 abscondens
270 2955 300 2995 se
319 2954 337 2995 a
355 2937 457 3007 turbis,
472 2937 523 2994 sed
542 2953 594 2994 nec
613 2937 657 2994 ul·

66 3007 126 3066 lum
158 3009 275 3082 quidem
303 3010 516 3082 discipulorum,
536 3024 588 3065 nec
617 3008 659 3065 ul·

66 3080 126 3137 lum
144 3082 366 3139 domesticorum
387 3080 550 3138 admittens.
571 3079 656 3137 Ueni-

67 3166 121 3224 qne
137 3157 197 3209 tres
211 3169 307 3211 secum
326 3153 441 3209 intimos
455 3151 510 3209 sibi
533 3151 656 3209 adduxe-

66 3230 121 3291 rat,
134 3240 200 3281 curn
209 3225 283 3282 ultro
320 3232 466 3298 roperaret
474 3224 511 3279 ad
523 3228 656 3292 mortem,

65 3296 182 3352 avulsus
207 3301 250 3353 cst
276 3241 317 3354 ag
337 3295 407 3369 ipsis
435 3311 517 3354 orare
549 3294 656 3351 volens.

63 3366 177 3437 Ergoet
191 3372 222 3424 tu
237 3368 282 3425 iac
296 3367 437 3437 simililer,
448 3366 562 3440 quando
573 3381 657 3423 orare

64 3438 199 3496 colueris.
216 3462 232 3490 »
262 3440 341 3497 Unde
368 3444 396 3497 et
419 3440 655 3509 clupeostomus:

65 3531 81 3561 ι
99 3512 226 3582 Exsurge
243 3510 331 3584 igitur
342 3517 370 3569 et
388 3516 419 3568 tu
437 3511 467 3567 in
487 3514 657 3581 tempestate

63 3582 167 3651 noctis,
183 3582 282 3655 purior
298 3588 342 3640 est
361 3589 427 3641 tunc
443 3581 579 3653 temporis
594 3580 655 3638 aui-

62 3667 121 3722 um,
142 3653 213 3727 ipse
227 3656 355 3713 tenebrae
372 3654 519 3712 silentium
533 3652 656 3735 nimium

62 3732 184 3797 possum
208 3726 384 3785 sufficienter
405 3726 443 3783 ad
462 3729 656 3797 compunctio-

62 3812 131 3855 nem
182 3798 311 3857 rdueere.
327 3801 405 3856 Tunc
421 3814 479 3855 non
498 3808 580 3853 vexat
592 3795 657 3853 ina·

62 3868 110 3927 uis
124 3870 228 3941 geria,
249 3887 308 3928 non
332 3870 427 3928 acidia
453 3873 482 3927 et
504 3867 656 3926 concitatio

62 3946 201 4015 occupat;
216 3957 274 3999 non
298 3941 435 4011 sicimis
456 3939 524 3997 terri
553 3955 657 4012 seque·

62 4016 138 4070 strat
154 4012 327 4086 rubiginem,
345 4030 361 4069 ι
391 4019 421 4071 ut
437 4018 579 4070 nocturna
591 4027 656 4069 ora-

62 4083 104 4143 tio
124 4085 284 4159 eruginem
310 4090 500 4160 peccaterum.
519 4084 598 4154 Qua,
625 4081 657 4140 in

729 215 785 285 die,
795 218 864 275 solis
877 225 964 277 cestus
976 222 1125 293 percussit,
1138 234 1220 283 nocte
1233 230 1317 287 refri-

727 296 865 361 gerantur
878 308 885 360 ;
900 292 1054 363 quemlibet
1073 310 1168 355 rorem
1183 308 1319 372 superant

729 366 874 419 nocturnae
896 363 1197 435 lacrymae,etc011tra
1219 389 1320 431 concu-

727 431 896 517 piscentiam
921 422 1027 505 valent,
1045 444 1073 495 et
1093 441 1248 521 qixcculilxct
1272 450 1315 503 tu·

728 519 846 561 morem.
867 508 896 562 Si
922 523 989 564 vero
1019 510 1153 580 prcolxcto
1176 531 1239 571 rore
1257 533 1315 573 non

727 574 857 631 foveatur
871 578 967 647 homo,
983 581 1086 639 arescit
1105 586 1157 640 snb
1171 586 1228 641 die.
1245 588 1316 655 Qua·

726 653 843 718 propter
855 663 920 705 ores
934 657 1029 719 noctu,
1043 658 1072 709 ct
1090 658 1224 713 ostendas
1240 660 1317 741 quod

727 734 784 774 mm
804 719 896 801 solum
915 722 952 778 ad
979 740 1081 795 corpus
1103 743 1157 783 nox
1179 735 1314 801 pertinet,

726 789 775 845 sed
790 798 876 849 otiam
894 793 929 849 ad
956 793 1098 853 animam!
1116 820 1129 847 »
1149 801 1209 856 lnec
1231 804 1285 859 Gbr
1308 835 1318 845 ·

725 867 868 944 sostomus.
900 864 950 933 Qui
985 883 1053 937 crgo
1080 870 1169 925 Deum
1205 821 1315 931 orange

725 940 836 1003 thzent,
853 944 1052 1009 exsurgentem
1068 941 1217 1011 strepitum
1237 944 1317 1001 vitio·

725 1020 787 1084 ruxu
811 1009 1008 1076 p1·cuxens,ad
1034 1015 1183 1081 superiora
1201 1030 1316 1087 progre-

724 1075 829 1145 diatur,
862 1083 891 1133 et
919 1080 955 1135 ad
982 1080 1116 1137 verticem
1144 1085 1316 1145 sublimioris

724 1149 810 1203 cunm
827 1151 973 1218 ascendat,
990 1155 1019 1207 ut
1039 1152 1170 1208 exteriori
1187 1162 1316 1215 cessante

724 1219 900 1289 tunnultu,iu
928 1221 1050 1293 quodam
1076 1224 1178 1280 rueretis
1206 1234 1315 1285 secreto

723 1306 775 1416 sscr
800 1291 912 1349 interna
941 1292 1083 1350 desideria
1103 1295 1221 1352 silenter
1251 1314 1315 1357 cum

749 1361 843 1419 omino
859 1364 1001 1436 loquatur.
1018 1366 1146 1438 Cupicuti
1158 1369 1233 1424 cuim
1250 1386 1315 1429 cum

724 1435 781 1489 Deo
798 1434 886 1505 logui,
902 1441 930 1492 el
946 1438 1170 1494 cormolatiouem
1186 1440 1313 1499 «lisinam

723 1506 892 1577 promereri,
909 1509 1021 1580 expedit
1036 1510 1219 1567 solitudinem
1238 1530 1314 1585 quae-

724 1593 785 1657 cece
800 1583 828 1633 ct
847 1581 1072 1637 consolationem
1093 1583 1247 1641 humanam
1266 1602 1312 1643 re·

722 1647 861 1729 linquere.
882 1652 968 1721 Cujus
988 1654 1146 1725 exemplum
1174 1656 1312 1715 babemus

721 1736 750 1801 m
766 1723 877 1777 tiranno
892 1723 1087 1793 arengalium
1105 1725 1152 1797 qni
1173 1732 1312 1797 qnantum

722 1808 752 1846 m
763 1792 916 1851 solitudine
927 1796 1078 1867 profecerit
1089 1803 1116 1854 et
1130 1797 1253 1856 lucratus
1263 1798 1310 1870 sit,

721 1879 792 1944 pene
805 1866 938 1923 «aturribus
953 1873 1050 1924 notum
1063 1874 1116 1925 est.
1134 1872 1165 1925 lu
1175 1871 1311 1930 l‘athmos

720 1937 841 2017 insulam
857 1938 954 1995 exsilio
979 1942 1121 2011 relegatus
1142 1948 1170 1996 et
1196 1960 1310 2001 consor·

720 2011 758 2063 tro
783 2008 931 2066 homiuum
955 2010 1128 2080 destitutus,
1156 2014 1309 2071 consolati-

718 2094 803 2134 onem
818 2081 992 2151 Angelorum
1008 2082 1174 2153 pcomcruit‚
1189 2090 1217 2139 et
1233 2088 1307 2156 apo

718 2150 865 2220 calppsim,
875 2166 960 2221 qnam
974 2152 999 2207 ci
1016 2153 1153 2208 Doricinus
1169 2169 1219 2223 pro
1233 2160 1309 2213 statu

718 2220 849 2276 Ecclesiae
859 2222 1020 2292 praesentis,
1030 2223 1137 2278 scilicet
1150 2228 1178 2279 ct
1193 2226 1306 2297 lutura,

716 2291 844 2349 revelare
860 2291 1064 2362 dignatusest,
1085 2294 1201 2365 propria
1221 2310 1306 2354 manu

715 2363 838 2433 scripsit.
859 2363 938 2418 Unde
955 2365 1027 2419 llcdu
1043 2384 1050 2418 :
1069 2386 1081 2415 u
1100 2364 1222 2421 llistoria
1239 2373 1308 2424 uota

716 2440 759 2491 est
772 2436 937 2490 Joauucma
952 2435 1112 2491 llomitinno
1122 2436 1233 2492 Cmsare
1243 2453 1307 2508 pro-

716 2511 778 2578 pter
793 2506 977 2576 Ecaxrgclium
1002 2506 1031 2562 iu
1059 2506 1181 2563 insiliam
1197 2508 1306 2580 relega·

715 2585 786 2647 tum,
803 2577 846 2634 cui
862 2582 921 2634 tnm
936 2594 1060 2651 corxgrue
1081 2586 1190 2635 secreta
1208 2579 1306 2638 datum

715 2655 758 2707 est
773 2649 835 2706 coeli
850 2654 1009 2721 penetrare,
1031 2667 1096 2707 cum
1117 2657 1195 2708 certa
1214 2657 1306 2711 terra-

714 2738 776 2778 rum
797 2724 889 2794 spatia
916 2726 1074 2795 negabatur
1100 2726 1245 2781 excedere.
1271 2726 1306 2783 Et

714 2794 819 2851 similia
836 2795 1017 2866 reperiuntur
1035 2796 1070 2853 dc
1086 2797 1214 2869 pluribus
1229 2796 1304 2868 aliis,

714 2868 761 2939 qni
778 2867 888 2923 modico
905 2873 1032 2940 tempore
1052 2870 1114 2940 plus
1128 2868 1225 2925 lucrati
1240 2873 1305 2926 sunt

713 2938 766 2994 soli
787 2955 872 3010 quam
893 2944 952 2995 toto
978 2945 1106 3012 tempore
1127 2956 1178 2995 suo
1203 2940 1304 2996 lucrati

713 3010 818 3066 luerint
844 3011 989 3066 comitatu.
1018 3029 1033 3061 u
1063 3011 1182 3075 Quando
1209 3014 1305 3065 antem

713 3082 841 3138 Christus
871 3083 957 3148 orat,
983 3080 1158 3143 theoricam;
1188 3079 1302 3146 otiando

713 3151 806 3219 docet,
822 3149 976 3222 practicam
997 3148 1082 3203 citam
1102 3148 1247 3216 informat,
1268 3163 1304 3205 ne

713 3221 777 3304 quis
791 3237 843 3293 pro
861 3236 929 3277 cura
952 3218 1082 3292 proximi,
1099 3218 1305 3290 arontcmpla·

712 3291 799 3349 tronis
832 3291 925 3349 studio
953 3295 1123 3362 torpescat;
1154 3290 1209 3356 vel,
1251 3306 1304 3363 pro

712 3364 805 3421 studio
821 3364 924 3420 divinae
935 3360 1194 3432 contemplationis,
1204 3377 1302 3435 qnam-

712 3436 754 3491 vis
774 3435 903 3508 superior
919 3434 966 3505 sit,
987 3433 1107 3506 proximi
1130 3450 1229 3491 curam
1249 3451 1300 3493 nc-

711 3507 811 3581 gligat.
838 3507 915 3564 Unde
943 3508 1090 3562 Arcsclmus
1111 3526 1148 3561 :c
1172 3508 1302 3578 llegnum

712 3582 762 3637 Uer
782 3577 964 3652 praedicando
984 3577 1084 3635 diebus
1111 3593 1176 3634 cum
1195 3579 1300 3651 populo

712 3658 916 3719 commoratur,
941 3654 970 3706 et
999 3651 1177 3706 confluentes
1203 3651 1301 3707 turbas

713 3722 857 3780 miraculis
870 3729 898 3778 et
912 3720 1006 3778 verbis
1020 3721 1157 3792 aedillcat3
1172 3721 1314 3781 noctibus-

712 3799 840 3851 montem
855 3794 1052 3866 frequentans,
1064 3794 1241 3851 orationibus
1255 3807 1302 3848 ra·

712 3871 768 3935 cat,
784 3866 943 3923 admoneus
958 3880 1009 3938 pro
1025 3865 1213 3939 congruentia
1227 3869 1301 3946 tem-

712 3936 790 4010 poris
805 3953 882 3994 nunc
900 3936 1035 4011 proximis
1054 3937 1128 3995 inter
1144 3952 1214 4009 quoa
1232 3934 1301 3990 vim·

713 4024 787 4079 mus,
803 4008 898 4067 verbis
918 4014 946 4067 et
960 4009 1096 4082 exemplis
1115 4024 1166 4081 pro
1184 4004 1300 4062 modulo

714 4088 812 4141 nostre
825 4084 890 4141 vitae
907 4081 982 4141 viam
1001 4083 1207 4147 demonstrare,
1223 4091 1300 4133 nuuc

1266 4334 1319 4386 A
