<?xml version="1.0" encoding="UTF-8"?>
<!DOCTYPE html PUBLIC "-//W3C//DTD XHTML 1.0 Transitional//EN"
    "http://www.w3.org/TR/xhtml1/DTD/xhtml1-transitional.dtd">
<html xmlns="http://www.w3.org/1999/xhtml" xml:lang="en" lang="en">
 <head>
  <title>
</title>
<meta http-equiv="Content-Type" content="text/html;charset=utf-8" />
  <meta name='ocr-system' content='tesseract 3.04.00' />
  <meta name='ocr-capabilities' content='ocr_page ocr_carea ocr_par ocr_line ocrx_word'/>
</head>
<body>
  <div class='ocr_page' id='page_1' title='image "./vitajesuchristi02ludogoog_0276.png"; bbox 0 0 2790 4912; ppageno 0'>
   <div class='ocr_carea' id='block_1_1' title="bbox 101 183 150 236">
    <p class='ocr_par' dir='ltr' id='par_1_1' title="bbox 101 183 150 236">
     <span class='ocr_line' id='line_1_1' title="bbox 101 183 150 236; baseline 0 0"><span class='ocrx_word' id='word_1_1' title='bbox 101 183 150 236; x_wconf 75' lang='lat' dir='ltr'><strong>ael</strong></span> 
     </span>
    </p>
   </div>
   <div class='ocr_carea' id='block_1_2' title="bbox 105 282 725 1854">
    <p class='ocr_par' dir='ltr' id='par_1_2' title="bbox 105 282 725 1854">
     <span class='ocr_line' id='line_1_2' title="bbox 106 282 724 361; baseline -0.015 -15"><span class='ocrx_word' id='word_1_2' title='bbox 106 303 170 360; x_wconf 82' lang='lat' dir='ltr'><strong>quae</strong></span> <span class='ocrx_word' id='word_1_3' title='bbox 183 290 250 343; x_wconf 86' lang='lat' dir='ltr'><strong>sunl</strong></span> <span class='ocrx_word' id='word_1_4' title='bbox 271 285 302 342; x_wconf 89' lang='lat' dir='ltr'><strong>in</strong></span> <span class='ocrx_word' id='word_1_5' title='bbox 326 283 443 353; x_wconf 79' lang='lat' dir='ltr'><strong>divitiis,</strong></span> <span class='ocrx_word' id='word_1_6' title='bbox 458 282 578 352; x_wconf 72' lang='lat' dir='ltr'><strong>deliciis,</strong></span> <span class='ocrx_word' id='word_1_7' title='bbox 595 288 624 340; x_wconf 87' lang='lat' dir='ltr'><strong>et</strong></span> <span class='ocrx_word' id='word_1_8' title='bbox 639 284 693 339; x_wconf 90' lang='lat' dir='ltr'><strong>ho·</strong></span> <span class='ocrx_word' id='word_1_9' title='bbox 722 299 724 361; x_wconf 71' lang='lat'>3</span> 
     </span>
     <span class='ocr_line' id='line_1_3' title="bbox 105 353 724 417; baseline -0.015 0"><span class='ocrx_word' id='word_1_10' title='bbox 105 359 224 417; x_wconf 83' lang='lat' dir='ltr'><strong>neribus</strong></span> <span class='ocrx_word' id='word_1_11' title='bbox 239 362 433 415; x_wconf 87' lang='lat' dir='ltr'><strong>contemnens.</strong></span> <span class='ocrx_word' id='word_1_12' title='bbox 453 357 486 410; x_wconf 82' lang='lat' dir='ltr'><strong>Et</strong></span> <span class='ocrx_word' id='word_1_13' title='bbox 512 354 576 410; x_wconf 87' lang='lat' dir='ltr'><strong>ideo</strong></span> <span class='ocrx_word' id='word_1_14' title='bbox 604 353 692 410; x_wconf 88' lang='lat' dir='ltr'><strong>beati·</strong></span> <span class='ocrx_word' id='word_1_15' title='bbox 722 366 724 407; x_wconf 73' lang='grc' dir='ltr'>ε</span> 
     </span>
     <span class='ocr_line' id='line_1_4' title="bbox 106 412 724 504; baseline -0.011 -18"><span class='ocrx_word' id='word_1_16' title='bbox 106 431 174 488; x_wconf 90' lang='lat' dir='ltr'><strong>tudo</strong></span> <span class='ocrx_word' id='word_1_17' title='bbox 191 429 245 485; x_wconf 89' lang='lat' dir='ltr'><strong>isla</strong></span> <span class='ocrx_word' id='word_1_18' title='bbox 268 433 362 501; x_wconf 88' lang='lat' dir='ltr'><strong>potest</strong></span> <span class='ocrx_word' id='word_1_19' title='bbox 382 425 501 497; x_wconf 81' lang='lat' dir='ltr'><strong>intelligi</strong></span> <span class='ocrx_word' id='word_1_20' title='bbox 517 425 691 497; x_wconf 80' lang='lat' dir='ltr'>dupliciter:</span> <span class='ocrx_word' id='word_1_21' title='bbox 722 412 724 504; x_wconf 61' lang='grc' dir='ltr'>ξ</span> 
     </span>
     <span class='ocr_line' id='line_1_5' title="bbox 105 496 724 571; baseline -0.016 -12"><span class='ocrx_word' id='word_1_22' title='bbox 105 519 161 559; x_wconf 92' lang='lat' dir='ltr'><strong>uno</strong></span> <span class='ocrx_word' id='word_1_23' title='bbox 178 502 261 558; x_wconf 92' lang='lat' dir='ltr'><strong>modo</strong></span> <span class='ocrx_word' id='word_1_24' title='bbox 278 515 331 571; x_wconf 90' lang='lat' dir='ltr'><strong>pro</strong></span> <span class='ocrx_word' id='word_1_25' title='bbox 351 503 516 568; x_wconf 87' lang='lat' dir='ltr'><strong>contemptu</strong></span> <span class='ocrx_word' id='word_1_26' title='bbox 529 496 693 552; x_wconf 79' lang='lat' dir='ltr'><strong>divitiarum</strong></span> <span class='ocrx_word' id='word_1_27' title='bbox 722 512 724 517; x_wconf 56' lang='lat'><strong>⁴</strong></span> 
     </span>
     <span class='ocr_line' id='line_1_6' title="bbox 106 567 724 640; baseline -0.008 -10"><span class='ocrx_word' id='word_1_28' title='bbox 106 579 136 630; x_wconf 89' lang='lat' dir='ltr'><strong>et</strong></span> <span class='ocrx_word' id='word_1_29' title='bbox 159 570 315 629; x_wconf 92' lang='lat' dir='ltr'><strong>carnalium</strong></span> <span class='ocrx_word' id='word_1_30' title='bbox 340 569 536 640; x_wconf 80' lang='lat' dir='ltr'><strong>voluptatum3</strong></span> <span class='ocrx_word' id='word_1_31' title='bbox 558 567 692 635; x_wconf 87' lang='lat' dir='ltr'><strong>serundo,</strong></span> <span class='ocrx_word' id='word_1_32' title='bbox 722 568 724 625; x_wconf 77' lang='grc' dir='ltr'>ἶ</span> 
     </span>
     <span class='ocr_line' id='line_1_7' title="bbox 126 638 724 712; baseline -0.013 -12"><span class='ocrx_word' id='word_1_33' title='bbox 126 660 158 700; x_wconf 91' lang='lat' dir='ltr'><strong>ro</strong></span> <span class='ocrx_word' id='word_1_34' title='bbox 174 646 337 712; x_wconf 82' lang='lat' dir='ltr'><strong>contemptu</strong></span> <span class='ocrx_word' id='word_1_35' title='bbox 356 640 399 697; x_wconf 91' lang='lat' dir='ltr'><strong>sui</strong></span> <span class='ocrx_word' id='word_1_36' title='bbox 416 645 444 696; x_wconf 88' lang='lat' dir='ltr'><strong>et</strong></span> <span class='ocrx_word' id='word_1_37' title='bbox 455 638 578 710; x_wconf 75' lang='lat' dir='ltr'><strong>propriae</strong></span> <span class='ocrx_word' id='word_1_38' title='bbox 603 638 691 694; x_wconf 79' lang='lat' dir='ltr'><strong>excel·</strong></span> <span class='ocrx_word' id='word_1_39' title='bbox 722 644 724 662; x_wconf 76' lang='lat'>³</span> 
     </span>
     <span class='ocr_line' id='line_1_8' title="bbox 105 660 724 781; baseline -0.011 -10"><span class='ocrx_word' id='word_1_40' title='bbox 105 660 251 781; x_wconf 56' lang='lat' dir='ltr'><strong>femimut</strong></span> <span class='ocrx_word' id='word_1_41' title='bbox 267 718 354 768; x_wconf 85' lang='lat' dir='ltr'><strong>etiam</strong></span> <span class='ocrx_word' id='word_1_42' title='bbox 367 713 460 767; x_wconf 89' lang='lat' dir='ltr'><strong>bonus</strong></span> <span class='ocrx_word' id='word_1_43' title='bbox 476 726 506 766; x_wconf 93' lang='lat' dir='ltr'><strong>se</strong></span> <span class='ocrx_word' id='word_1_44' title='bbox 523 709 652 766; x_wconf 87' lang='lat' dir='ltr'><strong>inutilem</strong></span> <span class='ocrx_word' id='word_1_45' title='bbox 667 713 696 765; x_wconf 90' lang='lat' dir='ltr'><strong>et</strong></span> <span class='ocrx_word' id='word_1_46' title='bbox 722 703 724 753; x_wconf 72' lang='grc' dir='ltr'>ἶ</span> 
     </span>
     <span class='ocr_line' id='line_1_9' title="bbox 106 781 724 855; baseline -0.002 -13"><span class='ocrx_word' id='word_1_47' title='bbox 106 787 208 843; x_wconf 87' lang='lat' dir='ltr'><strong>ceteris</strong></span> <span class='ocrx_word' id='word_1_48' title='bbox 236 789 349 855; x_wconf 90' lang='lat' dir='ltr'><strong>reputet</strong></span> <span class='ocrx_word' id='word_1_49' title='bbox 377 781 551 838; x_wconf 85' lang='lat' dir='ltr'><strong>interiorem.</strong></span> <span class='ocrx_word' id='word_1_50' title='bbox 568 783 697 838; x_wconf 88' lang='lat' dir='ltr'><strong>Conlem·</strong></span> <span class='ocrx_word' id='word_1_51' title='bbox 722 790 724 841; x_wconf 77' lang='grc' dir='ltr'>ἰ</span> 
     </span>
     <span class='ocr_line' id='line_1_10' title="bbox 105 852 724 930; baseline -0.011 -17"><span class='ocrx_word' id='word_1_52' title='bbox 105 861 172 930; x_wconf 84' lang='lat' dir='ltr'><strong>ptus</strong></span> <span class='ocrx_word' id='word_1_53' title='bbox 204 863 299 912; x_wconf 89' lang='lat' dir='ltr'><strong>aulem</strong></span> <span class='ocrx_word' id='word_1_54' title='bbox 324 853 486 909; x_wconf 84' lang='lat' dir='ltr'><strong>diviliarum</strong></span> <span class='ocrx_word' id='word_1_55' title='bbox 513 852 639 910; x_wconf 90' lang='lat' dir='ltr'><strong>nasrilur</strong></span> <span class='ocrx_word' id='word_1_56' title='bbox 663 869 696 907; x_wconf 83' lang='lat' dir='ltr'><strong>ex</strong></span> <span class='ocrx_word' id='word_1_57' title='bbox 722 916 724 921; x_wconf 10' lang='lat' dir='ltr'>y</span> 
     </span>
     <span class='ocr_line' id='line_1_11' title="bbox 106 924 724 998; baseline -0.011 -13"><span class='ocrx_word' id='word_1_58' title='bbox 106 932 269 998; x_wconf 87' lang='lat' dir='ltr'><strong>contemptu</strong></span> <span class='ocrx_word' id='word_1_59' title='bbox 285 925 327 981; x_wconf 92' lang='lat' dir='ltr'><strong>sui</strong></span> <span class='ocrx_word' id='word_1_60' title='bbox 343 925 412 996; x_wconf 86' lang='lat' dir='ltr'><strong>:qui</strong></span> <span class='ocrx_word' id='word_1_61' title='bbox 424 924 500 980; x_wconf 91' lang='lat' dir='ltr'><strong>enim</strong></span> <span class='ocrx_word' id='word_1_62' title='bbox 513 924 651 980; x_wconf 79' lang='lat' dir='ltr'><strong>veraciter</strong></span> <span class='ocrx_word' id='word_1_63' title='bbox 666 931 696 980; x_wconf 89' lang='lat' dir='ltr'><strong>et</strong></span> <span class='ocrx_word' id='word_1_64' title='bbox 722 984 724 989; x_wconf 24' lang='lat'><strong>⁴</strong></span> 
     </span>
     <span class='ocr_line' id='line_1_12' title="bbox 106 998 724 1069; baseline -0.013 -13"><span class='ocrx_word' id='word_1_65' title='bbox 106 998 253 1056; x_wconf 90' lang='lat' dir='ltr'><strong>humiliter</strong></span> <span class='ocrx_word' id='word_1_66' title='bbox 277 1002 393 1069; x_wconf 89' lang='lat' dir='ltr'><strong>propter</strong></span> <span class='ocrx_word' id='word_1_67' title='bbox 416 998 503 1052; x_wconf 87' lang='lat' dir='ltr'><strong>Deum</strong></span> <span class='ocrx_word' id='word_1_68' title='bbox 519 1012 549 1051; x_wconf 90' lang='lat' dir='ltr'><strong>se</strong></span> <span class='ocrx_word' id='word_1_69' title='bbox 569 1001 695 1051; x_wconf 86' lang='lat' dir='ltr'><strong>centem·</strong></span> <span class='ocrx_word' id='word_1_70' title='bbox 722 1004 724 1033; x_wconf 75' lang='lat'>²</span> 
     </span>
     <span class='ocr_line' id='line_1_13' title="bbox 107 1068 695 1141; baseline -0.009 -15"><span class='ocrx_word' id='word_1_71' title='bbox 107 1071 160 1137; x_wconf 91' lang='lat' dir='ltr'><strong>nit,</strong></span> <span class='ocrx_word' id='word_1_72' title='bbox 176 1068 355 1141; x_wconf 88' lang='lat' dir='ltr'><strong>temporalia,</strong></span> <span class='ocrx_word' id='word_1_73' title='bbox 371 1072 562 1138; x_wconf 71' lang='lat' dir='ltr'><strong>quapropter</strong></span> <span class='ocrx_word' id='word_1_74' title='bbox 576 1084 605 1122; x_wconf 92' lang='lat' dir='ltr'><strong>se</strong></span> <span class='ocrx_word' id='word_1_75' title='bbox 618 1071 695 1132; x_wconf 91' lang='lat' dir='ltr'><strong>suut,</strong></span> 
     </span>
     <span class='ocr_line' id='line_1_14' title="bbox 108 1138 724 1205; baseline -0.008 -8"><span class='ocrx_word' id='word_1_76' title='bbox 108 1140 229 1198; x_wconf 78' lang='lat' dir='ltr'><strong>faciliter</strong></span> <span class='ocrx_word' id='word_1_77' title='bbox 253 1139 339 1196; x_wconf 91' lang='lat' dir='ltr'><strong>etiam</strong></span> <span class='ocrx_word' id='word_1_78' title='bbox 366 1138 544 1205; x_wconf 79' lang='lat' dir='ltr'><strong>comtemnit3</strong></span> <span class='ocrx_word' id='word_1_79' title='bbox 561 1154 613 1195; x_wconf 89' lang='lat' dir='ltr'><strong>nee</strong></span> <span class='ocrx_word' id='word_1_80' title='bbox 633 1154 695 1193; x_wconf 85' lang='lat' dir='ltr'><strong>ma·</strong></span> <span class='ocrx_word' id='word_1_81' title='bbox 722 1154 724 1171; x_wconf 53' lang='lat'>¹</span> 
     </span>
     <span class='ocr_line' id='line_1_15' title="bbox 108 1209 696 1295; baseline -0.01 -25"><span class='ocrx_word' id='word_1_82' title='bbox 108 1229 166 1295; x_wconf 71' lang='lat' dir='ltr'><strong>gno</strong></span> <span class='ocrx_word' id='word_1_83' title='bbox 186 1211 277 1294; x_wconf 88' lang='lat' dir='ltr'><strong>prelio</strong></span> <span class='ocrx_word' id='word_1_84' title='bbox 297 1213 436 1266; x_wconf 82' lang='lat' dir='ltr'><strong>exteriora</strong></span> <span class='ocrx_word' id='word_1_85' title='bbox 453 1209 584 1271; x_wconf 74' lang='lat' dir='ltr'><strong>aestimat.</strong></span> <span class='ocrx_word' id='word_1_86' title='bbox 603 1209 696 1280; x_wconf 85' lang='lat' dir='ltr'><strong>quise</strong></span> 
     </span>
     <span class='ocr_line' id='line_1_16' title="bbox 112 1281 725 1353; baseline -0.008 -13"><span class='ocrx_word' id='word_1_87' title='bbox 112 1289 231 1341; x_wconf 84' lang='lat' dir='ltr'><strong>interius</strong></span> <span class='ocrx_word' id='word_1_88' title='bbox 249 1299 306 1339; x_wconf 91' lang='lat' dir='ltr'><strong>non</strong></span> <span class='ocrx_word' id='word_1_89' title='bbox 321 1288 410 1338; x_wconf 89' lang='lat' dir='ltr'><strong>rurat.</strong></span> <span class='ocrx_word' id='word_1_90' title='bbox 426 1281 471 1338; x_wconf 83' lang='lat' dir='ltr'><strong>Sic</strong></span> <span class='ocrx_word' id='word_1_91' title='bbox 496 1298 563 1353; x_wconf 78' lang='lat' dir='ltr'><strong>ergo</strong></span> <span class='ocrx_word' id='word_1_92' title='bbox 579 1297 697 1353; x_wconf 88' lang='lat' dir='ltr'><strong>pauper·</strong></span> <span class='ocrx_word' id='word_1_93' title='bbox 723 1288 725 1341; x_wconf 76' lang='grc' dir='ltr'>ἶ</span> 
     </span>
     <span class='ocr_line' id='line_1_17' title="bbox 108 1353 724 1427; baseline -0.011 -15"><span class='ocrx_word' id='word_1_94' title='bbox 108 1361 154 1413; x_wconf 91' lang='lat' dir='ltr'><strong>tas</strong></span> <span class='ocrx_word' id='word_1_95' title='bbox 169 1354 286 1427; x_wconf 90' lang='lat' dir='ltr'><strong>spiritus</strong></span> <span class='ocrx_word' id='word_1_96' title='bbox 303 1353 428 1425; x_wconf 86' lang='lat' dir='ltr'><strong>implicat</strong></span> <span class='ocrx_word' id='word_1_97' title='bbox 447 1355 579 1408; x_wconf 82' lang='lat' dir='ltr'><strong>virtulem</strong></span> <span class='ocrx_word' id='word_1_98' title='bbox 595 1353 695 1408; x_wconf 79' lang='lat' dir='ltr'><strong>volun·</strong></span> <span class='ocrx_word' id='word_1_99' title='bbox 723 1370 724 1379; x_wconf 53' lang='lat'>¹</span> 
     </span>
     <span class='ocr_line' id='line_1_18' title="bbox 108 1423 725 1498; baseline -0.008 -15"><span class='ocrx_word' id='word_1_100' title='bbox 108 1427 189 1484; x_wconf 79' lang='lat' dir='ltr'><strong>tariae</strong></span> <span class='ocrx_word' id='word_1_101' title='bbox 208 1434 323 1498; x_wconf 85' lang='lat' dir='ltr'><strong>propter</strong></span> <span class='ocrx_word' id='word_1_102' title='bbox 339 1425 480 1482; x_wconf 83' lang='lat' dir='ltr'><strong>Christum</strong></span> <span class='ocrx_word' id='word_1_103' title='bbox 512 1423 653 1495; x_wconf 75' lang='lat' dir='ltr'><strong>egestatis,</strong></span> <span class='ocrx_word' id='word_1_104' title='bbox 669 1429 696 1479; x_wconf 93' lang='lat' dir='ltr'><strong>et</strong></span> <span class='ocrx_word' id='word_1_105' title='bbox 723 1458 725 1463; x_wconf 89' lang='lat'><em>·</em></span> 
     </span>
     <span class='ocr_line' id='line_1_19' title="bbox 109 1495 725 1555; baseline -0.011 0"><span class='ocrx_word' id='word_1_106' title='bbox 109 1500 196 1555; x_wconf 87' lang='lat' dir='ltr'><strong>etiam</strong></span> <span class='ocrx_word' id='word_1_107' title='bbox 211 1515 286 1555; x_wconf 75' lang='lat' dir='ltr'><strong>iera</strong></span> <span class='ocrx_word' id='word_1_108' title='bbox 301 1496 477 1553; x_wconf 85' lang='lat' dir='ltr'><strong>humilitatis.</strong></span> <span class='ocrx_word' id='word_1_109' title='bbox 493 1497 526 1551; x_wconf 84' lang='lat' dir='ltr'><strong>Et</strong></span> <span class='ocrx_word' id='word_1_110' title='bbox 541 1495 696 1552; x_wconf 87' lang='lat' dir='ltr'><strong>serundum</strong></span> <span class='ocrx_word' id='word_1_111' title='bbox 723 1513 725 1517; x_wconf 68' lang='grc'>’</span> 
     </span>
     <span class='ocr_line' id='line_1_20' title="bbox 110 1567 725 1639; baseline -0.005 -13"><span class='ocrx_word' id='word_1_112' title='bbox 110 1575 261 1639; x_wconf 87' lang='lat' dir='ltr'><strong>utrumque</strong></span> <span class='ocrx_word' id='word_1_113' title='bbox 275 1569 460 1635; x_wconf 84' lang='lat' dir='ltr'><strong>intellectum,</strong></span> <span class='ocrx_word' id='word_1_114' title='bbox 476 1568 538 1622; x_wconf 79' lang='lat' dir='ltr'><strong>haee</strong></span> <span class='ocrx_word' id='word_1_115' title='bbox 550 1567 695 1623; x_wconf 72' lang='lat' dir='ltr'>beatitudo</span> <span class='ocrx_word' id='word_1_116' title='bbox 723 1612 725 1623; x_wconf 44' lang='lat'>1</span> 
     </span>
     <span class='ocr_line' id='line_1_21' title="bbox 108 1637 725 1717; baseline -0.008 -21"><span class='ocrx_word' id='word_1_117' title='bbox 108 1641 233 1712; x_wconf 92' lang='lat' dir='ltr'><strong>primum</strong></span> <span class='ocrx_word' id='word_1_118' title='bbox 248 1644 327 1696; x_wconf 90' lang='lat' dir='ltr'><strong>tenet</strong></span> <span class='ocrx_word' id='word_1_119' title='bbox 341 1640 443 1695; x_wconf 84' lang='lat' dir='ltr'><strong>locum.</strong></span> <span class='ocrx_word' id='word_1_120' title='bbox 462 1640 622 1695; x_wconf 87' lang='lat' dir='ltr'><strong>Secundum</strong></span> <span class='ocrx_word' id='word_1_121' title='bbox 639 1637 696 1709; x_wconf 89' lang='lat' dir='ltr'><strong>pri·</strong></span> <span class='ocrx_word' id='word_1_122' title='bbox 723 1656 725 1717; x_wconf 57' lang='lat' dir='ltr'>J</span> 
     </span>
     <span class='ocr_line' id='line_1_22' title="bbox 108 1710 725 1782; baseline -0.011 -15"><span class='ocrx_word' id='word_1_123' title='bbox 108 1727 188 1768; x_wconf 93' lang='lat' dir='ltr'><strong>mum</strong></span> <span class='ocrx_word' id='word_1_124' title='bbox 207 1711 321 1782; x_wconf 90' lang='lat' dir='ltr'><strong>quidem</strong></span> <span class='ocrx_word' id='word_1_125' title='bbox 344 1711 531 1777; x_wconf 79' lang='lat' dir='ltr'><strong>intellectum,</strong></span> <span class='ocrx_word' id='word_1_126' title='bbox 545 1710 612 1781; x_wconf 84' lang='lat' dir='ltr'><strong>quia</strong></span> <span class='ocrx_word' id='word_1_127' title='bbox 626 1726 695 1781; x_wconf 87' lang='lat' dir='ltr'><strong>pau·</strong></span> <span class='ocrx_word' id='word_1_128' title='bbox 723 1738 725 1760; x_wconf 59' lang='lat' dir='ltr'><strong>i</strong></span> 
     </span>
     <span class='ocr_line' id='line_1_23' title="bbox 108 1781 696 1854; baseline -0.007 -15"><span class='ocrx_word' id='word_1_129' title='bbox 108 1789 206 1854; x_wconf 88' lang='lat' dir='ltr'><strong>pertas</strong></span> <span class='ocrx_word' id='word_1_130' title='bbox 223 1791 266 1839; x_wconf 90' lang='lat' dir='ltr'><strong>est</strong></span> <span class='ocrx_word' id='word_1_131' title='bbox 285 1782 376 1854; x_wconf 89' lang='lat' dir='ltr'><strong>prima</strong></span> <span class='ocrx_word' id='word_1_132' title='bbox 393 1782 527 1853; x_wconf 88' lang='lat' dir='ltr'><strong>perlerlio</strong></span> <span class='ocrx_word' id='word_1_133' title='bbox 544 1781 696 1837; x_wconf 78' lang='lat' dir='ltr'><strong>volentium</strong></span> 
     </span>
    </p>
   </div>
   <div class='ocr_carea' id='block_1_3' title="bbox 109 1852 726 1925">
    <p class='ocr_par' dir='ltr' id='par_1_3' title="bbox 109 1852 726 1925">
     <span class='ocr_line' id='line_1_24' title="bbox 109 1852 726 1925; baseline -0.008 -14"><span class='ocrx_word' id='word_1_134' title='bbox 109 1854 189 1925; x_wconf 86' lang='lat' dir='ltr'><strong>sequi</strong></span> <span class='ocrx_word' id='word_1_135' title='bbox 212 1855 365 1920; x_wconf 76' lang='lat' dir='ltr'>Christum,</span> <span class='ocrx_word' id='word_1_136' title='bbox 385 1860 412 1908; x_wconf 92' lang='lat' dir='ltr'><strong>et</strong></span> <span class='ocrx_word' id='word_1_137' title='bbox 434 1852 520 1909; x_wconf 88' lang='lat' dir='ltr'><strong>lolius</strong></span> <span class='ocrx_word' id='word_1_138' title='bbox 542 1852 698 1923; x_wconf 88' lang='lat' dir='ltr'><strong>spiritualis</strong></span> <span class='ocrx_word' id='word_1_139' title='bbox 724 1874 726 1893; x_wconf 62' lang='grc' dir='ltr'>ι</span> 
     </span>
    </p>
   </div>
   <div class='ocr_carea' id='block_1_4' title="bbox 109 1924 696 1995">
    <p class='ocr_par' dir='ltr' id='par_1_4' title="bbox 109 1924 696 1995">
     <span class='ocr_line' id='line_1_25' title="bbox 109 1924 696 1995; baseline -0.005 -14"><span class='ocrx_word' id='word_1_140' title='bbox 109 1925 221 1981; x_wconf 84' lang='lat' dir='ltr'><strong>aedilirii</strong></span> <span class='ocrx_word' id='word_1_141' title='bbox 236 1926 461 1980; x_wconf 87' lang='lat' dir='ltr'><strong>tundamentum.</strong></span> <span class='ocrx_word' id='word_1_142' title='bbox 475 1926 535 1978; x_wconf 72' lang='lat' dir='ltr'><strong>lieu</strong></span> <span class='ocrx_word' id='word_1_143' title='bbox 546 1924 620 1979; x_wconf 80' lang='lat' dir='ltr'><strong>ellim</strong></span> <span class='ocrx_word' id='word_1_144' title='bbox 634 1928 696 1995; x_wconf 90' lang='lat' dir='ltr'><strong>pot-</strong></span> 
     </span>
    </p>
   </div>
   <div class='ocr_carea' id='block_1_5' title="bbox 110 1993 726 2065">
    <p class='ocr_par' dir='ltr' id='par_1_5' title="bbox 110 1993 726 2065">
     <span class='ocr_line' id='line_1_26' title="bbox 110 1993 726 2065; baseline -0.016 -13"><span class='ocrx_word' id='word_1_145' title='bbox 110 2000 154 2052; x_wconf 92' lang='lat' dir='ltr'><strong>est</strong></span> <span class='ocrx_word' id='word_1_146' title='bbox 174 1995 302 2064; x_wconf 80' lang='lat' dir='ltr'><strong>expedite</strong></span> <span class='ocrx_word' id='word_1_147' title='bbox 321 1994 399 2063; x_wconf 81' lang='lat' dir='ltr'><strong>sequi</strong></span> <span class='ocrx_word' id='word_1_148' title='bbox 420 1993 560 2050; x_wconf 88' lang='lat' dir='ltr'><strong>Christum</strong></span> <span class='ocrx_word' id='word_1_149' title='bbox 581 2010 699 2065; x_wconf 81' lang='lat' dir='ltr'><strong>pauper·</strong></span> <span class='ocrx_word' id='word_1_150' title='bbox 724 2003 726 2053; x_wconf 72' lang='grc' dir='ltr'><strong><em>ζ</em></strong></span> 
     </span>
    </p>
   </div>
   <div class='ocr_carea' id='block_1_6' title="bbox 109 2063 698 2207">
    <p class='ocr_par' dir='ltr' id='par_1_6' title="bbox 109 2063 698 2207">
     <span class='ocr_line' id='line_1_27' title="bbox 109 2063 698 2135; baseline -0.003 -14"><span class='ocrx_word' id='word_1_151' title='bbox 109 2066 178 2121; x_wconf 90' lang='lat' dir='ltr'><strong>tatis</strong></span> <span class='ocrx_word' id='word_1_152' title='bbox 198 2064 353 2135; x_wconf 78' lang='lat' dir='ltr'><strong>speculum,</strong></span> <span class='ocrx_word' id='word_1_153' title='bbox 368 2063 414 2133; x_wconf 86' lang='lat' dir='ltr'><strong>qui</strong></span> <span class='ocrx_word' id='word_1_154' title='bbox 441 2071 575 2119; x_wconf 86' lang='lat' dir='ltr'><strong>oneratus</strong></span> <span class='ocrx_word' id='word_1_155' title='bbox 595 2071 637 2120; x_wconf 92' lang='lat' dir='ltr'><strong>est</strong></span> <span class='ocrx_word' id='word_1_156' title='bbox 653 2081 698 2120; x_wconf 92' lang='lat' dir='ltr'><strong>re-</strong></span> 
     </span>
     <span class='ocr_line' id='line_1_28' title="bbox 110 2135 698 2207; baseline -0.002 -15"><span class='ocrx_word' id='word_1_157' title='bbox 110 2137 164 2193; x_wconf 92' lang='lat' dir='ltr'><strong>bus</strong></span> <span class='ocrx_word' id='word_1_158' title='bbox 180 2135 393 2207; x_wconf 82' lang='lat' dir='ltr'><strong>temporalibus.</strong></span> <span class='ocrx_word' id='word_1_159' title='bbox 408 2136 463 2191; x_wconf 89' lang='lat' dir='ltr'><strong>Nee</strong></span> <span class='ocrx_word' id='word_1_160' title='bbox 487 2141 529 2190; x_wconf 83' lang='lat' dir='ltr'><strong>est</strong></span> <span class='ocrx_word' id='word_1_161' title='bbox 550 2135 632 2203; x_wconf 88' lang='lat' dir='ltr'><strong>liber,</strong></span> <span class='ocrx_word' id='word_1_162' title='bbox 648 2137 698 2192; x_wconf 92' lang='lat' dir='ltr'><strong>sed</strong></span> 
     </span>
    </p>
   </div>
   <div class='ocr_carea' id='block_1_7' title="bbox 108 2205 727 2693">
    <p class='ocr_par' dir='ltr' id='par_1_7' title="bbox 108 2205 727 2693">
     <span class='ocr_line' id='line_1_29' title="bbox 109 2205 726 2278; baseline -0.003 -15"><span class='ocrx_word' id='word_1_163' title='bbox 109 2223 219 2273; x_wconf 85' lang='lat' dir='ltr'><strong>servus,</strong></span> <span class='ocrx_word' id='word_1_164' title='bbox 235 2206 283 2278; x_wconf 91' lang='lat' dir='ltr'><strong>qui</strong></span> <span class='ocrx_word' id='word_1_165' title='bbox 303 2205 389 2262; x_wconf 85' lang='lat' dir='ltr'><strong>animi</strong></span> <span class='ocrx_word' id='word_1_166' title='bbox 406 2206 587 2262; x_wconf 85' lang='lat' dir='ltr'><strong>allectionem</strong></span> <span class='ocrx_word' id='word_1_167' title='bbox 607 2207 697 2278; x_wconf 70' lang='lat' dir='ltr'><strong>suin·</strong></span> <span class='ocrx_word' id='word_1_168' title='bbox 724 2224 726 2240; x_wconf 67' lang='lat'><strong><em>⁴</em></strong></span> 
     </span>
     <span class='ocr_line' id='line_1_30' title="bbox 109 2277 726 2349; baseline -0.006 -14"><span class='ocrx_word' id='word_1_169' title='bbox 109 2278 149 2335; x_wconf 86' lang='lat' dir='ltr'><strong>eit</strong></span> <span class='ocrx_word' id='word_1_170' title='bbox 173 2278 235 2335; x_wconf 89' lang='lat' dir='ltr'><strong>istis</strong></span> <span class='ocrx_word' id='word_1_171' title='bbox 262 2279 347 2335; x_wconf 90' lang='lat' dir='ltr'><strong>rebus</strong></span> <span class='ocrx_word' id='word_1_172' title='bbox 374 2277 607 2346; x_wconf 84' lang='lat' dir='ltr'><strong>transeuntibus;</strong></span> <span class='ocrx_word' id='word_1_173' title='bbox 636 2279 698 2349; x_wconf 87' lang='lat' dir='ltr'><strong>ejus</strong></span> <span class='ocrx_word' id='word_1_174' title='bbox 724 2312 726 2331; x_wconf 57' lang='lat' dir='ltr'><strong>i</strong></span> 
     </span>
     <span class='ocr_line' id='line_1_31' title="bbox 110 2349 726 2422; baseline -0.002 -15"><span class='ocrx_word' id='word_1_175' title='bbox 110 2350 187 2408; x_wconf 89' lang='lat' dir='ltr'><strong>enim</strong></span> <span class='ocrx_word' id='word_1_176' title='bbox 206 2350 245 2406; x_wconf 90' lang='lat' dir='ltr'><strong>rei</strong></span> <span class='ocrx_word' id='word_1_177' title='bbox 266 2367 350 2422; x_wconf 84' lang='lat' dir='ltr'><strong>quarn</strong></span> <span class='ocrx_word' id='word_1_178' title='bbox 366 2352 521 2406; x_wconf 86' lang='lat' dir='ltr'><strong>allectuose</strong></span> <span class='ocrx_word' id='word_1_179' title='bbox 536 2349 634 2420; x_wconf 77' lang='lat' dir='ltr'>diligo,</span> <span class='ocrx_word' id='word_1_180' title='bbox 653 2365 698 2406; x_wconf 93' lang='lat' dir='ltr'><strong>me</strong></span> <span class='ocrx_word' id='word_1_181' title='bbox 725 2395 726 2406; x_wconf 67' lang='grc'>,</span> 
     </span>
     <span class='ocr_line' id='line_1_32' title="bbox 110 2421 726 2494; baseline -0.005 -15"><span class='ocrx_word' id='word_1_182' title='bbox 110 2438 224 2479; x_wconf 82' lang='lat' dir='ltr'><strong>servum</strong></span> <span class='ocrx_word' id='word_1_183' title='bbox 240 2428 341 2494; x_wconf 90' lang='lat' dir='ltr'><strong>sponte</strong></span> <span class='ocrx_word' id='word_1_184' title='bbox 363 2421 523 2488; x_wconf 67' lang='lat' dir='ltr'><strong>constituo,</strong></span> <span class='ocrx_word' id='word_1_185' title='bbox 537 2428 564 2477; x_wconf 93' lang='lat' dir='ltr'><strong>et</strong></span> <span class='ocrx_word' id='word_1_186' title='bbox 582 2422 645 2477; x_wconf 91' lang='lat' dir='ltr'><strong>ideo</strong></span> <span class='ocrx_word' id='word_1_187' title='bbox 660 2422 699 2476; x_wconf 91' lang='lat' dir='ltr'><strong>ni·</strong></span> <span class='ocrx_word' id='word_1_188' title='bbox 724 2470 726 2491; x_wconf 78' lang='grc'>,</span> 
     </span>
     <span class='ocr_line' id='line_1_33' title="bbox 108 2492 726 2564; baseline -0.002 -15"><span class='ocrx_word' id='word_1_189' title='bbox 108 2492 149 2550; x_wconf 92' lang='lat' dir='ltr'><strong>hil</strong></span> <span class='ocrx_word' id='word_1_190' title='bbox 165 2504 206 2550; x_wconf 88' lang='lat' dir='ltr'><strong>est</strong></span> <span class='ocrx_word' id='word_1_191' title='bbox 220 2495 385 2562; x_wconf 88' lang='lat' dir='ltr'><strong>amandum,</strong></span> <span class='ocrx_word' id='word_1_192' title='bbox 402 2493 454 2549; x_wconf 95' lang='lat' dir='ltr'><strong>nisi</strong></span> <span class='ocrx_word' id='word_1_193' title='bbox 473 2493 534 2564; x_wconf 91' lang='lat' dir='ltr'><strong>ipse</strong></span> <span class='ocrx_word' id='word_1_194' title='bbox 551 2496 635 2561; x_wconf 86' lang='lat' dir='ltr'><strong>Deus,</strong></span> <span class='ocrx_word' id='word_1_195' title='bbox 652 2493 695 2548; x_wconf 83' lang='lat' dir='ltr'><strong>vel</strong></span> <span class='ocrx_word' id='word_1_196' title='bbox 724 2516 726 2533; x_wconf 51' lang='lat' dir='ltr'><strong>l</strong></span> 
     </span>
     <span class='ocr_line' id='line_1_34' title="bbox 108 2560 727 2638; baseline -0.008 -18"><span class='ocrx_word' id='word_1_197' title='bbox 108 2564 187 2621; x_wconf 89' lang='lat' dir='ltr'><strong>aliud</strong></span> <span class='ocrx_word' id='word_1_198' title='bbox 203 2574 319 2638; x_wconf 85' lang='lat' dir='ltr'><strong>propter</strong></span> <span class='ocrx_word' id='word_1_199' title='bbox 332 2566 697 2621; x_wconf 82' lang='lat' dir='ltr'><strong>ileum.UndeAmbrosius:</strong></span> <span class='ocrx_word' id='word_1_200' title='bbox 724 2560 727 2615; x_wconf 72' lang='lat' dir='ltr'><strong>l</strong></span> 
     </span>
     <span class='ocr_line' id='line_1_35' title="bbox 110 2636 727 2693; baseline 0.008 -7"><span class='ocrx_word' id='word_1_201' title='bbox 110 2636 271 2693; x_wconf 87' lang='lat' dir='ltr'><strong>«Primam</strong></span> <span class='ocrx_word' id='word_1_202' title='bbox 298 2637 503 2693; x_wconf 72' lang='lat' dir='ltr'><strong>beatitudinem</strong></span> <span class='ocrx_word' id='word_1_203' title='bbox 528 2638 601 2692; x_wconf 88' lang='lat' dir='ltr'><strong>haue</strong></span> <span class='ocrx_word' id='word_1_204' title='bbox 625 2643 700 2693; x_wconf 90' lang='lat' dir='ltr'><strong>uler-</strong></span> <span class='ocrx_word' id='word_1_205' title='bbox 724 2642 727 2665; x_wconf 54' lang='lat'><strong>⁴&gt;</strong></span> 
     </span>
    </p>
   </div>
   <div class='ocr_carea' id='block_1_8' title="bbox 108 2708 700 3275">
    <p class='ocr_par' dir='ltr' id='par_1_8' title="bbox 108 2708 700 3275">
     <span class='ocr_line' id='line_1_36' title="bbox 110 2708 697 2778; baseline -0.003 -14"><span class='ocrx_word' id='word_1_206' title='bbox 110 2722 164 2777; x_wconf 87' lang='lat' dir='ltr'><strong>que</strong></span> <span class='ocrx_word' id='word_1_207' title='bbox 176 2708 356 2778; x_wconf 84' lang='lat' dir='ltr'><strong>Evangelisla</strong></span> <span class='ocrx_word' id='word_1_208' title='bbox 372 2708 466 2778; x_wconf 84' lang='lat' dir='ltr'><strong>posuit</strong></span> <span class='ocrx_word' id='word_1_209' title='bbox 480 2725 487 2763; x_wconf 75' lang='grc' dir='ltr'><strong><em>ε</em></strong></span> <span class='ocrx_word' id='word_1_210' title='bbox 503 2709 602 2764; x_wconf 79' lang='lat' dir='ltr'><strong>ordine</strong></span> <span class='ocrx_word' id='word_1_211' title='bbox 621 2708 697 2764; x_wconf 90' lang='lat' dir='ltr'><strong>enim</strong></span> 
     </span>
     <span class='ocr_line' id='line_1_37' title="bbox 108 2778 699 2849; baseline 0.005 -17"><span class='ocrx_word' id='word_1_212' title='bbox 108 2778 202 2849; x_wconf 89' lang='lat' dir='ltr'><strong>prima</strong></span> <span class='ocrx_word' id='word_1_213' title='bbox 224 2786 277 2845; x_wconf 90' lang='lat' dir='ltr'><strong>est,</strong></span> <span class='ocrx_word' id='word_1_214' title='bbox 294 2784 323 2833; x_wconf 89' lang='lat' dir='ltr'><strong>et</strong></span> <span class='ocrx_word' id='word_1_215' title='bbox 347 2795 450 2849; x_wconf 88' lang='lat' dir='ltr'><strong>pareus</strong></span> <span class='ocrx_word' id='word_1_216' title='bbox 469 2780 598 2849; x_wconf 78' lang='lat' dir='ltr'><strong>quadam</strong></span> <span class='ocrx_word' id='word_1_217' title='bbox 616 2796 699 2849; x_wconf 76' lang='lat' dir='ltr'><strong>gerre-</strong></span> 
     </span>
     <span class='ocr_line' id='line_1_38' title="bbox 109 2848 699 2920; baseline 0.003 -16"><span class='ocrx_word' id='word_1_218' title='bbox 109 2848 239 2920; x_wconf 78' lang='lat' dir='ltr'><strong>ratioque</strong></span> <span class='ocrx_word' id='word_1_219' title='bbox 251 2848 387 2904; x_wconf 85' lang='lat' dir='ltr'><strong>virtulum</strong></span> <span class='ocrx_word' id='word_1_220' title='bbox 400 2867 408 2915; x_wconf 88' lang='grc'><strong>;</strong></span> <span class='ocrx_word' id='word_1_221' title='bbox 421 2848 498 2919; x_wconf 84' lang='lat' dir='ltr'><strong>quia,</strong></span> <span class='ocrx_word' id='word_1_222' title='bbox 515 2850 561 2919; x_wconf 87' lang='lat' dir='ltr'><strong>qui</strong></span> <span class='ocrx_word' id='word_1_223' title='bbox 576 2858 699 2907; x_wconf 86' lang='lat' dir='ltr'><strong>rontem-</strong></span> 
     </span>
     <span class='ocr_line' id='line_1_39' title="bbox 109 2918 700 2989; baseline 0.007 -16"><span class='ocrx_word' id='word_1_224' title='bbox 109 2920 200 2989; x_wconf 86' lang='lat' dir='ltr'><strong>pserit</strong></span> <span class='ocrx_word' id='word_1_225' title='bbox 215 2919 364 2987; x_wconf 88' lang='lat' dir='ltr'><strong>secularia,</strong></span> <span class='ocrx_word' id='word_1_226' title='bbox 386 2918 446 2989; x_wconf 89' lang='lat' dir='ltr'><strong>ipse</strong></span> <span class='ocrx_word' id='word_1_227' title='bbox 458 2922 616 2976; x_wconf 88' lang='lat' dir='ltr'><strong>merebitur</strong></span> <span class='ocrx_word' id='word_1_228' title='bbox 629 2939 700 2977; x_wconf 89' lang='lat' dir='ltr'><strong>sem-</strong></span> 
     </span>
     <span class='ocr_line' id='line_1_40' title="bbox 109 2987 698 3113; baseline 0.005 -70"><span class='ocrx_word' id='word_1_229' title='bbox 109 2987 232 3060; x_wconf 89' lang='lat' dir='ltr'><strong>piterna.</strong></span> <span class='ocrx_word' id='word_1_230' title='bbox 252 2991 308 3043; x_wconf 87' lang='lat' dir='ltr'><strong>Nee</strong></span> <span class='ocrx_word' id='word_1_231' title='bbox 327 2993 420 3113; x_wconf 63' lang='lat' dir='ltr'><strong>&#39;retest</strong></span> <span class='ocrx_word' id='word_1_232' title='bbox 440 2988 590 3059; x_wconf 84' lang='lat' dir='ltr'><strong>quisquam</strong></span> <span class='ocrx_word' id='word_1_233' title='bbox 613 2993 698 3046; x_wconf 85' lang='lat' dir='ltr'><strong>meri-</strong></span> 
     </span>
     <span class='ocr_line' id='line_1_41' title="bbox 110 3058 699 3132; baseline 0.002 -16"><span class='ocrx_word' id='word_1_234' title='bbox 110 3063 171 3116; x_wconf 90' lang='lat' dir='ltr'><strong>tum</strong></span> <span class='ocrx_word' id='word_1_235' title='bbox 188 3058 268 3130; x_wconf 82' lang='lat' dir='ltr'><strong>regni</strong></span> <span class='ocrx_word' id='word_1_236' title='bbox 281 3075 323 3114; x_wconf 81' lang='lat' dir='ltr'><strong>roe</strong></span> <span class='ocrx_word' id='word_1_237' title='bbox 337 3058 404 3114; x_wconf 88' lang='lat' dir='ltr'><strong>estis</strong></span> <span class='ocrx_word' id='word_1_238' title='bbox 415 3059 543 3131; x_wconf 85' lang='lat' dir='ltr'><strong>adipisci,</strong></span> <span class='ocrx_word' id='word_1_239' title='bbox 560 3060 606 3132; x_wconf 83' lang='lat' dir='ltr'><strong>qui</strong></span> <span class='ocrx_word' id='word_1_240' title='bbox 616 3078 699 3118; x_wconf 83' lang='lat' dir='ltr'><strong>muri-</strong></span> 
     </span>
     <span class='ocr_line' id='line_1_42' title="bbox 110 3129 698 3202; baseline 0.003 -15"><span class='ocrx_word' id='word_1_241' title='bbox 110 3129 626 3202; x_wconf 85' lang='lat' dir='ltr'><strong>dieupiditalepossessusemergendi</strong></span> <span class='ocrx_word' id='word_1_242' title='bbox 643 3150 698 3189; x_wconf 90' lang='lat' dir='ltr'><strong>non</strong></span> 
     </span>
     <span class='ocr_line' id='line_1_43' title="bbox 108 3202 699 3275; baseline 0.003 -16"><span class='ocrx_word' id='word_1_243' title='bbox 108 3202 196 3261; x_wconf 87' lang='lat' dir='ltr'><strong>habel</strong></span> <span class='ocrx_word' id='word_1_244' title='bbox 216 3202 413 3259; x_wconf 82' lang='lat' dir='ltr'><strong>facultatem.»</strong></span> <span class='ocrx_word' id='word_1_245' title='bbox 443 3202 577 3260; x_wconf 83' lang='lat' dir='ltr'><strong>Similiter</strong></span> <span class='ocrx_word' id='word_1_246' title='bbox 605 3207 699 3275; x_wconf 77' lang='lat' dir='ltr'><strong>qutlad</strong></span> 
     </span>
    </p>
   </div>
   <div class='ocr_carea' id='block_1_9' title="bbox 105 3418 724 4205">
    <p class='ocr_par' dir='ltr' id='par_1_9' title="bbox 105 3418 724 4205">
     <span class='ocr_line' id='line_1_44' title="bbox 108 3418 697 3490; baseline 0.003 -16"><span class='ocrx_word' id='word_1_247' title='bbox 108 3419 216 3476; x_wconf 86' lang='lat' dir='ltr'><strong>sriieet</strong></span> <span class='ocrx_word' id='word_1_248' title='bbox 244 3419 395 3490; x_wconf 73' lang='lat' dir='ltr'><strong>superbire,</strong></span> <span class='ocrx_word' id='word_1_249' title='bbox 411 3435 474 3490; x_wconf 76' lang='lat' dir='ltr'><strong>quae</strong></span> <span class='ocrx_word' id='word_1_250' title='bbox 501 3418 577 3475; x_wconf 91' lang='lat' dir='ltr'><strong>inter</strong></span> <span class='ocrx_word' id='word_1_251' title='bbox 601 3420 697 3476; x_wconf 90' lang='lat' dir='ltr'><strong>omnia</strong></span> 
     </span>
     <span class='ocr_line' id='line_1_45' title="bbox 109 3488 724 3563; baseline 0.01 -21"><span class='ocrx_word' id='word_1_252' title='bbox 109 3488 177 3545; x_wconf 80' lang='lat' dir='ltr'><strong>uitia</strong></span> <span class='ocrx_word' id='word_1_253' title='bbox 196 3495 275 3545; x_wconf 89' lang='lat' dir='ltr'><strong>leuet</strong></span> <span class='ocrx_word' id='word_1_254' title='bbox 312 3489 514 3562; x_wconf 83' lang='lat' dir='ltr'><strong>principatum.</strong></span> <span class='ocrx_word' id='word_1_255' title='bbox 542 3492 620 3547; x_wconf 83' lang='lat' dir='ltr'><strong>Unde</strong></span> <span class='ocrx_word' id='word_1_256' title='bbox 636 3494 695 3547; x_wconf 83' lang='lat' dir='ltr'><strong>Ao·</strong></span> <span class='ocrx_word' id='word_1_257' title='bbox 720 3490 724 3563; x_wconf 55' lang='lat' dir='ltr'><em>g</em></span> 
     </span>
     <span class='ocr_line' id='line_1_46' title="bbox 106 3561 723 3635; baseline 0.008 -21"><span class='ocrx_word' id='word_1_258' title='bbox 106 3563 235 3628; x_wconf 80' lang='lat' dir='ltr'><strong>pastione</strong></span> <span class='ocrx_word' id='word_1_259' title='bbox 255 3579 264 3614; x_wconf 75' lang='grc' dir='ltr'><strong><em>ε</em></strong></span> <span class='ocrx_word' id='word_1_260' title='bbox 284 3584 298 3611; x_wconf 92' lang='lat'>«</span> <span class='ocrx_word' id='word_1_261' title='bbox 319 3564 403 3618; x_wconf 83' lang='lat' dir='ltr'><strong>Recte</strong></span> <span class='ocrx_word' id='word_1_262' title='bbox 422 3561 469 3618; x_wconf 89' lang='lat' dir='ltr'><strong>hie</strong></span> <span class='ocrx_word' id='word_1_263' title='bbox 496 3562 696 3634; x_wconf 81' lang='lat' dir='ltr'><strong>intelliguntur</strong></span> <span class='ocrx_word' id='word_1_264' title='bbox 720 3588 723 3635; x_wconf 64' lang='lat' dir='ltr'><strong>p</strong></span> 
     </span>
     <span class='ocr_line' id='line_1_47' title="bbox 106 3632 722 3756; baseline 0.01 -72"><span class='ocrx_word' id='word_1_265' title='bbox 106 3644 246 3756; x_wconf 59' lang='lat' dir='ltr'><strong>Bauperes</strong></span> <span class='ocrx_word' id='word_1_266' title='bbox 260 3632 371 3702; x_wconf 87' lang='lat' dir='ltr'><strong>spiritu,</strong></span> <span class='ocrx_word' id='word_1_267' title='bbox 386 3633 508 3689; x_wconf 87' lang='lat' dir='ltr'><strong>humiles</strong></span> <span class='ocrx_word' id='word_1_268' title='bbox 519 3639 548 3689; x_wconf 90' lang='lat' dir='ltr'><strong>et</strong></span> <span class='ocrx_word' id='word_1_269' title='bbox 558 3637 694 3690; x_wconf 87' lang='lat' dir='ltr'><strong>limentes</strong></span> <span class='ocrx_word' id='word_1_270' title='bbox 720 3662 722 3695; x_wconf 86' lang='lat'>;</span> 
     </span>
     <span class='ocr_line' id='line_1_48' title="bbox 133 3702 722 3773; baseline 0.008 -17"><span class='ocrx_word' id='word_1_271' title='bbox 133 3716 208 3766; x_wconf 92' lang='lat' dir='ltr'><strong>eum,</strong></span> <span class='ocrx_word' id='word_1_272' title='bbox 224 3702 252 3756; x_wconf 87' lang='lat' dir='ltr'><strong>id</strong></span> <span class='ocrx_word' id='word_1_273' title='bbox 268 3709 386 3772; x_wconf 89' lang='lat' dir='ltr'><strong>est‚non</strong></span> <span class='ocrx_word' id='word_1_274' title='bbox 400 3705 538 3762; x_wconf 88' lang='lat' dir='ltr'><strong>habentes</strong></span> <span class='ocrx_word' id='word_1_275' title='bbox 549 3704 694 3761; x_wconf 88' lang='lat' dir='ltr'><strong>inllautem</strong></span> <span class='ocrx_word' id='word_1_276' title='bbox 719 3720 722 3773; x_wconf 63' lang='lat' dir='ltr'><strong>t</strong></span> 
     </span>
     <span class='ocr_line' id='line_1_49' title="bbox 106 3770 721 3842; baseline 0.007 -15"><span class='ocrx_word' id='word_1_277' title='bbox 106 3770 236 3842; x_wconf 85' lang='lat' dir='ltr'><strong>spiritum</strong></span> <span class='ocrx_word' id='word_1_278' title='bbox 255 3790 262 3840; x_wconf 89' lang='lat'>;</span> <span class='ocrx_word' id='word_1_279' title='bbox 283 3790 336 3829; x_wconf 89' lang='lat' dir='ltr'><strong>nee</strong></span> <span class='ocrx_word' id='word_1_280' title='bbox 350 3774 465 3832; x_wconf 81' lang='lat' dir='ltr'><strong>aliunde</strong></span> <span class='ocrx_word' id='word_1_281' title='bbox 485 3781 601 3832; x_wconf 85' lang='lat' dir='ltr'><strong>omniuo</strong></span> <span class='ocrx_word' id='word_1_282' title='bbox 620 3776 693 3832; x_wconf 89' lang='lat' dir='ltr'><strong>inci·</strong></span> <span class='ocrx_word' id='word_1_283' title='bbox 719 3816 721 3831; x_wconf 52' lang='lat' dir='ltr'><strong>i</strong></span> 
     </span>
     <span class='ocr_line' id='line_1_50' title="bbox 106 3847 720 3969; baseline 0.01 -72"><span class='ocrx_word' id='word_1_284' title='bbox 106 3856 174 3969; x_wconf 61' lang='lat' dir='ltr'><strong>gere</strong></span> <span class='ocrx_word' id='word_1_285' title='bbox 189 3848 314 3915; x_wconf 82' lang='lat' dir='ltr'><strong>oportuit</strong></span> <span class='ocrx_word' id='word_1_286' title='bbox 340 3847 554 3904; x_wconf 87' lang='lat' dir='ltr'><strong>beatitudiuem.</strong></span> <span class='ocrx_word' id='word_1_287' title='bbox 571 3848 617 3905; x_wconf 83' lang='lat' dir='ltr'><strong>Sir</strong></span> <span class='ocrx_word' id='word_1_288' title='bbox 633 3847 693 3918; x_wconf 86' lang='lat' dir='ltr'><strong>qui·</strong></span> <span class='ocrx_word' id='word_1_289' title='bbox 718 3858 720 3903; x_wconf 85' lang='lat' dir='ltr'><strong>l</strong></span> 
     </span>
     <span class='ocr_line' id='line_1_51' title="bbox 120 3906 720 3994; baseline 0.012 -25"><span class='ocrx_word' id='word_1_290' title='bbox 120 3928 172 3994; x_wconf 28' lang='lat' dir='ltr'><strong>‘em</strong></span> <span class='ocrx_word' id='word_1_291' title='bbox 186 3915 349 3985; x_wconf 85' lang='lat' dir='ltr'><strong>pervenitur</strong></span> <span class='ocrx_word' id='word_1_292' title='bbox 369 3918 405 3972; x_wconf 88' lang='lat' dir='ltr'><strong>ad</strong></span> <span class='ocrx_word' id='word_1_293' title='bbox 422 3934 562 3976; x_wconf 91' lang='lat' dir='ltr'><strong>summam</strong></span> <span class='ocrx_word' id='word_1_294' title='bbox 582 3918 692 3991; x_wconf 85' lang='lat' dir='ltr'><strong>sapien·</strong></span> <span class='ocrx_word' id='word_1_295' title='bbox 718 3906 720 3963; x_wconf 55' lang='grc' dir='ltr'>ἕ</span> 
     </span>
     <span class='ocr_line' id='line_1_52' title="bbox 106 3987 719 4062; baseline 0.015 -24"><span class='ocrx_word' id='word_1_296' title='bbox 106 3987 175 4041; x_wconf 85' lang='lat' dir='ltr'><strong>tiam</strong></span> <span class='ocrx_word' id='word_1_297' title='bbox 193 3989 329 4042; x_wconf 74' lang='lat' dir='ltr'><strong>:Initium</strong></span> <span class='ocrx_word' id='word_1_298' title='bbox 349 3988 423 4044; x_wconf 89' lang='lat' dir='ltr'><strong>euim</strong></span> <span class='ocrx_word' id='word_1_299' title='bbox 443 3995 588 4062; x_wconf 76' lang='lat' dir='ltr'><strong>supientia</strong></span> <span class='ocrx_word' id='word_1_300' title='bbox 611 3995 694 4047; x_wconf 79' lang='lat' dir='ltr'><strong>timor</strong></span> <span class='ocrx_word' id='word_1_301' title='bbox 718 4022 719 4033; x_wconf 31' lang='grc' dir='ltr'><strong>κ</strong></span> 
     </span>
     <span class='ocr_line' id='line_1_53' title="bbox 105 4057 718 4128; baseline 0.011 -16"><span class='ocrx_word' id='word_1_302' title='bbox 105 4058 233 4128; x_wconf 75' lang='lat' dir='ltr'><strong>Domini,</strong></span> <span class='ocrx_word' id='word_1_303' title='bbox 264 4057 399 4128; x_wconf 84' lang='lat' dir='ltr'><strong>qnoniam</strong></span> <span class='ocrx_word' id='word_1_304' title='bbox 425 4067 452 4116; x_wconf 92' lang='lat' dir='ltr'><strong>et</strong></span> <span class='ocrx_word' id='word_1_305' title='bbox 476 4079 492 4118; x_wconf 92' lang='lat' dir='ltr'><strong>e</strong></span> <span class='ocrx_word' id='word_1_306' title='bbox 521 4062 691 4120; x_wconf 84' lang='lat' dir='ltr'><strong>contrario:</strong></span> <span class='ocrx_word' id='word_1_307' title='bbox 716 4116 718 4127; x_wconf 67' lang='grc'>,</span> 
     </span>
     <span class='ocr_line' id='line_1_54' title="bbox 105 4128 718 4205; baseline 0.013 -22"><span class='ocrx_word' id='word_1_308' title='bbox 105 4128 220 4188; x_wconf 75' lang='lat' dir='ltr'><strong>britium</strong></span> <span class='ocrx_word' id='word_1_309' title='bbox 243 4132 331 4186; x_wconf 84' lang='lat' dir='ltr'><strong>omnis</strong></span> <span class='ocrx_word' id='word_1_310' title='bbox 361 4134 466 4202; x_wconf 82' lang='lat' dir='ltr'><strong>peceati</strong></span> <span class='ocrx_word' id='word_1_311' title='bbox 489 4135 618 4204; x_wconf 82' lang='lat' dir='ltr'><strong>superbia</strong></span> <span class='ocrx_word' id='word_1_312' title='bbox 641 4134 690 4191; x_wconf 88' lang='lat' dir='ltr'><strong>de·</strong></span> <span class='ocrx_word' id='word_1_313' title='bbox 716 4154 718 4205; x_wconf 84' lang='lat'>;</span> 
     </span>
    </p>
   </div>
   <div class='ocr_carea' id='block_1_10' title="bbox 456 130 992 232">
    <p class='ocr_par' dir='ltr' id='par_1_10' title="bbox 456 130 992 232">
     <span class='ocr_line' id='line_1_55' title="bbox 456 130 992 232; baseline -0.004 -2"><span class='ocrx_word' id='word_1_314' title='bbox 456 176 565 232; x_wconf 75' lang='lat' dir='ltr'><strong>lnlltn</strong></span> <span class='ocrx_word' id='word_1_315' title='bbox 590 130 710 230; x_wconf 44' lang='lat' dir='ltr'>PARTI‘S</span> <span class='ocrx_word' id='word_1_316' title='bbox 736 175 841 230; x_wconf 76' lang='lat' dir='ltr'><strong>ullor</strong></span> <span class='ocrx_word' id='word_1_317' title='bbox 867 174 992 231; x_wconf 76' lang='lat' dir='ltr'><strong>xxalll</strong></span> 
     </span>
    </p>
   </div>
   <div class='ocr_carea' id='block_1_11' title="bbox 752 278 1233 1065">
    <p class='ocr_par' dir='ltr' id='par_1_11' title="bbox 752 278 1233 1065">
     <span class='ocr_line' id='line_1_56' title="bbox 753 278 1233 347; baseline -0.01 -10"><span class='ocrx_word' id='word_1_318' title='bbox 753 280 925 338; x_wconf 87' lang='lat' dir='ltr'><strong>scribitur.»</strong></span> <span class='ocrx_word' id='word_1_319' title='bbox 955 278 1035 336; x_wconf 87' lang='lat' dir='ltr'><strong>Unde</strong></span> <span class='ocrx_word' id='word_1_320' title='bbox 1058 285 1087 336; x_wconf 87' lang='lat' dir='ltr'><strong>et</strong></span> <span class='ocrx_word' id='word_1_321' title='bbox 1110 279 1233 347; x_wconf 72' lang='lat' dir='ltr'><strong>Chrysen</strong></span> 
     </span>
     <span class='ocr_line' id='line_1_57' title="bbox 754 349 1226 422; baseline -0.013 -12"><span class='ocrx_word' id='word_1_322' title='bbox 754 352 848 410; x_wconf 84' lang='lat' dir='ltr'><strong>«Sicut</strong></span> <span class='ocrx_word' id='word_1_323' title='bbox 867 357 961 407; x_wconf 85' lang='lat' dir='ltr'><strong>cetera</strong></span> <span class='ocrx_word' id='word_1_324' title='bbox 981 349 1048 407; x_wconf 81' lang='lat' dir='ltr'><strong>vilia</strong></span> <span class='ocrx_word' id='word_1_325' title='bbox 1064 349 1226 422; x_wconf 90' lang='lat' dir='ltr'><strong>deprimunt</strong></span> 
     </span>
     <span class='ocr_line' id='line_1_58' title="bbox 753 420 1225 494; baseline -0.006 -16"><span class='ocrx_word' id='word_1_326' title='bbox 753 425 839 491; x_wconf 89' lang='lat' dir='ltr'><strong>leros,</strong></span> <span class='ocrx_word' id='word_1_327' title='bbox 858 429 885 478; x_wconf 94' lang='lat' dir='ltr'><strong>et</strong></span> <span class='ocrx_word' id='word_1_328' title='bbox 895 421 1014 478; x_wconf 89' lang='lat' dir='ltr'><strong>maxime</strong></span> <span class='ocrx_word' id='word_1_329' title='bbox 1024 421 1173 494; x_wconf 67' lang='lat' dir='ltr'><strong>superbia,</strong></span> <span class='ocrx_word' id='word_1_330' title='bbox 1187 420 1225 475; x_wconf 89' lang='lat' dir='ltr'><strong>sie</strong></span> 
     </span>
     <span class='ocr_line' id='line_1_59' title="bbox 753 492 1221 562; baseline -0.002 -14"><span class='ocrx_word' id='word_1_331' title='bbox 753 494 871 550; x_wconf 80' lang='lat' dir='ltr'><strong>virtutes</strong></span> <span class='ocrx_word' id='word_1_332' title='bbox 893 495 930 550; x_wconf 92' lang='lat' dir='ltr'><strong>ad</strong></span> <span class='ocrx_word' id='word_1_333' title='bbox 955 494 1075 562; x_wconf 71' lang='lat' dir='ltr'><strong>reolum,</strong></span> <span class='ocrx_word' id='word_1_334' title='bbox 1100 492 1221 548; x_wconf 77' lang='lat' dir='ltr'><strong>manime</strong></span> 
     </span>
     <span class='ocr_line' id='line_1_60' title="bbox 753 565 1229 633; baseline -0.008 -11"><span class='ocrx_word' id='word_1_335' title='bbox 753 565 1229 633; x_wconf 50' lang='lat' dir='ltr'><strong>humilitas:»harenosos-lomus.</strong></span> 
     </span>
     <span class='ocr_line' id='line_1_61' title="bbox 753 636 1233 708; baseline -0.008 -15"><span class='ocrx_word' id='word_1_336' title='bbox 753 654 821 708; x_wconf 83' lang='lat' dir='ltr'><strong>ergo</strong></span> <span class='ocrx_word' id='word_1_337' title='bbox 841 644 870 692; x_wconf 91' lang='lat' dir='ltr'><strong>et</strong></span> <span class='ocrx_word' id='word_1_338' title='bbox 889 636 1003 708; x_wconf 84' lang='lat' dir='ltr'><strong>superbi</strong></span> <span class='ocrx_word' id='word_1_339' title='bbox 1022 642 1156 708; x_wconf 90' lang='lat' dir='ltr'><strong>appelant</strong></span> <span class='ocrx_word' id='word_1_340' title='bbox 1177 637 1233 690; x_wconf 91' lang='lat' dir='ltr'><strong>eld</strong></span> 
     </span>
     <span class='ocr_line' id='line_1_62' title="bbox 754 707 1233 780; baseline -0.008 -15"><span class='ocrx_word' id='word_1_341' title='bbox 754 724 841 780; x_wconf 77' lang='lat' dir='ltr'><strong>regna</strong></span> <span class='ocrx_word' id='word_1_342' title='bbox 869 715 1028 777; x_wconf 72' lang='lat' dir='ltr'><strong>terrarum,</strong></span> <span class='ocrx_word' id='word_1_343' title='bbox 1054 707 1129 763; x_wconf 87' lang='lat' dir='ltr'><strong>beati</strong></span> <span class='ocrx_word' id='word_1_344' title='bbox 1155 713 1233 762; x_wconf 88' lang='lat' dir='ltr'><strong>auten</strong></span> 
     </span>
     <span class='ocr_line' id='line_1_63' title="bbox 752 778 1223 860; baseline -0.006 -25"><span class='ocrx_word' id='word_1_345' title='bbox 752 796 836 851; x_wconf 84' lang='lat' dir='ltr'><strong>peres</strong></span> <span class='ocrx_word' id='word_1_346' title='bbox 849 780 959 850; x_wconf 89' lang='lat' dir='ltr'><strong>spiritu,</strong></span> <span class='ocrx_word' id='word_1_347' title='bbox 973 779 1000 835; x_wconf 94' lang='lat' dir='ltr'><strong>id</strong></span> <span class='ocrx_word' id='word_1_348' title='bbox 1016 786 1069 847; x_wconf 90' lang='lat' dir='ltr'><strong>est,</strong></span> <span class='ocrx_word' id='word_1_349' title='bbox 1085 778 1223 860; x_wconf 83' lang='lat' dir='ltr'><strong>spirituali</strong></span> 
     </span>
     <span class='ocr_line' id='line_1_64' title="bbox 754 850 1233 922; baseline -0.004 -15"><span class='ocrx_word' id='word_1_350' title='bbox 754 858 822 920; x_wconf 88' lang='lat' dir='ltr'><strong>late,</strong></span> <span class='ocrx_word' id='word_1_351' title='bbox 848 852 891 907; x_wconf 86' lang='lat' dir='ltr'><strong>vel</strong></span> <span class='ocrx_word' id='word_1_352' title='bbox 915 850 958 906; x_wconf 91' lang='lat' dir='ltr'><strong>sui</strong></span> <span class='ocrx_word' id='word_1_353' title='bbox 985 857 1175 922; x_wconf 77' lang='lat' dir='ltr'><strong>reputatione,</strong></span> <span class='ocrx_word' id='word_1_354' title='bbox 1204 866 1233 919; x_wconf 84' lang='lat' dir='ltr'><strong>qo</strong></span> 
     </span>
     <span class='ocr_line' id='line_1_65' title="bbox 755 922 1233 995; baseline -0.006 -17"><span class='ocrx_word' id='word_1_355' title='bbox 755 923 881 995; x_wconf 90' lang='lat' dir='ltr'><strong>ipsorum</strong></span> <span class='ocrx_word' id='word_1_356' title='bbox 899 927 942 977; x_wconf 90' lang='lat' dir='ltr'><strong>est</strong></span> <span class='ocrx_word' id='word_1_357' title='bbox 958 938 1078 992; x_wconf 75' lang='lat' dir='ltr'><strong>regnum</strong></span> <span class='ocrx_word' id='word_1_358' title='bbox 1102 922 1233 977; x_wconf 71' lang='lat' dir='ltr'><strong>reiorum</strong></span> 
     </span>
     <span class='ocr_line' id='line_1_66' title="bbox 754 993 1233 1065; baseline -0.008 -15"><span class='ocrx_word' id='word_1_359' title='bbox 754 995 782 1050; x_wconf 92' lang='lat' dir='ltr'><strong>in</strong></span> <span class='ocrx_word' id='word_1_360' title='bbox 796 1000 893 1065; x_wconf 83' lang='lat' dir='ltr'><strong>spe,et</strong></span> <span class='ocrx_word' id='word_1_361' title='bbox 908 993 936 1048; x_wconf 92' lang='lat' dir='ltr'><strong>in</strong></span> <span class='ocrx_word' id='word_1_362' title='bbox 952 993 1045 1048; x_wconf 88' lang='lat' dir='ltr'><strong>luturo</strong></span> <span class='ocrx_word' id='word_1_363' title='bbox 1059 993 1113 1049; x_wconf 90' lang='lat' dir='ltr'><strong>erit</strong></span> <span class='ocrx_word' id='word_1_364' title='bbox 1123 994 1151 1047; x_wconf 93' lang='lat' dir='ltr'><strong>in</strong></span> <span class='ocrx_word' id='word_1_365' title='bbox 1165 1009 1203 1047; x_wconf 94' lang='lat' dir='ltr'><strong>re.</strong></span> <span class='ocrx_word' id='word_1_366' title='bbox 1218 995 1233 1046; x_wconf 77' lang='lat' dir='ltr'><strong>l</strong></span> 
     </span>
    </p>
   </div>
   <div class='ocr_carea' id='block_1_12' title="bbox 722 1064 1232 1137">
    <p class='ocr_par' dir='ltr' id='par_1_12' title="bbox 722 1064 1232 1137">
     <span class='ocr_line' id='line_1_67' title="bbox 722 1064 1232 1137; baseline -0.004 -17"><span class='ocrx_word' id='word_1_367' title='bbox 722 1064 724 1081; x_wconf 64' lang='lat'>¹</span> <span class='ocrx_word' id='word_1_368' title='bbox 753 1065 902 1137; x_wconf 75' lang='lat' dir='ltr'><strong>praemium</strong></span> <span class='ocrx_word' id='word_1_369' title='bbox 921 1070 1023 1120; x_wconf 77' lang='lat' dir='ltr'><strong>merito</strong></span> <span class='ocrx_word' id='word_1_370' title='bbox 1040 1064 1201 1134; x_wconf 81' lang='lat' dir='ltr'><strong>respondet,</strong></span> <span class='ocrx_word' id='word_1_371' title='bbox 1217 1080 1232 1118; x_wconf 94' lang='lat' dir='ltr'><strong>u</strong></span> 
     </span>
    </p>
   </div>
   <div class='ocr_carea' id='block_1_13' title="bbox 754 1135 1233 1780">
    <p class='ocr_par' dir='ltr' id='par_1_13' title="bbox 754 1135 1233 1552">
     <span class='ocr_line' id='line_1_68' title="bbox 754 1135 1232 1208; baseline -0.006 -16"><span class='ocrx_word' id='word_1_372' title='bbox 754 1137 857 1208; x_wconf 62' lang='lat' dir='ltr'><strong>geulize</strong></span> <span class='ocrx_word' id='word_1_373' title='bbox 884 1141 911 1191; x_wconf 91' lang='lat' dir='ltr'><strong>et</strong></span> <span class='ocrx_word' id='word_1_374' title='bbox 931 1135 1122 1192; x_wconf 88' lang='lat' dir='ltr'><strong>humiliationi</strong></span> <span class='ocrx_word' id='word_1_375' title='bbox 1142 1138 1232 1205; x_wconf 77' lang='lat' dir='ltr'><strong>ropios</strong></span> 
     </span>
     <span class='ocr_line' id='line_1_69' title="bbox 755 1207 1233 1275; baseline -0.013 -10"><span class='ocrx_word' id='word_1_376' title='bbox 755 1207 887 1265; x_wconf 85' lang='lat' dir='ltr'><strong>exaltatio</strong></span> <span class='ocrx_word' id='word_1_377' title='bbox 913 1208 1075 1263; x_wconf 82' lang='lat' dir='ltr'><strong>succedant.</strong></span> <span class='ocrx_word' id='word_1_378' title='bbox 1098 1210 1128 1261; x_wconf 93' lang='lat' dir='ltr'><strong>ln</strong></span> <span class='ocrx_word' id='word_1_379' title='bbox 1154 1222 1233 1275; x_wconf 82' lang='lat' dir='ltr'><strong>regne</strong></span> 
     </span>
     <span class='ocr_line' id='line_1_70' title="bbox 755 1278 1233 1350; baseline -0.008 -15"><span class='ocrx_word' id='word_1_380' title='bbox 755 1280 922 1350; x_wconf 80' lang='lat' dir='ltr'><strong>intelligitur</strong></span> <span class='ocrx_word' id='word_1_381' title='bbox 934 1279 1097 1334; x_wconf 90' lang='lat' dir='ltr'><strong>omnimodo</strong></span> <span class='ocrx_word' id='word_1_382' title='bbox 1114 1278 1233 1333; x_wconf 85' lang='lat' dir='ltr'><strong>sullirier</strong></span> 
     </span>
     <span class='ocr_line' id='line_1_71' title="bbox 755 1349 1230 1421; baseline -0.015 -13"><span class='ocrx_word' id='word_1_383' title='bbox 755 1350 930 1417; x_wconf 80' lang='lat' dir='ltr'><strong>exrellentia,</strong></span> <span class='ocrx_word' id='word_1_384' title='bbox 947 1367 1009 1421; x_wconf 75' lang='lat' dir='ltr'><strong>oua</strong></span> <span class='ocrx_word' id='word_1_385' title='bbox 1030 1352 1102 1406; x_wconf 91' lang='lat' dir='ltr'><strong>bene</strong></span> <span class='ocrx_word' id='word_1_386' title='bbox 1121 1349 1230 1420; x_wconf 83' lang='lat' dir='ltr'><strong>promirt</strong></span> 
     </span>
     <span class='ocr_line' id='line_1_72' title="bbox 755 1422 1233 1493; baseline -0.013 -13"><span class='ocrx_word' id='word_1_387' title='bbox 755 1423 834 1480; x_wconf 59' lang='lat' dir='ltr'><strong>coelis</strong></span> <span class='ocrx_word' id='word_1_388' title='bbox 852 1422 903 1489; x_wconf 89' lang='lat' dir='ltr'><strong>eis,</strong></span> <span class='ocrx_word' id='word_1_389' title='bbox 922 1422 970 1493; x_wconf 86' lang='lat' dir='ltr'><strong>qui</strong></span> <span class='ocrx_word' id='word_1_390' title='bbox 986 1422 1053 1478; x_wconf 80' lang='lat' dir='ltr'><strong>talia</strong></span> <span class='ocrx_word' id='word_1_391' title='bbox 1067 1428 1233 1491; x_wconf 80' lang='lat' dir='ltr'><strong>contempsei</strong></span> 
     </span>
     <span class='ocr_line' id='line_1_73' title="bbox 754 1495 848 1552; baseline -0.011 -1"><span class='ocrx_word' id='word_1_392' title='bbox 754 1495 848 1552; x_wconf 74' lang='lat' dir='ltr'><strong>terris</strong></span> 
     </span>
    </p>

    <p class='ocr_par' dir='ltr' id='par_1_14' title="bbox 754 1568 1233 1780">
     <span class='ocr_line' id='line_1_74' title="bbox 791 1568 1233 1634; baseline -0.009 -11"><span class='ocrx_word' id='word_1_393' title='bbox 791 1568 946 1634; x_wconf 63' lang='lat' dir='ltr'><strong>liSncnuou</strong></span> <span class='ocrx_word' id='word_1_394' title='bbox 959 1582 1106 1620; x_wconf 76' lang='lat' dir='ltr'><strong>uenrireuo</strong></span> <span class='ocrx_word' id='word_1_395' title='bbox 1126 1583 1134 1618; x_wconf 90' lang='lat'>:</span> <span class='ocrx_word' id='word_1_396' title='bbox 1153 1582 1233 1619; x_wconf 70' lang='lat' dir='ltr'><strong>usust·</strong></span> 
     </span>
     <span class='ocr_line' id='line_1_75' title="bbox 755 1636 1217 1706; baseline -0.011 -12"><span class='ocrx_word' id='word_1_397' title='bbox 755 1670 789 1679; x_wconf 92' lang='lat'><em>-</em></span> <span class='ocrx_word' id='word_1_398' title='bbox 809 1637 916 1693; x_wconf 82' lang='lat' dir='ltr'><strong>lleinde</strong></span> <span class='ocrx_word' id='word_1_399' title='bbox 942 1636 1070 1706; x_wconf 85' lang='lat' dir='ltr'><strong>sequitur</strong></span> <span class='ocrx_word' id='word_1_400' title='bbox 1094 1637 1217 1691; x_wconf 79' lang='lat' dir='ltr'><strong>serundo</strong></span> 
     </span>
     <span class='ocr_line' id='line_1_76' title="bbox 754 1709 1232 1780; baseline -0.01 -16"><span class='ocrx_word' id='word_1_401' title='bbox 754 1713 848 1775; x_wconf 83' lang='lat' dir='ltr'><strong>mites;</strong></span> <span class='ocrx_word' id='word_1_402' title='bbox 867 1713 996 1780; x_wconf 83' lang='lat' dir='ltr'><strong>qrronioru</strong></span> <span class='ocrx_word' id='word_1_403' title='bbox 1016 1711 1073 1777; x_wconf 77' lang='lat' dir='ltr'><strong>ipsi</strong></span> <span class='ocrx_word' id='word_1_404' title='bbox 1092 1709 1232 1777; x_wconf 73' lang='lat' dir='ltr'><strong>possidebo</strong></span> 
     </span>
    </p>
   </div>
   <div class='ocr_carea' id='block_1_14' title="bbox 724 1778 1230 1851">
    <p class='ocr_par' dir='ltr' id='par_1_15' title="bbox 724 1778 1230 1851">
     <span class='ocr_line' id='line_1_77' title="bbox 724 1778 1230 1851; baseline -0.008 -15"><span class='ocrx_word' id='word_1_405' title='bbox 724 1788 726 1837; x_wconf 67' lang='lat' dir='ltr'><strong>l</strong></span> <span class='ocrx_word' id='word_1_406' title='bbox 755 1798 825 1835; x_wconf 87' lang='lat' dir='ltr'><strong>rum.</strong></span> <span class='ocrx_word' id='word_1_407' title='bbox 843 1783 910 1835; x_wconf 87' lang='lat' dir='ltr'><strong>Post</strong></span> <span class='ocrx_word' id='word_1_408' title='bbox 927 1784 1123 1851; x_wconf 83' lang='lat' dir='ltr'><strong>paupertatem</strong></span> <span class='ocrx_word' id='word_1_409' title='bbox 1146 1778 1230 1848; x_wconf 84' lang='lat' dir='ltr'><strong>sequit</strong></span> 
     </span>
    </p>
   </div>
   <div class='ocr_carea' id='block_1_15' title="bbox 753 1852 1233 2922">
    <p class='ocr_par' dir='ltr' id='par_1_16' title="bbox 753 1852 1233 2922">
     <span class='ocr_line' id='line_1_78' title="bbox 756 1852 1217 1921; baseline -0.011 -13"><span class='ocrx_word' id='word_1_410' title='bbox 756 1852 838 1908; x_wconf 90' lang='lat' dir='ltr'><strong>lilas:</strong></span> <span class='ocrx_word' id='word_1_411' title='bbox 859 1853 906 1921; x_wconf 83' lang='lat' dir='ltr'><strong>qui</strong></span> <span class='ocrx_word' id='word_1_412' title='bbox 932 1852 1007 1907; x_wconf 93' lang='lat' dir='ltr'><strong>enim</strong></span> <span class='ocrx_word' id='word_1_413' title='bbox 1032 1866 1140 1920; x_wconf 86' lang='lat' dir='ltr'><strong>pauper</strong></span> <span class='ocrx_word' id='word_1_414' title='bbox 1166 1857 1217 1919; x_wconf 79' lang='lat' dir='ltr'><strong>est,</strong></span> 
     </span>
     <span class='ocr_line' id='line_1_79' title="bbox 757 1921 1233 1994; baseline -0.008 -15"><span class='ocrx_word' id='word_1_415' title='bbox 757 1924 906 1980; x_wconf 77' lang='lat' dir='ltr'><strong>lacessitur</strong></span> <span class='ocrx_word' id='word_1_416' title='bbox 933 1921 1057 1994; x_wconf 70' lang='lat' dir='ltr'><strong>iniuriiS,</strong></span> <span class='ocrx_word' id='word_1_417' title='bbox 1073 1930 1101 1976; x_wconf 89' lang='lat' dir='ltr'><strong>el</strong></span> <span class='ocrx_word' id='word_1_418' title='bbox 1128 1921 1190 1977; x_wconf 78' lang='lat' dir='ltr'><strong>ide-o</strong></span> <span class='ocrx_word' id='word_1_419' title='bbox 1212 1938 1233 1975; x_wconf 75' lang='lat' dir='ltr'><strong>u«</strong></span> 
     </span>
     <span class='ocr_line' id='line_1_80' title="bbox 757 1992 1233 2065; baseline -0.011 -14"><span class='ocrx_word' id='word_1_420' title='bbox 757 1997 830 2051; x_wconf 93' lang='lat' dir='ltr'><strong>rium</strong></span> <span class='ocrx_word' id='word_1_421' title='bbox 848 2001 891 2050; x_wconf 90' lang='lat' dir='ltr'><strong>est</strong></span> <span class='ocrx_word' id='word_1_422' title='bbox 912 1994 987 2065; x_wconf 86' lang='lat' dir='ltr'><strong>quod</strong></span> <span class='ocrx_word' id='word_1_423' title='bbox 1005 1993 1040 2049; x_wconf 92' lang='lat' dir='ltr'><strong>sit</strong></span> <span class='ocrx_word' id='word_1_424' title='bbox 1061 1993 1148 2059; x_wconf 85' lang='lat' dir='ltr'><strong>uritis,</strong></span> <span class='ocrx_word' id='word_1_425' title='bbox 1167 1992 1206 2047; x_wconf 76' lang='lat' dir='ltr'><strong>iel</strong></span> <span class='ocrx_word' id='word_1_426' title='bbox 1229 2009 1233 2046; x_wconf 90' lang='lat' dir='ltr'><strong>l</strong></span> 
     </span>
     <span class='ocr_line' id='line_1_81' title="bbox 757 2065 1233 2136; baseline -0.013 -13"><span class='ocrx_word' id='word_1_427' title='bbox 757 2075 819 2123; x_wconf 91' lang='lat' dir='ltr'><strong>elus</strong></span> <span class='ocrx_word' id='word_1_428' title='bbox 836 2084 843 2121; x_wconf 77' lang='grc' dir='ltr'><strong>ι</strong></span> <span class='ocrx_word' id='word_1_429' title='bbox 858 2066 933 2136; x_wconf 66' lang='lat' dir='ltr'><strong>(ruod</strong></span> <span class='ocrx_word' id='word_1_430' title='bbox 948 2065 1023 2120; x_wconf 91' lang='lat' dir='ltr'><strong>idem</strong></span> <span class='ocrx_word' id='word_1_431' title='bbox 1040 2071 1082 2119; x_wconf 87' lang='lat' dir='ltr'><strong>est</strong></span> <span class='ocrx_word' id='word_1_432' title='bbox 1099 2065 1233 2119; x_wconf 82' lang='lat' dir='ltr'><strong>seruudur</strong></span> 
     </span>
     <span class='ocr_line' id='line_1_82' title="bbox 757 2136 1233 2194; baseline -0.008 -1"><span class='ocrx_word' id='word_1_433' title='bbox 757 2139 806 2194; x_wconf 88' lang='lat' dir='ltr'><strong>sed</strong></span> <span class='ocrx_word' id='word_1_434' title='bbox 821 2138 955 2193; x_wconf 84' lang='lat' dir='ltr'><strong>‹lill&#39;erunt</strong></span> <span class='ocrx_word' id='word_1_435' title='bbox 966 2136 1090 2192; x_wconf 89' lang='lat' dir='ltr'><strong>nomine.</strong></span> <span class='ocrx_word' id='word_1_436' title='bbox 1108 2136 1182 2190; x_wconf 85' lang='lat' dir='ltr'><strong>lllitis</strong></span> <span class='ocrx_word' id='word_1_437' title='bbox 1197 2152 1233 2191; x_wconf 90' lang='lat' dir='ltr'><strong>eu</strong></span> 
     </span>
     <span class='ocr_line' id='line_1_83' title="bbox 757 2208 1228 2279; baseline -0.006 -15"><span class='ocrx_word' id='word_1_438' title='bbox 757 2209 804 2279; x_wconf 85' lang='lat' dir='ltr'><strong>qui</strong></span> <span class='ocrx_word' id='word_1_439' title='bbox 824 2209 911 2264; x_wconf 90' lang='lat' dir='ltr'><strong>alium</strong></span> <span class='ocrx_word' id='word_1_440' title='bbox 933 2224 990 2263; x_wconf 91' lang='lat' dir='ltr'><strong>non</strong></span> <span class='ocrx_word' id='word_1_441' title='bbox 1015 2208 1228 2273; x_wconf 77' lang='lat' dir='ltr'><strong>oll&#39;endi13umn</strong></span> 
     </span>
     <span class='ocr_line' id='line_1_84' title="bbox 757 2279 1233 2351; baseline -0.011 -15"><span class='ocrx_word' id='word_1_442' title='bbox 757 2280 803 2351; x_wconf 84' lang='lat' dir='ltr'><strong>qui</strong></span> <span class='ocrx_word' id='word_1_443' title='bbox 821 2297 850 2336; x_wconf 87' lang='lat' dir='ltr'><strong>se</strong></span> <span class='ocrx_word' id='word_1_444' title='bbox 866 2279 1044 2335; x_wconf 87' lang='lat' dir='ltr'><strong>oll&#39;endeutes</strong></span> <span class='ocrx_word' id='word_1_445' title='bbox 1055 2280 1167 2334; x_wconf 90' lang='lat' dir='ltr'><strong>loleral.</strong></span> <span class='ocrx_word' id='word_1_446' title='bbox 1180 2279 1233 2334; x_wconf 80' lang='lat' dir='ltr'><strong>L&#39;ud</strong></span> 
     </span>
     <span class='ocr_line' id='line_1_85' title="bbox 758 2350 1232 2421; baseline -0.006 -14"><span class='ocrx_word' id='word_1_447' title='bbox 758 2358 854 2407; x_wconf 87' lang='lat' dir='ltr'><strong>suetus</strong></span> <span class='ocrx_word' id='word_1_448' title='bbox 876 2351 988 2419; x_wconf 85' lang='lat' dir='ltr'><strong>dieitur,</strong></span> <span class='ocrx_word' id='word_1_449' title='bbox 1004 2350 1085 2421; x_wconf 79' lang='lat' dir='ltr'><strong>quasi</strong></span> <span class='ocrx_word' id='word_1_450' title='bbox 1104 2368 1187 2405; x_wconf 83' lang='lat' dir='ltr'><strong>mauu</strong></span> <span class='ocrx_word' id='word_1_451' title='bbox 1202 2367 1232 2405; x_wconf 83' lang='lat' dir='ltr'><strong>as</strong></span> 
     </span>
     <span class='ocr_line' id='line_1_86' title="bbox 757 2422 1215 2490; baseline -0.004 -12"><span class='ocrx_word' id='word_1_452' title='bbox 757 2424 799 2479; x_wconf 89' lang='lat' dir='ltr'><strong>rui</strong></span> <span class='ocrx_word' id='word_1_453' title='bbox 821 2423 901 2478; x_wconf 87' lang='lat' dir='ltr'><strong>sarilo</strong></span> <span class='ocrx_word' id='word_1_454' title='bbox 923 2428 966 2478; x_wconf 89' lang='lat' dir='ltr'><strong>est</strong></span> <span class='ocrx_word' id='word_1_455' title='bbox 989 2422 1139 2490; x_wconf 89' lang='lat' dir='ltr'><strong>sustinere,</strong></span> <span class='ocrx_word' id='word_1_456' title='bbox 1161 2439 1215 2476; x_wconf 92' lang='lat' dir='ltr'><strong>uon</strong></span> 
     </span>
     <span class='ocr_line' id='line_1_87' title="bbox 756 2493 1233 2565; baseline -0.002 -17"><span class='ocrx_word' id='word_1_457' title='bbox 756 2511 806 2565; x_wconf 88' lang='lat' dir='ltr'><strong>pro</strong></span> <span class='ocrx_word' id='word_1_458' title='bbox 826 2496 900 2549; x_wconf 91' lang='lat' dir='ltr'><strong>malo</strong></span> <span class='ocrx_word' id='word_1_459' title='bbox 926 2493 1064 2561; x_wconf 83' lang='lat' dir='ltr'><strong>reddere;</strong></span> <span class='ocrx_word' id='word_1_460' title='bbox 1094 2493 1171 2548; x_wconf 86' lang='lat' dir='ltr'><strong>milis</strong></span> <span class='ocrx_word' id='word_1_461' title='bbox 1196 2509 1233 2547; x_wconf 75' lang='lat' dir='ltr'><strong>re</strong></span> 
     </span>
     <span class='ocr_line' id='line_1_88' title="bbox 756 2565 1228 2621; baseline -0.004 -1"><span class='ocrx_word' id='word_1_462' title='bbox 756 2566 834 2621; x_wconf 92' lang='lat' dir='ltr'><strong>nulla</strong></span> <span class='ocrx_word' id='word_1_463' title='bbox 849 2565 936 2621; x_wconf 84' lang='lat' dir='ltr'><strong>arrimi</strong></span> <span class='ocrx_word' id='word_1_464' title='bbox 952 2566 1119 2621; x_wconf 78' lang='lat' dir='ltr'><strong>accensione</strong></span> <span class='ocrx_word' id='word_1_465' title='bbox 1135 2567 1228 2621; x_wconf 84' lang='lat' dir='ltr'><strong>turbat</strong></span> 
     </span>
     <span class='ocr_line' id='line_1_89' title="bbox 753 2635 1233 2708; baseline -0.004 -15"><span class='ocrx_word' id='word_1_466' title='bbox 753 2638 860 2707; x_wconf 58' lang='lat' dir='ltr'><strong>,iugiter</strong></span> <span class='ocrx_word' id='word_1_467' title='bbox 878 2638 904 2692; x_wconf 95' lang='lat' dir='ltr'><strong>in</strong></span> <span class='ocrx_word' id='word_1_468' title='bbox 922 2636 1007 2692; x_wconf 87' lang='lat' dir='ltr'><strong>animi</strong></span> <span class='ocrx_word' id='word_1_469' title='bbox 1029 2635 1155 2692; x_wconf 85' lang='lat' dir='ltr'><strong>bonitale</strong></span> <span class='ocrx_word' id='word_1_470' title='bbox 1171 2654 1233 2708; x_wconf 79' lang='lat' dir='ltr'><strong>pers</strong></span> 
     </span>
     <span class='ocr_line' id='line_1_90' title="bbox 757 2708 1233 2775; baseline 0 -12"><span class='ocrx_word' id='word_1_471' title='bbox 757 2711 788 2763; x_wconf 84' lang='lat' dir='ltr'><strong>Et</strong></span> <span class='ocrx_word' id='word_1_472' title='bbox 812 2709 966 2764; x_wconf 82' lang='lat' dir='ltr'><strong>serundum</strong></span> <span class='ocrx_word' id='word_1_473' title='bbox 993 2709 1056 2775; x_wconf 84' lang='lat' dir='ltr'><strong>lior,</strong></span> <span class='ocrx_word' id='word_1_474' title='bbox 1086 2708 1163 2763; x_wconf 82' lang='lat' dir='ltr'><strong>utilis</strong></span> <span class='ocrx_word' id='word_1_475' title='bbox 1193 2708 1233 2763; x_wconf 75' lang='lat' dir='ltr'><strong>dii</strong></span> 
     </span>
     <span class='ocr_line' id='line_1_91' title="bbox 757 2779 1229 2847; baseline -0.002 -12"><span class='ocrx_word' id='word_1_476' title='bbox 757 2781 878 2847; x_wconf 81' lang='lat' dir='ltr'><strong>all’eetu3</strong></span> <span class='ocrx_word' id='word_1_477' title='bbox 895 2786 1061 2834; x_wconf 84' lang='lat' dir='ltr'><strong>mansuetus</strong></span> <span class='ocrx_word' id='word_1_478' title='bbox 1080 2779 1109 2834; x_wconf 94' lang='lat' dir='ltr'><strong>iu</strong></span> <span class='ocrx_word' id='word_1_479' title='bbox 1125 2782 1229 2835; x_wconf 90' lang='lat' dir='ltr'><strong>ell&#39;eetu</strong></span> 
     </span>
     <span class='ocr_line' id='line_1_92' title="bbox 757 2852 1230 2922; baseline -0.004 -15"><span class='ocrx_word' id='word_1_480' title='bbox 757 2868 824 2922; x_wconf 83' lang='lat' dir='ltr'><strong>ergo</strong></span> <span class='ocrx_word' id='word_1_481' title='bbox 853 2852 1006 2907; x_wconf 90' lang='lat' dir='ltr'><strong>serundum</strong></span> <span class='ocrx_word' id='word_1_482' title='bbox 1031 2868 1088 2906; x_wconf 90' lang='lat' dir='ltr'><strong>rem</strong></span> <span class='ocrx_word' id='word_1_483' title='bbox 1119 2856 1185 2905; x_wconf 87' lang='lat' dir='ltr'><strong>sunl</strong></span> <span class='ocrx_word' id='word_1_484' title='bbox 1214 2853 1230 2905; x_wconf 91' lang='lat' dir='ltr'><strong>ll</strong></span> 
     </span>
    </p>
   </div>
   <div class='ocr_carea' id='block_1_16' title="bbox 725 2922 1229 2989">
    <p class='ocr_par' dir='ltr' id='par_1_17' title="bbox 725 2922 1229 2989">
     <span class='ocr_line' id='line_1_93' title="bbox 725 2922 1229 2989; baseline -0.004 -11"><span class='ocrx_word' id='word_1_485' title='bbox 725 2958 727 2962; x_wconf 30' lang='grc' dir='ltr'><strong><em>ι</em></strong></span> <span class='ocrx_word' id='word_1_486' title='bbox 755 2922 913 2989; x_wconf 86' lang='lat' dir='ltr'><strong>mausueti,</strong></span> <span class='ocrx_word' id='word_1_487' title='bbox 942 2923 1062 2978; x_wconf 84' lang='lat' dir='ltr'><strong>modesti</strong></span> <span class='ocrx_word' id='word_1_488' title='bbox 1093 2928 1120 2978; x_wconf 92' lang='lat' dir='ltr'><strong>et</strong></span> <span class='ocrx_word' id='word_1_489' title='bbox 1149 2922 1229 2977; x_wconf 85' lang='lat' dir='ltr'><strong>liumi</strong></span> 
     </span>
    </p>
   </div>
   <div class='ocr_carea' id='block_1_17' title="bbox 757 2992 1233 3065">
    <p class='ocr_par' dir='ltr' id='par_1_18' title="bbox 757 2992 1233 3065">
     <span class='ocr_line' id='line_1_94' title="bbox 757 2992 1233 3065; baseline -0.002 -17"><span class='ocrx_word' id='word_1_490' title='bbox 757 2995 813 3049; x_wconf 88' lang='lat' dir='ltr'><strong>lide</strong></span> <span class='ocrx_word' id='word_1_491' title='bbox 829 2994 1008 3065; x_wconf 87' lang='lat' dir='ltr'><strong>simplireset</strong></span> <span class='ocrx_word' id='word_1_492' title='bbox 1026 2992 1060 3048; x_wconf 84' lang='lat' dir='ltr'><strong>ad</strong></span> <span class='ocrx_word' id='word_1_493' title='bbox 1077 3010 1194 3048; x_wconf 92' lang='lat' dir='ltr'><strong>omnem</strong></span> <span class='ocrx_word' id='word_1_494' title='bbox 1210 2994 1233 3048; x_wconf 86' lang='lat' dir='ltr'><strong>ii·</strong></span> 
     </span>
    </p>
   </div>
   <div class='ocr_carea' id='block_1_18' title="bbox 726 3065 1233 3136">
    <p class='ocr_par' dir='ltr' id='par_1_19' title="bbox 726 3065 1233 3136">
     <span class='ocr_line' id='line_1_95' title="bbox 726 3065 1233 3136; baseline -0.002 -16"><span class='ocrx_word' id='word_1_495' title='bbox 726 3124 727 3129; x_wconf 31' lang='lat'><strong>,</strong></span> <span class='ocrx_word' id='word_1_496' title='bbox 757 3066 906 3136; x_wconf 62' lang='lat' dir='ltr'><strong>patientes</strong></span> <span class='ocrx_word' id='word_1_497' title='bbox 923 3066 969 3134; x_wconf 82' lang='lat' dir='ltr'><strong>qui</strong></span> <span class='ocrx_word' id='word_1_498' title='bbox 994 3065 1099 3120; x_wconf 85' lang='lat' dir='ltr'><strong>nullam</strong></span> <span class='ocrx_word' id='word_1_499' title='bbox 1120 3065 1233 3120; x_wconf 80' lang='lat' dir='ltr'><strong>amaritt</strong></span> 
     </span>
    </p>
   </div>
   <div class='ocr_carea' id='block_1_19' title="bbox 756 3136 1233 3204">
    <p class='ocr_par' dir='ltr' id='par_1_20' title="bbox 756 3136 1233 3204">
     <span class='ocr_line' id='line_1_96' title="bbox 756 3136 1233 3204; baseline -0.002 -13"><span class='ocrx_word' id='word_1_500' title='bbox 756 3137 844 3192; x_wconf 90' lang='lat' dir='ltr'><strong>animi</strong></span> <span class='ocrx_word' id='word_1_501' title='bbox 871 3137 1006 3204; x_wconf 90' lang='lat' dir='ltr'><strong>sentiunt,</strong></span> <span class='ocrx_word' id='word_1_502' title='bbox 1023 3142 1049 3192; x_wconf 89' lang='lat' dir='ltr'><strong>el</strong></span> <span class='ocrx_word' id='word_1_503' title='bbox 1076 3154 1138 3191; x_wconf 90' lang='lat' dir='ltr'><strong>eum</strong></span> <span class='ocrx_word' id='word_1_504' title='bbox 1170 3136 1233 3190; x_wconf 87' lang='lat' dir='ltr'><strong>irrit</strong></span> 
     </span>
    </p>
   </div>
   <div class='ocr_carea' id='block_1_20' title="bbox 108 3207 1233 3474">
    <p class='ocr_par' dir='ltr' id='par_1_21' title="bbox 108 3207 1233 3474">
     <span class='ocr_line' id='line_1_97' title="bbox 724 3207 1233 3278; baseline -0.002 -15"><span class='ocrx_word' id='word_1_505' title='bbox 724 3250 727 3277; x_wconf 81' lang='lat'><strong>,</strong></span> <span class='ocrx_word' id='word_1_506' title='bbox 756 3207 840 3275; x_wconf 88' lang='lat' dir='ltr'><strong>erint,</strong></span> <span class='ocrx_word' id='word_1_507' title='bbox 868 3225 920 3263; x_wconf 90' lang='lat' dir='ltr'><strong>nee</strong></span> <span class='ocrx_word' id='word_1_508' title='bbox 946 3209 1071 3278; x_wconf 79' lang='lat' dir='ltr'><strong>rogitant</strong></span> <span class='ocrx_word' id='word_1_509' title='bbox 1099 3209 1192 3262; x_wconf 78' lang='lat' dir='ltr'><strong>farere</strong></span> <span class='ocrx_word' id='word_1_510' title='bbox 1224 3224 1233 3262; x_wconf 86' lang='lat' dir='ltr'><strong>r</strong></span> 
     </span>
     <span class='ocr_line' id='line_1_98' title="bbox 109 3274 726 3359; baseline 0.005 -29"><span class='ocrx_word' id='word_1_511' title='bbox 109 3274 544 3358; x_wconf 74' lang='lat' dir='ltr'><strong>intellectumseeundum,quia</strong></span> <span class='ocrx_word' id='word_1_512' title='bbox 554 3277 699 3359; x_wconf 79' lang='lat' dir='ltr'><strong>humilitas</strong></span> <span class='ocrx_word' id='word_1_513' title='bbox 725 3294 726 3305; x_wconf 56' lang='lat'>¹</span> 
     </span>
     <span class='ocr_line' id='line_1_99' title="bbox 108 3354 725 3474; baseline -0.002 -69"><span class='ocrx_word' id='word_1_514' title='bbox 108 3354 262 3474; x_wconf 56' lang='lat' dir='ltr'><strong>opponitur</strong></span> <span class='ocrx_word' id='word_1_515' title='bbox 286 3354 368 3403; x_wconf 82' lang='lat' dir='ltr'><strong>imno</strong></span> <span class='ocrx_word' id='word_1_516' title='bbox 395 3363 521 3403; x_wconf 86' lang='lat' dir='ltr'><strong>oninium</strong></span> <span class='ocrx_word' id='word_1_517' title='bbox 551 3354 696 3417; x_wconf 79' lang='lat' dir='ltr'><strong>vitiorum,</strong></span> <span class='ocrx_word' id='word_1_518' title='bbox 724 3391 725 3396; x_wconf 14' lang='grc' dir='ltr'><strong>κ</strong></span> 
     </span>
    </p>
   </div>
   <div class='ocr_carea' id='block_1_21' title="bbox 749 3278 1233 4207">
    <p class='ocr_par' dir='ltr' id='par_1_22' title="bbox 749 3278 1233 4207">
     <span class='ocr_line' id='line_1_100' title="bbox 756 3278 1233 3349; baseline -0.002 -16"><span class='ocrx_word' id='word_1_519' title='bbox 756 3296 807 3335; x_wconf 91' lang='lat' dir='ltr'><strong>nee</strong></span> <span class='ocrx_word' id='word_1_520' title='bbox 827 3279 943 3348; x_wconf 85' lang='lat' dir='ltr'><strong>sariunt,</strong></span> <span class='ocrx_word' id='word_1_521' title='bbox 958 3280 1060 3335; x_wconf 85' lang='lat' dir='ltr'><strong>cedunt</strong></span> <span class='ocrx_word' id='word_1_522' title='bbox 1073 3278 1233 3349; x_wconf 78' lang='lat' dir='ltr'><strong>inrprobitat</strong></span> 
     </span>
     <span class='ocr_line' id='line_1_101' title="bbox 756 3350 1233 3416; baseline 0.002 -11"><span class='ocrx_word' id='word_1_523' title='bbox 756 3367 812 3405; x_wconf 94' lang='lat' dir='ltr'><strong>non</strong></span> <span class='ocrx_word' id='word_1_524' title='bbox 827 3353 961 3406; x_wconf 86' lang='lat' dir='ltr'><strong>resistunt.</strong></span> <span class='ocrx_word' id='word_1_525' title='bbox 976 3351 1065 3416; x_wconf 86' lang='lat' dir='ltr'><strong>rualo;</strong></span> <span class='ocrx_word' id='word_1_526' title='bbox 1082 3351 1131 3405; x_wconf 86' lang='lat' dir='ltr'><strong>sed</strong></span> <span class='ocrx_word' id='word_1_527' title='bbox 1147 3350 1233 3406; x_wconf 72' lang='lat' dir='ltr'><strong>rincu</strong></span> 
     </span>
     <span class='ocr_line' id='line_1_102' title="bbox 755 3421 1229 3478; baseline 0 -2"><span class='ocrx_word' id='word_1_528' title='bbox 755 3421 811 3477; x_wconf 91' lang='lat' dir='ltr'><strong>lum</strong></span> <span class='ocrx_word' id='word_1_529' title='bbox 830 3422 857 3476; x_wconf 89' lang='lat' dir='ltr'><strong>iu</strong></span> <span class='ocrx_word' id='word_1_530' title='bbox 885 3423 969 3478; x_wconf 91' lang='lat' dir='ltr'><strong>bono.</strong></span> <span class='ocrx_word' id='word_1_531' title='bbox 987 3425 1019 3477; x_wconf 90' lang='lat' dir='ltr'><strong>Et</strong></span> <span class='ocrx_word' id='word_1_532' title='bbox 1042 3438 1107 3477; x_wconf 73' lang='lat' dir='ltr'><strong>rere</strong></span> <span class='ocrx_word' id='word_1_533' title='bbox 1126 3422 1229 3477; x_wconf 86' lang='lat' dir='ltr'><strong>:Beati</strong></span> 
     </span>
     <span class='ocr_line' id='line_1_103' title="bbox 754 3492 1233 3565; baseline 0 -17"><span class='ocrx_word' id='word_1_534' title='bbox 754 3493 890 3563; x_wconf 87' lang='lat' dir='ltr'><strong>quoniam</strong></span> <span class='ocrx_word' id='word_1_535' title='bbox 913 3492 967 3565; x_wconf 91' lang='lat' dir='ltr'><strong>ipsi</strong></span> <span class='ocrx_word' id='word_1_536' title='bbox 994 3494 1180 3565; x_wconf 87' lang='lat' dir='ltr'><strong>possidebunt</strong></span> <span class='ocrx_word' id='word_1_537' title='bbox 1206 3499 1233 3548; x_wconf 90' lang='lat' dir='ltr'><strong>te</strong></span> 
     </span>
     <span class='ocr_line' id='line_1_104' title="bbox 753 3564 1233 3635; baseline -0.002 -16"><span class='ocrx_word' id='word_1_538' title='bbox 753 3564 861 3620; x_wconf 84' lang='lat' dir='ltr'><strong>seilicet</strong></span> <span class='ocrx_word' id='word_1_539' title='bbox 889 3564 1043 3635; x_wconf 78' lang='lat' dir='ltr'><strong>duplicem,</strong></span> <span class='ocrx_word' id='word_1_540' title='bbox 1068 3565 1095 3619; x_wconf 91' lang='lat' dir='ltr'><strong>id</strong></span> <span class='ocrx_word' id='word_1_541' title='bbox 1127 3570 1181 3629; x_wconf 86' lang='lat' dir='ltr'><strong>est,</strong></span> <span class='ocrx_word' id='word_1_542' title='bbox 1210 3580 1233 3618; x_wconf 80' lang='lat' dir='ltr'><strong>er</strong></span> 
     </span>
     <span class='ocr_line' id='line_1_105' title="bbox 751 3636 1233 3716; baseline 0.002 -27"><span class='ocrx_word' id='word_1_543' title='bbox 751 3636 869 3706; x_wconf 87' lang='lat' dir='ltr'><strong>proprii,</strong></span> <span class='ocrx_word' id='word_1_544' title='bbox 898 3651 982 3705; x_wconf 80' lang='lat' dir='ltr'><strong>qrram</strong></span> <span class='ocrx_word' id='word_1_545' title='bbox 1008 3641 1120 3707; x_wconf 84' lang='lat' dir='ltr'><strong>gerunt,</strong></span> <span class='ocrx_word' id='word_1_546' title='bbox 1142 3640 1168 3690; x_wconf 91' lang='lat' dir='ltr'><strong>el</strong></span> <span class='ocrx_word' id='word_1_547' title='bbox 1201 3651 1233 3716; x_wconf 87' lang='lat' dir='ltr'><strong>pa</strong></span> 
     </span>
     <span class='ocr_line' id='line_1_106' title="bbox 751 3711 1233 3788; baseline 0 -27"><span class='ocrx_word' id='word_1_548' title='bbox 751 3723 837 3778; x_wconf 88' lang='lat' dir='ltr'><strong>quam</strong></span> <span class='ocrx_word' id='word_1_549' title='bbox 855 3714 1014 3788; x_wconf 36' lang='lat' dir='ltr'><strong>&#39;quarunt</strong></span> <span class='ocrx_word' id='word_1_550' title='bbox 1041 3711 1173 3772; x_wconf 80' lang='lat' dir='ltr'><strong>Terram,</strong></span> <span class='ocrx_word' id='word_1_551' title='bbox 1205 3723 1233 3762; x_wconf 90' lang='lat' dir='ltr'><strong>1n</strong></span> 
     </span>
     <span class='ocr_line' id='line_1_107' title="bbox 751 3778 1233 3850; baseline -0.004 -17"><span class='ocrx_word' id='word_1_552' title='bbox 751 3795 877 3849; x_wconf 85' lang='lat' dir='ltr'><strong>eorporis</strong></span> <span class='ocrx_word' id='word_1_553' title='bbox 893 3779 998 3850; x_wconf 90' lang='lat' dir='ltr'><strong>proprii</strong></span> <span class='ocrx_word' id='word_1_554' title='bbox 1017 3797 1023 3833; x_wconf 94' lang='lat'>:</span> <span class='ocrx_word' id='word_1_555' title='bbox 1040 3779 1105 3849; x_wconf 84' lang='lat' dir='ltr'><strong>quia</strong></span> <span class='ocrx_word' id='word_1_556' title='bbox 1131 3778 1215 3833; x_wconf 91' lang='lat' dir='ltr'><strong>mites</strong></span> <span class='ocrx_word' id='word_1_557' title='bbox 1232 3827 1233 3830; x_wconf 73' lang='grc'>,</span> 
     </span>
     <span class='ocr_line' id='line_1_108' title="bbox 751 3849 1231 3918; baseline -0.002 -13"><span class='ocrx_word' id='word_1_558' title='bbox 751 3850 908 3905; x_wconf 90' lang='lat' dir='ltr'><strong>dominium</strong></span> <span class='ocrx_word' id='word_1_559' title='bbox 926 3851 981 3918; x_wconf 93' lang='lat' dir='ltr'><strong>sui,</strong></span> <span class='ocrx_word' id='word_1_560' title='bbox 996 3857 1024 3906; x_wconf 93' lang='lat' dir='ltr'><strong>et</strong></span> <span class='ocrx_word' id='word_1_561' title='bbox 1038 3868 1092 3906; x_wconf 92' lang='lat' dir='ltr'><strong>uon</strong></span> <span class='ocrx_word' id='word_1_562' title='bbox 1113 3849 1231 3905; x_wconf 88' lang='lat' dir='ltr'><strong>iraeund</strong></span> 
     </span>
     <span class='ocr_line' id='line_1_109' title="bbox 750 3920 1233 3993; baseline -0.002 -17"><span class='ocrx_word' id='word_1_563' title='bbox 750 3937 807 3976; x_wconf 91' lang='lat' dir='ltr'><strong>non</strong></span> <span class='ocrx_word' id='word_1_564' title='bbox 822 3921 978 3993; x_wconf 81' lang='lat' dir='ltr'><strong>subjiciunt</strong></span> <span class='ocrx_word' id='word_1_565' title='bbox 993 3920 1233 3978; x_wconf 89' lang='lat' dir='ltr'><strong>sensualitatemr</strong></span> 
     </span>
     <span class='ocr_line' id='line_1_110' title="bbox 751 3993 1233 4061; baseline 0.002 -14"><span class='ocrx_word' id='word_1_566' title='bbox 751 3995 820 4048; x_wconf 91' lang='lat' dir='ltr'><strong>ltem</strong></span> <span class='ocrx_word' id='word_1_567' title='bbox 846 3998 951 4049; x_wconf 89' lang='lat' dir='ltr'><strong>terram</strong></span> <span class='ocrx_word' id='word_1_568' title='bbox 975 3993 1097 4061; x_wconf 83' lang='lat' dir='ltr'><strong>paradisi</strong></span> <span class='ocrx_word' id='word_1_569' title='bbox 1120 4010 1126 4047; x_wconf 91' lang='lat'>:</span> <span class='ocrx_word' id='word_1_570' title='bbox 1149 3993 1233 4048; x_wconf 90' lang='lat' dir='ltr'><strong>mites</strong></span> 
     </span>
     <span class='ocr_line' id='line_1_111' title="bbox 751 4064 1233 4137; baseline 0 -18"><span class='ocrx_word' id='word_1_571' title='bbox 751 4064 845 4134; x_wconf 88' lang='lat' dir='ltr'><strong>quiete</strong></span> <span class='ocrx_word' id='word_1_572' title='bbox 866 4071 893 4119; x_wconf 89' lang='lat' dir='ltr'><strong>et</strong></span> <span class='ocrx_word' id='word_1_573' title='bbox 915 4064 1033 4136; x_wconf 81' lang='lat' dir='ltr'><strong>pacifice</strong></span> <span class='ocrx_word' id='word_1_574' title='bbox 1052 4065 1178 4137; x_wconf 86' lang='lat' dir='ltr'><strong>possidet</strong></span> <span class='ocrx_word' id='word_1_575' title='bbox 1199 4066 1233 4120; x_wconf 82' lang='lat' dir='ltr'><strong>De</strong></span> 
     </span>
     <span class='ocr_line' id='line_1_112' title="bbox 749 4134 1233 4207; baseline 0.004 -17"><span class='ocrx_word' id='word_1_576' title='bbox 749 4134 778 4191; x_wconf 92' lang='lat' dir='ltr'><strong>in</strong></span> <span class='ocrx_word' id='word_1_577' title='bbox 793 4140 870 4193; x_wconf 91' lang='lat' dir='ltr'><strong>terra</strong></span> <span class='ocrx_word' id='word_1_578' title='bbox 884 4136 1077 4207; x_wconf 89' lang='lat' dir='ltr'><strong>morientium,</strong></span> <span class='ocrx_word' id='word_1_579' title='bbox 1093 4142 1122 4193; x_wconf 88' lang='lat' dir='ltr'><strong>et</strong></span> <span class='ocrx_word' id='word_1_580' title='bbox 1136 4136 1200 4193; x_wconf 90' lang='lat' dir='ltr'><strong>ideo</strong></span> <span class='ocrx_word' id='word_1_581' title='bbox 1219 4136 1233 4192; x_wconf 72' lang='lat' dir='ltr'><strong>ll</strong></span> 
     </span>
    </p>
   </div>
   <div class='ocr_carea' id='block_1_22' title="bbox 0 0 1400 4912">
    <p class='ocr_par' dir='ltr' id='par_1_23' title="bbox 0 0 1400 4912">
     <span class='ocr_line' id='line_1_113' title="bbox 0 0 1400 4912; baseline 0 0"><span class='ocrx_word' id='word_1_582' title='bbox 0 0 1400 4912; x_wconf 95' lang='lat' dir='ltr'><strong> </strong></span> 
     </span>
    </p>
   </div>
  </div>
 </body>
</html>
