2790 4912
174 314 207 365 ild
233 310 361 364 silure
389 308 533 362 GENERIS
561 308 702 368 llbltlhl,
731 310 769 361 El*
796 309 985 363 hhvlvllsrs
1014 311 1145 362 llAlllAl.
1254 311 1281 361 19

12 481 17 485 γ
81 418 168 475 nutura
192 413 376 471 Transierunt
413 412 500 469 multa
529 410 635 479 secula,
685 411 843 468 inomnem
860 429 973 469 carnem
992 410 1121 484 iniquum
1138 421 1283 468 exerceret

11 521 17 555 ;
82 482 638 557 etdannationisipsiusimmanitassuper
685 482 908 551 dominium‚cui
919 500 1003 540 omne
1014 482 1209 540 semenAdam
1221 483 1283 555 lege

10 592 16 601 ·
81 557 240 615 onneslilios
264 555 416 614 hominum
437 559 481 611 est
503 556 532 611 in
558 553 636 610 dete·
685 553 879 626 primordialis
907 556 995 627 culpae
1024 554 1176 613 obnoxium
1209 561 1283 623 erat,

10 663 20 698 :
81 630 124 686 n'ns
140 629 268 686 roborata.
291 629 348 684 Nec
371 626 446 683 enim
469 624 572 682 summi
591 640 637 682 sa·
686 626 852 682 recordatus
866 642 897 683 es
911 628 1062 683 uberrimae
1079 626 1284 683 misericordiae

10 730 19 767 ς
82 699 158 826 tientia
168 699 212 756 liei
227 700 316 757 ullam
332 698 362 755 in
377 713 472 754 massa
485 695 638 753 creationis
685 703 753 766 tuae,
769 702 797 754 et
810 697 978 769 prospexisti
993 699 1028 754 de
1044 697 1156 755 sublimi
1173 697 1284 755 habita-

10 802 20 837 ,ι
97 786 176 828 mane
191 770 264 828 nam
287 768 406 837 invenit,
423 784 476 841 per
497 782 593 839 quam,
608 771 639 824 ul
686 767 764 825 tione
783 772 842 837 tua,
858 767 888 823 in
905 769 978 824 hanc
997 768 1099 825 vallem
1117 768 1284 840 plorationis

83 841 231 913 dmmnerat,
246 840 428 898 inmundum
443 838 561 897 veniens
581 844 639 894 tam
687 846 715 896 et
729 838 861 895 miseriae.
878 838 988 907 Vidisti,
1005 841 1133 909 Domine,
1153 840 1284 897 alllictio-

10 944 23 978 ,
84 913 182 970 luctuosa
193 911 346 985 perditioni
359 910 534 977 subveniret,
549 909 640 966 donee
687 927 751 967 nem
767 909 861 982 populi
878 909 930 979 tui,
947 915 975 966 et
992 916 1083 968 tactus
1100 911 1199 969 dolore
1218 913 1285 969 eha-

10 1018 16 1045 ;
84 982 196 1053 dhon,
207 985 243 1042 de
253 999 310 1056 qna
329 983 481 1054 loquimur,
495 980 640 1053 Virginem
687 982 779 1038 citatis
794 980 964 1037 intrinsecus
983 981 1140 1054 apposuisti
1160 982 1286 1053 cogitare

10 1084 23 1103 ».
85 1061 166 1112 rentum
186 1060 270 1112 esset.
300 1053 355 1111 Sed
382 1055 443 1109 haec
470 1069 533 1110 mox
558 1056 589 1109 ut
610 1051 640 1106 in
688 1069 837 1135 supernos
849 1051 1037 1123 cogitationes
1049 1054 1287 1126 pacisetredem·

15 1154 27 1199 ς
85 1125 185 1182 nundum
203 1126 289 1193 venit,
304 1140 356 1196 per
372 1125 504 1181 humanae
521 1138 640 1195 genera·
688 1123 793 1197 ptronis
809 1141 816 1179 ι
834 1146 848 1174 u
865 1124 925 1180 haec
938 1127 1095 1181 Anselmus.

16 1256 21 1262 ,
85 1196 260 1264 tionhlineam,
269 1195 451 1252 tantaomnis
460 1195 529 1251 boni
539 1194 642 1250 virtute
724 1197 974 1267 7Ernssr1nrsnr
994 1214 1139 1252 rannxrns.
1158 1196 1287 1254 -Taci-

10 1294 27 1330 ·,
84 1267 444 1339 ahueconstantiaperleeta
455 1264 641 1337 resplenduit,
688 1266 725 1322 tis
754 1269 849 1322 autem
874 1265 941 1334 illis,
964 1269 1077 1392 gnaeab
1098 1268 1177 1325 initio
1197 1267 1289 1325 omnis

10 1365 29 1402 ς
85 1339 224 1412 uteinipsa
236 1337 376 1411 sapientia
385 1337 435 1393 Dei
447 1352 512 1393 vere
526 1336 643 1409 dignam
690 1341 963 1407 creaturaensquea
998 1337 1087 1394 sancti
1104 1340 1165 1394 Filii
1181 1340 1223 1396 sui
1238 1339 1289 1395 ad·

10 1437 12 1441 ‚
84 1408 199 1478 judicaret,
214 1426 265 1483 per
284 1425 370 1481 quam
389 1407 577 1464 inhominem
594 1422 644 1462 ve·
691 1413 818 1474 ventum,
845 1407 880 1464 de
900 1410 952 1463 hae
978 1411 1061 1465 beata
1087 1410 1203 1480 Virgine
1227 1426 1292 1482 pro·

10 1491 30 1540 ³.
86 1479 150 1548 niens,
165 1498 219 1538 non
242 1479 441 1537 tantummodo
460 1484 570 1535 reatum
589 1476 646 1548 pri·
690 1480 808 1550 phetata
826 1483 903 1546 sunt,
925 1483 983 1535 tam
1005 1494 1057 1551 per
1080 1496 1129 1536 eos
1154 1479 1201 1552 qui
1225 1486 1292 1536 ante

86 1550 391 1616 nommhominum,sed
405 1555 433 1606 et
446 1549 532 1606 totius
546 1546 645 1604 mundi
693 1552 806 1620 Legem,
825 1565 910 1620 quam
936 1566 985 1621 per
1006 1567 1055 1606 eos
1077 1551 1124 1622 qui
1147 1553 1199 1609 sub
1220 1552 1293 1621 Lege

10 1643 32 1693 μ
85 1628 168 1688 naara
185 1621 304 1690 deleret,
326 1627 413 1693 atque
436 1620 581 1701 diabolum
603 1617 645 1674 sni
690 1619 760 1692 justi
789 1622 918 1689 luerunt;
958 1621 993 1677 de
1024 1621 1171 1680 nativitate
1203 1622 1293 1705 ipsius

10 1742 17 1748 .
85 1692 151 1762 operis
168 1693 324 1762 inimicum,
342 1709 408 1749 cnm
429 1691 488 1749 suis
517 1690 645 1757 elideret,
693 1707 779 1764 quam
809 1691 922 1764 quidem
945 1708 977 1748 ex
1004 1692 1080 1749 linea
1101 1692 1294 1765 generatronis

85 1775 175 1821 aenon
195 1765 302 1822 damna
323 1763 423 1836 patriae
445 1760 580 1828 coelestis,
595 1761 646 1817 ho·
693 1764 826 1819 hnmanae
838 1764 1016 1820 descendisse
1025 1765 1139 1834 scimus,
1152 1771 1179 1822 et
1190 1780 1293 1836 magna

10 1853 28 1889 r:
85 1831 159 1891 ninen
174 1835 241 1893 illue
255 1835 428 1903 reducendo,
445 1832 646 1903 reintegraret.
695 1833 826 1904 quaedam
859 1840 943 1905 atque
978 1836 1110 1892 miranda
1147 1836 1294 1908 signorum

10 1924 25 1957 a
83 1901 128 1968 titis
142 1906 224 1978 igitur
239 1907 296 1963 ista
314 1904 492 1979 perpendens
506 1903 649 1960 aestimare
695 1904 798 1961 indicia
822 1906 1005 1978 praecurrisse
1023 1908 1175 1978 credimus,
1194 1922 1294 1963 conse·

10 1994 13 2026 ;
83 1982 218 2050 uocatque
238 1978 322 2035 laude
337 1977 424 2049 digna
444 1976 491 2044 sit,
505 1991 569 2047 quae
586 1980 649 2030 tan·
695 1976 920 2048 quenteraliqua
932 1977 1088 2037 videamus.
1102 1979 1187 2050 Virgo
1198 1979 1295 2049 itaque

82 2046 298 2123 torumbonorum
313 2047 373 2105 sela
389 2063 448 2119 prae
465 2046 573 2103 cunctis
591 2061 649 2101 me·
696 2048 821 2120 gloriosa
844 2064 877 2104 ex
901 2064 957 2118 qna
978 2050 1139 2106 incarnatio
1159 2050 1220 2106 Filii
1245 2048 1294 2105 liei

80 2111 240 2176 datnxeffici
256 2118 380 2176 meruit?
391 2141 406 2168 »
419 2119 480 2175 hac
491 2119 648 2174 Anselmus.
696 2126 740 2176 est
754 2119 838 2187 laeta,
854 2119 888 2175 de
903 2120 979 2176 tribu
995 2124 1009 2178 J
1014 2122 1078 2186 uda,
1093 2128 1122 2177 et
1137 2121 1225 2192 stirpe
1240 2123 1295 2177 Da·

102 2191 341 2248 tiPannssrrvurro
366 2192 398 2246 B.
426 2191 459 2246 V.
484 2191 590 2245 Manus.
615 2217 651 2230 -
698 2190 744 2247 vid
758 2194 802 2246 est
816 2196 888 2247 orta.
908 2192 989 2260 Nam,
1007 2198 1036 2249 nl
1051 2194 1091 2249 ait
1109 2195 1295 2261 Augustinus,

74 2252 117 2314 Nec
131 2261 177 2319 ivrit
192 2262 247 2319 ista
266 2261 352 2332 Virgo
372 2259 465 2317 subito
480 2265 508 2316 et
522 2276 589 2316 casu
605 2258 650 2315 in·
698 2262 814 2332 dignum
830 2266 915 2332 atque
925 2265 1098 2319 couveniens
1111 2270 1174 2320 erat
1189 2261 1296 2321 coelesti

10 2326 12 2367 ³
73 2336 150 2401 venta,
168 2333 218 2390 sed
237 2334 275 2390 ab
303 2338 410 2389 aeterno
436 2330 650 2402 predestinata.

71 2392 137 2477 Unde
153 2409 337 2461 Damascenus
355 2423 363 2458 :
384 2424 399 2454 a
416 2403 479 2475 Ipsa
498 2402 548 2459 liei
566 2401 651 2458 Geni-

67 2466 122 2544 trux,
138 2478 173 2533 ab
192 2481 312 2542 aeterno,
332 2473 418 2531 etiam
441 2473 561 2546 praeviso
583 2478 653 2529 tem·

62 2546 135 2616 lore,
162 2546 212 2604 Dei
236 2545 366 2613 consilio,
392 2543 652 2617 praedeterminata,

60 2610 84 2661 ⁰¹
101 2618 218 2675 diversis
238 2616 488 2688 imaginationibus
503 2621 532 2672 et
548 2615 652 2672 saneti-

56 2672 236 2747 ficationibus
245 2689 451 2759 Prophetarum
458 2686 652 2759 perSpiritum

55 2743 190 2818 Sanctum
211 2758 428 2833 praeimaginata
451 2763 479 2814 et
500 2757 654 2829 praedicata

52 2813 116 2888 rllil.
132 2853 148 2883 »
162 2834 353 2902 Exsurgamus
366 2845 434 2900 ergo
451 2828 481 2885 in
496 2828 653 2900 gratiarum

51 2900 193 2975 &stiones
213 2907 242 2959 et
260 2918 313 2973 pro
336 2906 417 2958 tanta
436 2900 485 2957 Dei
508 2899 583 2957 circa
600 2916 654 2956 nos

51 2959 221 3045 dlgnatione
254 2972 354 3029 landes
394 2972 552 3030 reseramus
590 2987 654 3028 cum

52 3035 196 3109 ¹beselmo,
218 3043 346 3101 dicentes
370 3060 378 3099 ε
405 3065 420 3096 «
439 3042 598 3100 Adoramus
615 3049 654 3111 te,

53 3106 166 3174 Christe
178 3119 237 3173 Rex
252 3116 351 3182 lsrael,
364 3114 410 3171 lux
420 3112 563 3181 Gentium,
578 3112 656 3171 Prin-

55 3193 120 3260 teps
141 3203 244 3259 regum
264 3190 359 3254 terrae,
379 3185 500 3244 Domine
519 3187 654 3252 Sabaoth,

57 3250 152 3317 Virtus
171 3259 222 3316 Dei
238 3257 528 3328 omnipotentissima.
548 3256 656 3313 Adora·

59 3338 115 3389 nus
151 3337 191 3400 te,
222 3328 377 3401 pretiosum
407 3334 513 3385 nostrae
546 3330 657 3385 redem-

59 3401 160 3471 ptionis
188 3398 322 3480 pretium,
350 3397 472 3481 hostiam
499 3399 657 3481 pacitlcam,

63 3488 116 3555 vuae
133 3472 199 3531 sola
213 3471 311 3528 odorrs
325 3470 365 3527 tui
380 3471 572 3528 inaestrmabvlr
592 3487 656 3527 sua-

63 3551 142 3602 ntate
156 3545 285 3610 Patrem,
300 3545 393 3612 quiin
408 3544 474 3597 otiis
489 3543 607 3605 habitet,
620 3541 657 3599 ad

63 3613 269 3699 respiciendum
296 3611 415 3669 humilia
442 3611 601 3680 inclinasti;
629 3619 658 3669 et

62 3688 124 3744 iilirs
144 3685 195 3742 irae
210 3684 379 3757 placabilem
396 3684 554 3740 reddidisti.
572 3687 656 3752 Tuas,

60 3758 181 3825 Christe,
219 3755 418 3812 miserationes
458 3754 656 3827 praedicamus,

58 3836 110 3886 tuae
126 3825 277 3884 suavitatis
298 3826 465 3883 memoriam
486 3842 549 3882 cnm
566 3827 656 3882 abun-

60 3899 159 3957 dantia
169 3903 347 3965 eructamus;
365 3897 426 3966 tibi,
439 3896 559 3964 Christe,
573 3897 658 3953 sacri-

59 3971 156 4028 ficium
172 3968 266 4026 laudis
278 3969 471 4036 immolamus
489 3984 540 4040 pro
561 3968 656 4024 multi·

59 4043 159 4099 tudine
175 4039 310 4101 bonitatis
325 4047 391 4109 tuae,
408 4055 492 4111 quam
511 4039 658 4096 ostendisti

60 4113 144 4171 nobis
158 4110 260 4167 semini
274 4127 407 4183 nequam,
423 4111 489 4166 liliis
503 4111 658 4181 sceleratis,

60 4191 88 4243 et
101 4182 234 4257 perditis.
251 4184 318 4240 Cum
336 4182 412 4239 enim
426 4182 519 4238 adhuc
533 4198 659 4240 essemus

61 4254 171 4314 inimici
186 4253 239 4324 tui,
259 4252 387 4327 Domine,
405 4258 434 4310 et
448 4251 565 4324 antiqua
583 4269 661 4312 mors

699 2331 844 2404 mysterio,
858 2339 890 2388 ut
902 2335 1000 2389 eadem
1017 2335 1116 2401 lllaria,
1127 2352 1191 2406 quae
1206 2340 1298 2390 mater

700 2404 748 2460 [lei
775 2404 931 2460 secundum
956 2420 1070 2461 carnem
1093 2423 1156 2463 esse
1182 2405 1296 2471 meruit,

699 2481 773 2532 etex
793 2474 881 2544 regali
901 2491 1015 2546 genere,
1032 2482 1059 2531 et
1079 2493 1111 2533 ex
1127 2475 1298 2534 sacerdolali

699 2545 809 2618 origine
825 2550 999 2614 nasceretur,
1015 2547 1049 2602 de
1065 2563 1121 2617 qua
1135 2548 1222 2604 Filius
1237 2546 1297 2615 llei,

699 2617 745 2689 qui
769 2620 828 2672 lica
847 2622 886 2671 est
907 2621 935 2671 et
955 2618 1086 2673 Sacerdos
1109 2622 1138 2673 iu
1154 2624 1295 2681 aternum,

698 2703 801 2758 corpus
836 2686 967 2742 hnmana
1002 2688 1095 2743 carnis
1130 2689 1296 2760 assumpsit.

699 2762 779 2815 Anno
798 2763 893 2814 autem
914 2757 1025 2830 imperii
1042 2761 1159 2830 Augusti
1184 2760 1298 2817 circiter

699 2848 783 2898 xxvn,
799 2834 866 2885 nata
888 2835 931 2885 est
949 2830 1073 2900 gloriosa
1090 2831 1172 2904 l'irgo
1197 2832 1298 2900 Aleria,

700 2919 732 2958 cx
752 2906 831 2973 patre
848 2901 976 2958 loachim
999 2903 1035 2959 de
1055 2906 1205 2972 llazareth,
1222 2909 1298 2961 etex

700 2979 790 3029 matre
818 2977 902 3028 Anna
928 2972 962 3028 de
991 2975 1111 3046 Sephor,
1131 2977 1235 3048 oppido
1255 2975 1298 3032 di·

700 3049 791 3101 stante
803 3043 840 3099 ad
852 3043 922 3100 duas
931 3044 1026 3102 leucas
1036 3047 1229 3116 deNazareth,
1242 3063 1300 3104 am·

701 3117 791 3171 bobus
801 3115 885 3185 justis
896 3123 961 3172 arrto
973 3119 1071 3173 Deum.
1081 3119 1131 3185 Qui
1146 3136 1197 3192 per
1208 3135 1300 3175 annos

703 3186 797 3314 viginti
820 3186 899 3258 prole
924 3195 1062 3255 carentes,
1089 3207 1141 3261 pro
1167 3192 1300 3247 habenda

702 3274 733 3313 so
755 3258 799 3314 ole
827 3266 991 3327 oraverunt,
1012 3268 1145 3316 voventes
1170 3279 1200 3316 se
1221 3261 1299 3318 illam

703 3329 823 3386 llomino
837 3329 993 3386 oblaturos.
1005 3331 1073 3386 Cum
1086 3337 1179 3386 aulem
1190 3332 1300 3389 videret

703 3402 832 3458 issachar
843 3401 987 3469 sacerdos,
1002 3401 1129 3456 Joaehim
1144 3401 1219 3457 inter
1233 3419 1300 3459 con·

702 3472 777 3528 cives
804 3488 870 3527 suos
894 3487 957 3527 cum
983 3472 1125 3529 oblatione
1154 3472 1299 3543 assistere,

701 3541 808 3614 sprevit
836 3542 916 3623 illum
943 3542 1140 3615 improperans
1166 3546 1299 3604 sterilita-

702 3620 771 3670 tem.
795 3614 848 3680 Qui
870 3613 1033 3686 improperii
1060 3617 1168 3687 pudore
1187 3619 1224 3674 ad
1269 3636 1299 3676 a·

702 3691 794 3741 stores
814 3700 948 3756 pecorum
976 3702 1090 3743 suorum
1115 3706 1144 3746 se
1165 3635 1298 3755 contuiiu

702 3756 797 3827 ibique
823 3757 954 3828 apparuit
980 3757 1006 3814 ei
1035 3760 1159 3830 Angelus
1186 3761 1298 3819 llomini

701 3828 864 3884 confortans
887 3844 963 3896 eum,
988 3835 1016 3886 et
1035 3830 1131 3888 diceus
1154 3834 1300 3891 orationes

702 3899 763 3965 ejus
778 3899 934 3967 exauditas,
951 3907 979 3956 ct
996 3901 1190 3974 eleemosynas
1203 3922 1300 3962 asceu-

702 3970 778 4026 disse
794 3969 822 4026 in
838 3978 990 4043 corispeclu
1007 3974 1066 4029 liei.
1084 3977 1206 4032 'l'crliam
1223 3977 1300 4034 enim

703 4047 812 4113 purtem
832 4043 998 4101 substantivo
1016 4062 1075 4101 sum
1093 4048 1178 4104 (latrat
1193 4063 1299 4120 paupe·

704 4114 792 4181 rihuS,
805 4120 833 4171 et
847 4114 960 4172 tertiam
976 4117 1081 4188 templo
1097 4124 1125 4173 et
1140 4119 1236 4190 templi
1252 4117 1302 4173 uri·

704 4185 815 4255 nislris3
842 4187 877 4243 de
906 4187 962 4243 alia
987 4189 1071 4243 tertia
1096 4189 1217 4256 vivebat,
1237 4203 1299 4243 rom

705 4257 790 4313 domo
813 4275 873 4316 sna.
900 4261 934 4315 Et
952 4259 993 4316 ait
1015 4259 1041 4316 ei
1060 4261 1210 4330 Angelus:
1232 4261 1301 4313 llcro

1098 4506 1328 4638 J'*
