2790 4912
498 107 538 163 D!
565 108 735 164 barrisno
762 109 894 165 bollini.
1273 115 1318 172 m

84 209 540 285 hunttrigesimomannumnihil
549 210 672 269 inienio.

90 284 169 345 nne
179 300 249 341 iero
263 284 320 340 'aiii
334 298 391 339 nou
405 287 499 355 potest
512 282 612 351 latere,
625 282 673 355 qui

93 358 150 417 in
174 354 252 413 niani
264 358 326 411 este
348 353 561 410 demonstratur
586 355 675 410 aPa-

54 434 58 439 '
97 432 139 487 ui
153 445 162 485 z
176 448 193 479 ι
218 426 281 483 haee
307 425 475 481 Bai-nordio.
502 427 537 481 Et
552 425 614 482 haee
631 429 674 482 est

100 498 241 559 monus
266 511 353 568 quam
368 511 455 568 supra
472 495 604 578 allegavi,
621 511 673 568 per

103 584 174 645 μιι
187 571 307 642 apparet
322 565 464 639 quomodo
479 565 560 623 siluit
577 566 673 624 Bomi-

103 656 149 701 us
158 638 282 699 lesusad
296 642 424 695 nostram
438 637 671 708 instructionem3

107 711 245 771 suendo
254 726 316 778 ore,
328 709 461 766 instruxit
472 725 568 782 opere.
583 709 675 781 Ipsius

107 780 177 856 hibin
187 781 317 853 exemplo
332 781 414 837 stude
431 786 460 837 et
476 786 506 837 tu
526 779 675 837 taciturni·

107 852 254 937 htipquia,
271 850 320 924 qui
339 852 374 909 de
393 851 525 909 omnibus
539 855 624 920 tacet,
639 851 676 908 de

108 923 674 997 winihospaeemhabet.Stude,inquam,

108 994 234 1065 autem
250 994 328 1068 quia,
344 1000 375 1051 ut
389 994 429 1051 ait
443 996 617 1058 Ambrosius,
631 1008 677 1049 ra-

108 1066 205 1125 iiorest
216 1066 331 1123 tacendi
341 1065 442 1135 virtus,
453 1080 539 1137 quani
554 1065 674 1135 loquen-

108 1136 138 1195 n
157 1137 256 1195 Vidisti
272 1153 340 1209 ergo
367 1136 414 1195 ubi
436 1152 471 1193 uo
495 1136 528 1193 in
554 1134 675 1196 Bomino

108 1208 160 1291 ipsu
178 1208 367 1291 bumilitatem
386 1154 531 1276 redolere,
550 1222 613 1279 quae
632 1210 675 1288 est

109 1280 351 1351 tntusmagnitica,
364 1284 393 1336 et
406 1279 488 1336 valde
497 1292 673 1344 necessaria3

108 1364 133 1407 th
149 1350 250 1423 quipe
277 1350 433 1407 studiosius
457 1348 620 1421 quaercnda,
647 1353 675 1403 et

109 1420 175 1479 ibini
227 1424 372 1479 eetuosius
390 1421 514 1477 amanda
530 1427 583 1489 est,
607 1418 674 1490 quia

109 1491 225 1550 boniiiius
236 1492 267 1548 in
283 1491 404 1563 singulis
415 1491 525 1548 actibus
538 1491 597 1548 suis
613 1496 672 1547 stu·

108 1560 154 1621 icit
167 1563 265 1621 camsi
308 1569 391 1620 anter
403 1564 567 1631 observare,
582 1566 610 1618 et
624 1578 672 1618 ex·

106 1634 211 1719 mptum
226 1634 256 1690 in
278 1632 372 1692 ealiis
385 1634 543 1691 ostendere.

130 1725 158 1763 io
169 1708 301 1763 Treuiris
314 1722 381 1761 rosr
393 1706 502 1762 Cunisri
518 1707 673 1761 Barrisiiuii

103 1790 217 1839 monebo
232 1793 414 1832 pirinaei-iunii
425 1793 567 1833 irrinmr.
581 1796 616 1825 -ι
629 1776 674 1833 Sic

100 1847 195 1930 erpoin
204 1848 261 1905 boe
269 1863 355 1919 opere
364 1846 598 1904 excellentissimo
614 1853 673 1903 tota

39 1974 43 1995 ¹
99 1916 209 1977 inuitas
236 1919 321 1975 modo
344 1918 479 1990 singulari
503 1934 534 1974 se
554 1918 672 1974 manile-

39 2002 42 2019 '
96 1990 187 2073 tando
202 1989 351 2117 apparuit,
368 1990 446 2061 largo
465 1989 671 2061 apparitionem

94 2072 144 2119 toci
165 2077 213 2119 ien
236 2078 271 2131 o;
287 2066 370 2118 etsie
387 2061 532 2118 Trinitatis
546 2076 670 2132 prasen-

91 2131 127 2190 b'a
141 2077 308 2205 Baptismus
318 2136 508 2189 consecratur.
523 2135 607 2188 Pater
620 2146 670 2202 ap-

91 2203 180 2276 paruit
197 2202 228 2260 in
241 2219 322 2273 voce,
338 2203 425 2260 Filius
442 2203 471 2259 iii
491 2202 606 2259 homine
620 2218 671 2258 seu

89 2290 183 2345 carne,
196 2274 322 2347 Spiritus
338 2278 456 2332 Sanctus
476 2274 506 2330 in
527 2274 668 2330 columba.

88 2346 259 2429 biberenter
270 2353 378 2428 tamen,
394 2345 460 2427 quia
480 2344 566 2402 Filius
582 2360 670 2426 appa·

87 2424 140 2475 ruit
154 2434 186 2473 in
199 2418 317 2473 homino
335 2433 365 2472 in
387 2421 493 2473 unitate
512 2421 648 2488 suppositi
661 2433 668 2484 ;

85 2488 134 2547 ted
152 2488 186 2545 in
202 2487 382 2560 apparitione
401 2488 519 2544 aliarum
534 2502 669 2559 persona-

84 2574 147 2617 ruin
158 2564 225 2617 erat
237 2557 305 2615 unio
316 2575 366 2630 per
374 2559 489 2615 modum
500 2557 583 2628 sigui.
597 2559 669 2614 Caro

83 2628 160 2688 mim
178 2629 263 2687 unita
276 2634 338 2687 erat
349 2629 419 2687 Filio
438 2630 466 2686 in
482 2629 590 2687 unitate
604 2644 670 2700 sup-

136 2700 188 2769 iti;
204 2716 258 2757 vor
284 2707 378 2758 autem
404 2706 432 2757 et
457 2701 590 2757 columba
613 2716 669 2755 non

83 2716 230 2830 mebant
244 2772 383 2829 unitatem
396 2771 532 2844 suppositi
544 2787 607 2827 cum
619 2772 670 2826 Pa-

83 2847 172 2900 treet
186 2842 294 2915 Spiritu
316 2845 430 2913 Sancto,
446 2842 495 2899 sed
512 2847 625 2898 tautum
640 2841 669 2897 iii

82 2913 307 3042 pmsentatione
318 2914 402 2985 signi.
415 2917 447 2971 ln
455 2914 588 2981 columba
600 2927 668 2984 ergo

94 2984 136 3043 uit
149 2984 284 3059 Spiritus,
299 3002 354 3042 non
367 2983 487 3057 Spiritus
498 2983 551 3041 tuit
562 2986 669 3040 colum-

83 3057 132 3139 ba²
141 3072 207 3128 qua
221 3056 247 3113 ei
260 3062 357 3114 tamen
371 3073 427 3130 non
438 3055 492 3112 tuit
503 3054 596 3122 unita;
611 3071 668 3111 uon

82 3142 161 3185 euim
174 3126 230 3185 luit
245 3128 465 3194 incolumbatus,
485 3126 552 3198 quia
565 3132 670 3199 prater

82 3204 217 3255 naturam
237 3201 390 3256 humanam
415 3213 568 3269 numquam
591 3213 669 3253 crea·

81 3278 149 3327 turo
179 3270 275 3341 aliqua
307 3271 359 3327 luit
395 3272 453 3326 Deo
482 3268 670 3341 personaliter

82 3339 184 3410 uuita3
199 3358 252 3398 nee
265 3342 349 3398 intuit
365 3341 389 3398 ci
405 3339 603 3413 pergratiam,
619 3338 669 3395 sed

80 3427 135 3485 per
162 3412 373 3485 apparitionem
393 3417 421 3470 et
440 3411 570 3483 signum;
593 3427 667 3483 quae,

80 3484 303 3565 peractoolllcio
312 3501 362 3541 suo
373 3489 436 3556 post
449 3481 668 3555 apparitionem,

81 3555 668 3707 llhfflllltltbllltltutibus·

660 3665 668 3691 t

81 3697 159 3753 sicut
172 3700 259 3754 etiam
274 3669 396 3755 se’iititor
407 3698 443 3754 de
453 3696 516 3753 aliis
528 3694 627 3767 liguris
639 3694 668 3750 in

81 3766 189 3839 quihus
215 3769 350 3826 Dominus
372 3767 512 3896 apparuit.
531 3765 669 3838 Apparuit

79 3842 180 3895 sutem
193 3840 358 3912 mysterium
397 3837 529 3905 ciuitatis,
549 3839 668 3893 Domino

81 3909 439 4108 pilularum
458 3909 667 4053 uitium

121 4056 183 4125 nte,
192 4068 252 4112 non
264 4056 308 4111 est
319 4052 477 4127 baptizatus
491 4050 667 4126 Baptismate

730 228 792 282 suo,
811 212 862 270 sed
886 215 1017 272 loannis.
1037 216 1198 289 Baptismus
1218 224 1316 279 autem

728 285 846 364 Joanms
859 285 983 343 dabatur
1000 286 1030 343 in
1049 289 1164 346 nomine
1182 291 1313 362 venturi3

728 357 890 437 Baptismus
908 372 976 413 voro
997 358 1098 416 Christi
1117 361 1246 418 daturin
1265 378 1316 420 no·

727 441 804 509 nimo
828 427 994 497 Trinitatis;
1014 435 1042 486 et
1057 429 1121 488 ideo
1141 447 1199 489 nou
1218 433 1314 490 decuit

728 514 757 554 iu
776 504 840 554 actu
855 499 1003 571 Baptismi,
1024 501 1075 558 sed
1094 508 1194 575 postea
1207 519 1314 562 nomen

727 568 874 626 Trinitatis
897 570 1041 642 explicari,
1066 578 1097 629 ut
1112 573 1249 632 distantia
1262 591 1314 648 pn·

728 644 809 723 teret·
826 640 903 697 iuter
921 642 1093 714 baptismum
1109 645 1244 716 Joaunis,
1265 645 1314 718 qui

729 727 786 768 non
801 728 832 767 in
849 712 965 769 nomine
979 714 1125 772 Trinitatis
1139 717 1271 785 dabatur,
1285 722 1315 774 et

729 782 803 839 inter
828 783 1002 855 Baptismum
1032 785 1146 855 Christi,
1176 787 1221 844 cui
1253 790 1315 846 haec

730 854 821 937 torma
835 856 1010 912 serrabatur.
1028 859 1060 912 Et
1087 873 1138 928 per
1157 859 1243 915 taleni
1263 875 1314 932 ap·

729 931 899 997 pontionem
916 927 1062 984 Trinitatis
1074 928 1215 999 baptizato
1232 929 1313 986 Chri-

730 1001 774 1053 sto
796 997 910 1065 tactam,
938 998 1129 1069 significatum
1158 1000 1210 1057 luit
1237 1000 1315 1072 quod

730 1066 891 1137 Baptismus
910 1068 1026 1125 deberet
1055 1070 1178 1126 conferri
1203 1070 1233 1126 in
1261 1088 1313 1128 no·

730 1137 807 1194 mine
824 1138 916 1195 Patris
930 1144 958 1194 el
973 1139 1032 1195 Filii
1053 1145 1081 1196 et
1105 1140 1227 1212 Spiritus
1246 1142 1314 1199 San·

729 1208 777 1265 eti.
798 1211 829 1265 lii
844 1208 987 1281 primitiva
1008 1216 1102 1266 tamen
1123 1211 1258 1280 Ecclesia,
1273 1212 1312 1269 ad

729 1285 852 1352 tempus,
872 1281 992 1338 collatus
1017 1281 1067 1337 luit
1096 1281 1256 1354 Baptismus
1281 1281 1313 1339 iii

728 1351 845 1408 nomine
858 1350 972 1422 Christi,
989 1357 1019 1409 ut
1036 1369 1136 1409 nomen
1159 1353 1262 1410 Christi
1283 1353 1313 1411 in

729 1422 889 1479 reverentia
903 1423 1055 1480 haberetur
1080 1423 1193 1495 majori,
1214 1423 1250 1481 ad
1265 1440 1313 1481 ex·

729 1494 900 1551 cludendum
915 1494 1027 1551 illorum
1047 1511 1174 1552 errorem
1192 1494 1239 1567 qui
1254 1494 1314 1551 vir-

729 1571 818 1621 tutem
846 1565 982 1637 Baptismi
1010 1567 1202 1623 attribuebant
1230 1565 1313 1623 mini·

729 1636 807 1706 stris,
822 1635 949 1693 diceutes
965 1654 972 1692 τ
990 1640 1048 1707 Epo
1071 1654 1131 1693 sum
1156 1639 1248 1703 Pauli,
1264 1652 1312 1706 epo

728 1713 819 1763 autem
842 1709 946 1779 Cepha,
970 1713 1037 1776 ete..
1065 1710 1113 1766 sed
1141 1707 1196 1764 illis
1220 1708 1313 1767 causis

729 1776 916 1849 cessantibus,
927 1777 1315 1837 rediitEcclesiaadlormam

727 1850 902 1977 pradictam.
919 1852 953 1906 Et
966 1851 1082 1922 ponitur
1099 1849 1146 1907 hic
1161 1851 1261 1924 triplex
1272 1851 1312 1908 el-

738 1928 817 1978 ectus
854 1921 1000 1994 Baptismi,
1036 1939 1119 1993 quem
1151 1923 1313 1995 Baptismus

727 1993 964 2061 causat,maiime
979 2000 1042 2064 post
1058 1992 1221 2050 Passionem
1230 1993 1310 2052 Chri-

727 2064 775 2133 sti,
799 2063 906 2121 scilicet
922 2086 928 2120 :
947 2065 1009 2120 coeli
1030 2064 1151 2134 apertio,
1167 2064 1235 2135 quia
1256 2080 1312 2121 coa·

726 2135 820 2191 lorum
842 2150 930 2204 regna
948 2140 1047 2205 patent
1066 2135 1173 2190 renatis
1203 2134 1234 2189 in
1254 2136 1305 2190 Ba-

725 2206 845 2287 ptismo;
862 2204 982 2331 sgiritus
994 2204 1087 2262 Sancti
1108 2204 1215 2285 missio,
1231 2205 1311 2275 cujus

726 2282 818 2348 gratia
832 2292 865 2332 ac
900 2291 985 2331 onum
1005 2276 1149 2331 couiertur
1162 2290 1193 2329 iii
1208 2289 1263 2342 eo;
1281 2278 1310 2331 et

726 2354 847 2420 paterna
858 2345 973 2413 locutio,
987 2362 1050 2417 qum
1065 2344 1221 2415 baptizatos
1230 2360 1309 2425 rege-

727 2423 809 2474 nerat
834 2416 862 2473 in
893 2416 966 2471 lilios
991 2414 1163 2487 adoptionis,
1185 2413 1233 2487 qui
1255 2414 1309 2472 sibi

726 2488 913 2560 complacent,
929 2485 995 2558 quia
1013 2502 1065 2558 per
1085 2485 1257 2557 Baptismum
1273 2485 1309 2543 de

727 2559 793 2617 liliis
808 2559 857 2615 irae
872 2558 945 2614 liunt
958 2557 1009 2613 silii
1023 2556 1132 2628 gratiae,
1149 2563 1177 2613 et
1190 2573 1309 2628 regene-

726 2635 826 2688 rantur
841 2629 871 2686 in
893 2645 971 2711 spem
987 2629 1052 2685 vitae
1071 2634 1194 2685 aeteruae.
1210 2627 1309 2686 Consi·

726 2703 795 2759 dena
807 2701 868 2758 haee
889 2702 1002 2773 singula
1015 2700 1166 2772 diligenter
1184 2704 1213 2757 et
1231 2699 1310 2782 erige

725 2772 863 2841 animum,
884 2778 925 2842 ut,
949 2778 1048 2844 aperto
1073 2774 1133 2845 jam
1162 2770 1309 2828 Trinitatis

726 2845 809 2913 coelo,
823 2859 935 2901 sursum
947 2843 1048 2900 teraris
1061 2843 1090 2900 in
1104 2846 1203 2900 Deum.
1214 2842 1310 2898 liihu-

726 2916 845 2972 militate
870 2930 981 2986 quoque
1000 2914 1103 2971 mentis
1125 2913 1256 2985 persiste,
1280 2915 1311 2967 ut

726 2985 846 3059 Spiritus
859 2985 953 3042 Sancti
966 2986 1040 3040 dono
1053 2990 1081 3039 et
1094 2989 1214 3055 paterna
1226 2980 1312 3038 collo·

725 3058 792 3129 quio
803 3056 949 3112 munerari
959 3053 1105 3111 merearis.
1121 3053 1201 3109 Unde
1215 3052 1312 3130 Auset-

724 3144 802 3183 mus:
813 3146 827 3178 <i
840 3129 872 3181 lii
881 3125 1017 3192 iordane,
1030 3125 1082 3179 sub
1094 3137 1179 3177 manu
1190 3123 1310 3177 loannis

724 3215 754 3255 se
769 3197 805 3254 ad
820 3195 994 3268 Baptismum
1014 3196 1141 3251 Christus
1156 3189 1308 3269 inclinans,

745 3274 873 3325 aternam
888 3281 985 3322 vocem
1003 3263 1121 3331 audivit,
1141 3268 1169 3319 et
1187 3260 1309 3342 Spiritus

725 3285 821 3397 §aucti
831 3338 985 3394 adventum
995 3336 1022 3392 iii
1033 3335 1163 3391 columba
1173 3335 1308 3405 suscepit,

725 3416 756 3467 ut
770 3425 823 3466 nos
837 3408 952 3465 doceret
972 3407 1002 3464 iii
1020 3406 1177 3462 hnmilitate
1193 3404 1308 3474 mentis,

725 3498 789 3555 quae
802 3497 854 3553 per
867 3479 1021 3538 Jordauem
1036 3482 1160 3544 notatur,
1176 3473 1310 3532 iordanis

725 3553 802 3609 enim
824 3553 961 3608 descensio
975 3565 1073 3607 eorum
1095 3548 1309 3619 interpretatur,

725 3625 830 3681 debere
845 3622 1012 3690 consistere,
1028 3620 1124 3691 ibique
1134 3616 1248 3690 superni
1259 3618 1311 3673 Pa-

725 3695 777 3751 tris
791 3693 925 3751 honorari
949 3691 1100 3763 colloquio,
1119 3691 1154 3747 de
1169 3705 1225 3761 quo
1240 3686 1312 3744 dici·

724 3772 772 3823 tur
787 3783 794 3821 t
810 3767 882 3833 Ouio
896 3781 957 3821 eum
967 3765 1141 3835 simplicibus
1149 3762 1313 3817 sermocina-

725 3840 763 3893 tio
778 3837 854 3907 ejus;
871 3840 899 3893 et
914 3835 1034 3917 Spiritus
1051 3832 1146 3891 Sancti
1159 3829 1312 3912 prasentia

726 3905 883 3975 sublimari,
899 3922 948 3979 qui
962 3922 1048 3978 sopor
1063 3903 1184 3961 humiles
1196 3915 1310 3982 requie·

726 3978 789 4048 scit,
803 3983 831 4034 et
840 3979 895 4035 hoc
907 3981 960 4036 sub
973 3974 1196 4042 manuJoannis,
1206 3970 1312 4050 quilici

725 4053 820 4122 pretio
831 4048 948 4119 dicitur;
964 4053 996 4105 ut
1008 4047 1103 4105 eidem
1115 4043 1214 4117 gratiae
1226 4038 1311 4113 quid·
