2790 4912
149 294 199 349 20²

150 397 292 456 domante
311 396 429 465 domuit,
445 400 476 453 et
498 412 654 469 numquam
671 395 734 453 sino

149 485 217 528 casu
233 470 365 527 diabotus
390 468 537 525 adoratur.
557 469 638 526 Unde
663 470 734 525 Aur·

512 293 621 348 Pitiss
647 292 769 349 rubris
796 290 903 347 CAPUT
927 286 1011 343 ml

787 392 1000 453 subaudiatur:
1027 390 1365 465 vadeioigomtae-

786 463 920 539 numqui
939 463 1375 537 paratusesttibimttagfl'.

149 544 282 599 drusius:
305 562 321 592 o
338 541 428 595 Habet
449 539 526 595 enim
547 539 667 596 ambitio
679 540 733 596 do·
785 538 853 595 tanis.
867 558 884 589 a
911 535 1019 593 Deinde
1044 535 1185 593 nonium
1200 536 1384 619 submit&

148 614 297 671 mesticum
309 612 476 682 perirutum,
484 615 515 668 et
527 616 559 667 ut
568 611 734 668 dominetur

50 685 52 689 ’
149 683 214 742 aliis
238 686 317 754 prius
335 682 431 750 seruit,
449 687 478 738 et
500 688 634 739 curvatur
647 684 733 740 obse-

147 754 228 827 quio,
237 760 267 810 ut
279 756 387 810 honora
401 754 534 822 donetur,
548 758 579 809 et
591 754 658 811 dum
672 754 733 810 vuit

148 840 213 883 esse
237 825 395 893 sublimior,
413 824 447 881 tlt
462 824 619 882 remissior.
634 825 733 882 Omnis

150 897 268 971 quidem
283 902 421 967 potestas,
446 901 477 952 et
496 896 640 953 ordinatio
654 904 734 969 pote-

149 974 254 1025 statum
269 984 287 1023 a
301 970 356 1023 Deo
368 968 480 1035 est,sed
491 983 510 1024 a
522 970 597 1025 maio
611 974 734 1040 potesta-

148 1041 187 1096 tis
209 1039 344 1107 ambitio3
360 1055 412 1095 nec
431 1045 477 1095 est
502 1044 629 1111 potestas
647 1042 733 1109 mata,

149 1112 201 1168 sed
215 1110 298 1182 isqui
315 1112 388 1167 maie
412 1110 500 1167 utitur
513 1118 664 1183 potestate.
681 1115 733 1168 ito·

148 1198 248 1239 eemur
276 1198 344 1255 ergo
367 1181 553 1240 ambitionem
575 1183 734 1255 despicere,

149 1270 186 1311 oo
201 1254 278 1325 quod
297 1253 447 1310 diabolicae
468 1255 598 1328 subiacet
610 1260 734 1328 potesta·

149 1324 172 1382 ti
188 1341 195 1380 :
210 1346 224 1375 u
242 1327 303 1381 hauc
318 1327 489 1382 Ambrosius.

190 1401 221 1453 ι8
241 1400 348 1453 laruam
366 1415 482 1453 rnornm
495 1413 665 1466 wunsam,
685 1415 734 1453 sen

149 1486 206 1527 son
221 1487 326 1525 urrunnu
350 1486 445 1525 ιιιιτι
472 1470 541 1539 tino,
557 1487 600 1526 our
615 1487 673 1525 som
685 1486 734 1525 ιι-

150 1558 220 1597 min
246 1558 347 1597 connis
365 1557 495 1596 nssrrrn.
517 1572 552 1583 -
571 1542 627 1598 Sed
644 1548 673 1597 et
688 1539 735 1595 iric

152 1611 295 1669 homicida
309 1612 357 1667 itio
372 1611 529 1679 succubuit,
541 1618 571 1668 et
584 1613 734 1681 Dominus,

151 1688 182 1740 et
194 1684 286 1738 uictor
306 1682 476 1740 auctoritate
500 1682 596 1740 diuina
613 1683 733 1739 commi·

150 1760 312 1810 natussum
324 1754 429 1825 atp'ecit
437 1755 629 1811 ctabscedore
637 1754 732 1827 jussit.

152 1828 228 1882 Tunc
241 1826 320 1881 enim
335 1827 404 1881 dicit
419 1829 549 1881 citerus:
562 1828 638 1884 Vade
651 1831 679 1883 ct
691 1842 735 1882 ro-

150 1897 221 1953 uede
236 1915 251 1952 u
266 1914 322 1963 nie,
331 1897 575 1969 sciticotinignem
583 1903 733 1968 aternum,

151 1970 267 2027 Sutorio.
285 1967 331 2037 qui
351 1969 462 2024 veritati
479 1973 509 2024 et
524 1970 671 2025 bominum
686 1986 733 2025 sa-

150 2038 203 2093 luti
218 2038 389 2093 actrersaris.
407 2040 438 2093 in
463 2055 529 2109 quo,
544 2046 577 2095 ut
599 2043 639 2096 ait
651 2043 736 2111 Otry-

150 2114 294 2171 sostouius,
310 2108 397 2163 florem
412 2109 540 2165 tentandi
554 2110 669 2167 diabolo
686 2129 736 2183 po·

152 2177 204 2245 nit,
213 2194 250 2233 na
265 2180 464 2249 progrediatur
476 2180 595 2237 ulterius
609 2187 734 2241 tentans.

149 2251 290 2307 Continuo
306 2250 382 2306 enirn
395 2251 474 2307 illurn
488 2251 518 2308 in
528 2253 624 2323 fugam
639 2255 734 2324 vortit,

150 2336 243 2391 neque
256 2320 319 2376 aitis
331 2323 390 2392 jam
405 2339 470 2379 eum
487 2339 539 2393 per
552 2325 736 2397 semetipsum

150 2392 356 2449 tentationibus
371 2394 499 2465 appetiit.
516 2396 568 2451 Ubi
583 2396 669 2454 etiam
683 2397 735 2453 do·

149 2478 248 2521 demur
263 2468 392 2536 proprias
407 2464 525 2537 injurias
541 2474 665 2539 portare,
686 2469 736 2524 scd

149 2537 227 2591 nulio
239 2537 323 2592 inodo
334 2537 381 2593 Dei
392 2537 511 2610 injurias
520 2539 736 2596 toiemro.Undo

148 2605 226 2663 idem
240 2610 446 2676 chrysostomus
462 2629 471 2664 ε
487 2630 503 2661 o
518 2610 657 2680 Cin-istos,
670 2627 734 2667 curn

192 2695 256 2735 ssus
280 2680 380 2736 inisset
408 2681 571 2738 tentationis
591 2682 736 2755 injurians,

171 2750 263 2805 icente
277 2750 330 2805 sibi
342 2752 456 2807 citatioto
471 2753 519 2810 :si
535 2752 620 2810 Filius
634 2754 683 2810 nei
694 2771 736 2823 es,

149 2819 230 2874 mitte
247 2827 275 2874 te
298 2822 443 2889 deorsum,
459 2830 574 2880 nonest
594 2827 736 2893 turbatus,

150 2904 202 2945 nec
215 2888 362 2945 diaboturn
373 2892 539 2964 increpavit.
552 2898 631 2951 Nunc
641 2904 736 2952 utitem

48 3008 50 3012 ι
148 2959 265 3029 quando
284 2960 413 3019 diabotus
443 2965 493 3019 idei
513 2965 565 3020 sibi
589 2968 736 3039 usurparit

149 3030 301 3108 bonorem,
321 3031 446 3088 ‹iiccnst
474 3038 539 3090 iiiuc
564 3037 660 3094 omnia
684 3038 735 3095 tibi

147 3099 235 3167 dabo,
249 3116 272 3154 si
286 3101 400 3169 carious,
415 3103 580 3161 adoraveris
599 3124 655 3176 me,
671 3126 735 3166 esa-

148 3186 164 3228 s
202 3175 280 3226 ratus
294 3178 337 3227 ost
354 3178 381 3228 et
397 3176 500 3246 reputit
522 3193 600 3243 eum,
613 3179 712 3236 dicens
726 3198 733 3236 :

173 3243 238 3311 ade,
255 3246 378 3312 Satano3
394 3250 425 3303 ut
436 3263 489 3302 nos
504 3247 578 3304 iilius
592 3249 736 3307 discamus

145 3315 276 3397 exempto
291 3322 405 3398 nostras
414 3317 529 3389 quidem
541 3319 660 3392 injurias
675 3340 733 3379 ma·

168 3393 322 3444 nannniter
336 3394 489 3459 sustinere,
507 3390 556 3447 Dei
578 3398 674 3450 autern
689 3394 733 3449 in-

143 3402 237 3583 iurias
252 3476 347 3542 nequir
363 3476 453 3532 usque
475 3462 657 3521 adauditum
678 3466 734 3521 sui-

156 3546 240 3597 erre3
263 3546 397 3602 quomam
419 3532 448 3589 io
473 3534 597 3607 propn'is
621 3535 733 3592 in'nriis

145 3614 209 3655 esse
228 3604 392 3680 quempiam
416 3604 570 3675 patientem
589 3607 617 3663 la
658 3607 732 3664 abite

144 3676 214 3750 est,
229 3673 347 3751 injurias
364 3679 460 3731 autern
480 3678 529 3732 Dei
551 3677 733 3735 dissimulare

145 3754 231 3795 nimis
246 3743 366 3813 impium
380 3752 433 3802 est.
447 3767 463 3797 o
484 3748 535 3805 Ubi
551 3753 581 3803 et
596 3752 731 3819 Hierony-

144 3826 206 3865 suus
220 3831 228 3865 :
241 3834 254 3864 s
267 3816 328 3869 Non
342 3817 452 3887 utheri
494 3822 730 3890 aputanteadom

144 3881 276 3962 Satanas,
297 3891 327 3941 ut
353 3889 505 3957 Apustous
532 3892 644 3959 Petrus,
665 3908 730 3949 sen·

143 3956 234 4034 tentia
247 3956 474 4029 condernnatur3
491 3962 575 4018 Petro
592 3963 669 4019 enirn
686 3964 730 4019 di-

143 4028 220 4079 uitur
235 4042 242 4079 :
260 4028 336 4081 Vade
345 4036 418 4085 retro
432 4048 483 4094 me.
500 4034 616 4095 Sutorio.
631 4033 729 4103 idest,

144 4108 265 4176 sequere
280 4112 326 4152 me
343 4099 392 4180 qui
410 4103 573 4160 contrarius
591 4106 734 4163 esvotun·

145 4170 197 4223 tatu
215 4183 302 4235 meae3
323 4169 368 4225 tric
382 4187 448 4227 vero
460 4175 540 4231 audit
555 4193 564 4231 τ
580 4177 668 4245 Vade,
683 4179 732 4235 Sa·

145 4242 223 4308 tuna,
239 4245 266 4296 et
289 4256 346 4296 non
360 4240 466 4299 dieitur
484 4246 513 4301 ai
532 4252 610 4304 rutro
626 4264 684 4319 me,
701 4255 733 4305 ut

786 612 927 681 Scriptura
953 612 994 665 ast
1018 612 1103 671 rain,
1129 606 1212 665 omni
1236 606 1363 669 boni:

787 684 933 738 mium
943 678 1196 748 omniumscitieet
1206 695 1261 751 per
1270 684 1364 761 pun·

786 751 868 822 dum,
883 756 978 816 boon.
995 750 1107 808 scilieet
1124 766 1177 821 per
1189 757 1374 823 mm.

788 830 876 888 bum,
888 822 996 881 adtinet
1008 821 1234 895 quidebetease
1250 828 1365 905 tuusp

787 896 895 953 arton
913 894 1076 967 specialem,
1092 894 1238 958 udorubis,
1253 894 1362 953 iniec.

787 968 856 1038 tide,
869 983 932 1039 spe,
947 972 976 1023 et
987 965 1138 1033 charitate,
1150 970 1179 1021 et
1191 967 1239 1019 ilii
1249 966 1302 1021 soit
1310 978 1360 1022 n·

787 1043 855 1103 aies,
866 1036 993 1095 mucius
1006 1036 1143 1094 seruitute
1157 1036 1260 1093 latrias.
1273 1034 1307 1093 Rt
1316 1048 1359 1109 μ

787 1111 853 1179 boe,
867 1108 1024 1167 secundnm
1037 1109 1241 1179 Aupustiaern,
1256 1122 1310 1165 nus
1319 1120 1358 1165 fl·

787 1181 912 1239 cluditur
922 1180 1044 1238 seruitus
1055 1179 1154 1236 debita
1167 1178 1290 1235 domimo
1299 1182 1361 1237 tn·

789 1253 946 1327 paratibus.
958 1251 1165 1331 Et,secundurn
1179 1248 1360 1321 Beda-,jub

790 1342 854 1381 mur
868 1323 914 1381 hie
924 1322 978 1381 soii
994 1326 1052 1379 Deo
1066 1338 1176 1379 servire
1185 1318 1358 1379 servitutub

789 1397 863 1466 triae,
873 1411 939 1467 quae
950 1394 1004 1451 soti
1016 1392 1175 1451 diuinitatis
1186 1392 1275 1451 cuttui
1285 1390 1359 1451 debs·

790 1474 837 1525 tur
856 1485 864 1537 3
895 1466 973 1524 unde
998 1471 1028 1522 et
1058 1464 1098 1531 tri,
1116 1464 1164 1537 qui
1192 1467 1266 1521 nunc
1289 1460 1356 1521 Ἡ

790 1538 970 1611 impendunt,
976 1538 1150 1599 idobtotria
1157 1538 1356 1607 ooompoun

789 1628 841 1667 seu
858 1613 896 1668 ab
913 1610 1047 1691 Apostoto
1062 1609 1200 1690 J'ubemur
1213 1624 1264 1679 per
1279 1601 1356 1663 dind-

790 1688 878 1739 tutem
890 1680 1123 1737 inuicemserure
1132 1678 1351 1759 seruitutedstb,

789 1770 854 1825 quae
875 1750 1036 1809 communis
1061 1755 1116 1818 est,
1133 1750 1195 1807 sive
1223 1752 1288 1817 noo,
1304 1760 1352 1805 un

790 1824 912 1892 bomini,
926 1824 985 1879 sive
1002 1821 1121 1879 cuilibet
1138 1836 1239 1877 rerum
1252 1824 1356 1877 natat

791 1900 901 1968 imque,
916 1900 950 1951 ut
967 1893 1007 1950 uit
1021 1894 1105 1957 bedu,
1126 1893 1227 1949 dioens
1249 1888 1358 1971 dirbuh·

791 1966 941 2033 Salvatori,
969 1965 1005 2034 si,
1024 1964 1188 2036 procidens,
1216 1962 1358 2043 adoratu!

791 2056 862 2108 mo;
882 2054 899 2094 e
916 2036 1060 2093 contrario
1076 2035 1188 2092 audivit
1212 2034 1287 2107 quod
1308 2044 1358 2105 ιβ

792 2109 883 2179 magis
904 2108 1026 2165 adorare
1042 2108 1146 2164 debeat
1159 2122 1228 2163 orm
1245 2104 1358 2163 iteund

792 2179 945 2239 bominum
963 2194 1048 2236 suum
1077 2177 1160 2249 quasi
1178 2178 1234 2235 sibi
1249 2178 1358 2233 dium

792 2256 853 2309 Non
876 2268 931 2322 ego
953 2256 993 2321 te,
1009 2222 1059 2307 sed
1087 2256 1120 2307 tu
1146 2256 1193 2305 m'e
1220 2244 1361 2331 debeant

793 2328 893 2391 Deum,
907 2322 1039 2379 adorare.
1053 2321 1110 2378 Sed
1122 2321 1257 2377 adoratio
1268 2314 1358 2377 dubii

791 2394 976 2467 subjectionis
988 2398 1042 2461 est,
1059 2408 1117 2449 non
1128 2390 1301 2449 deuotionis.

831 2490 863 2540 ip
875 2468 952 2524 Orno
970 2482 1146 2522 marinosis
1168 2478 1309 2527 ursnueous
1321 2474 1365 2543 ιιι

792 2556 928 2595 sincrum.
960 2568 997 2579 -
1023 2538 1062 2593 Ex
1084 2534 1251 2607 supradicto
1280 2534 1366 2591 orfl

793 2608 960 2668 tentationis
1010 2613 1061 2677 tet,
1075 2604 1366 2687 quoddiabotnsings·

792 2679 971 2755 pitaieviori
994 2678 1212 2751 us,etpnouedit
1226 2678 1367 2749 adgmm.

793 2753 895 2809 deinde
905 2754 940 2808 ad
953 2750 1084 2832 grauiora
1096 2756 1125 2805 et
1133 2750 1254 2832 tandem
1265 2749 1366 2876 ada·

792 2824 1308 2894 sissimainoepitenrmatentatione
1360 2856 1368 2885 .

792 2895 907 2967 quiando
932 2893 1052 2950 tentarit
1078 2892 1227 2949 Christum
1252 2892 1288 2949 du
1302 2889 1367 2963 suh,

791 2984 856 3039 quiae
869 2964 991 3022 tentatio
1010 2963 1080 3021 ieris
1095 2970 1151 3029 est,
1169 2963 1294 3021 maxime
1306 2968 1366 3019 te·-

791 3054 861 3111 pore
874 3036 973 3105 tamis3
987 3042 1016 3093 et
1026 3034 1150 3092 dualiter
1157 3041 1224 3107 post
1238 3036 1367 3115 atiaqu·

792 3109 869 3166 venit
881 3109 918 3165 ad
985 3106 1111 3174 sissima,
1126 3107 1246 3177 quando
1260 3106 1367 3163 tantm

791 3197 858 3237 eum
872 3181 908 3236 de
922 3179 931 3234 i
953 3178 1093 3235 ototatria.
1105 3177 1286 3235 Vicitautem
1295 3174 1366 3235 (ibri-

790 3259 851 3309 stus
877 3250 955 3323 ipsas
980 3249 1164 3317 tentationes,
1189 3248 1237 3306 eis
1266 3249 1295 3305 in
1316 3245 1370 3305 nb

789 3320 1111 3451 rutubus
1128 3322 1369 3460 bitatffl

810 3411 837 3451 ra
887 3410 920 3449 us
967 3410 985 3449 n
1030 3410 1037 3447 ι

787 3471 852 3522 stus
864 3480 914 3521 eas
926 3464 1091 3537 repetiebat.
1108 3462 1154 3520 Sic
1168 3468 1197 3519 et
1211 3464 1303 3519 bomo
1313 3474 1370 3543 ιρι

788 3543 821 3594 ut
831 3536 940 3593 diaboii
952 3535 1124 3591 tentationes
1137 3534 1276 3603 miserit,
1286 3548 1335 3591 eas
1344 3546 1371 3588 ιιι

789 3625 841 3665 suo
862 3607 943 3663 initio
961 3606 1048 3663 debet
1067 3606 1219 3678 repetiere.
1241 3608 1324 3675 itum,
1342 3606 1371 3661 ut

787 3678 858 3735 dicit
869 3682 1067 3747 Hieronymus:
1082 3698 1097 3729 u
1108 3676 1251 3733 Lubricus
1261 3680 1307 3734 est
1318 3690 1369 3733 m·

788 3766 860 3822 pens
881 3749 1027 3821 antiquus,
1043 3754 1073 3805 et
1093 3748 1148 3804 nisi
1169 3748 1266 3817 eapite
1279 3754 1371 3805 tenu·

787 3828 845 3890 tur,
858 3826 933 3877 totus
943 3820 1039 3877 statim
1046 3819 1183 3877 ittabitur.
1197 3821 1291 3877 iiabet
1302 3816 1373 3877 enin

789 3891 1374 4035 racusanus-anatur

789 4035 855 4092 iioet
864 4050 1036 4092 mnsensum
1044 4052 1053 4101 3
1061 4036 1148 4091 babet
1156 4035 1294 4097 modam.
1307 4030 1378 4090 adti-

788 4112 834 4164 cet
848 4105 944 4179 operis
955 4105 1245 4163 consummationum
1264 4104 1318 4163 Ubi
1328 4118 1374 4185 uu·

788 4183 848 4235 tem
866 4177 947 4251 ponit
959 4182 1048 4249 eaput
1060 4176 1266 4249 suggestionis,
1279 4181 1375 4255 statum

789 4252 868 4321 ponit
876 4264 982 4322 eorpus
994 4264 1155 4307 oonmnsus
1165 4266 1175 4318 3
1187 4255 1219 4306 et
1229 4248 1283 4307 obi
1296 4248 1377 4323 pont
