<?xml version="1.0" encoding="UTF-8"?>
<!DOCTYPE html PUBLIC "-//W3C//DTD XHTML 1.0 Transitional//EN"
    "http://www.w3.org/TR/xhtml1/DTD/xhtml1-transitional.dtd">
<html xmlns="http://www.w3.org/1999/xhtml" xml:lang="en" lang="en">
 <head>
  <title>
</title>
<meta http-equiv="Content-Type" content="text/html;charset=utf-8" />
  <meta name='ocr-system' content='tesseract 3.04.00' />
  <meta name='ocr-capabilities' content='ocr_page ocr_carea ocr_par ocr_line ocrx_word'/>
</head>
<body>
  <div class='ocr_page' id='page_1' title='image "./vitajesuchristi02ludogoog_0310.png"; bbox 0 0 2790 4912; ppageno 0'>
   <div class='ocr_carea' id='block_1_1' title="bbox 124 226 1008 302">
    <p class='ocr_par' dir='ltr' id='par_1_1' title="bbox 124 226 1008 302">
     <span class='ocr_line' id='line_1_1' title="bbox 124 226 1008 302; baseline -0.007 0"><span class='ocrx_word' id='word_1_1' title='bbox 124 246 173 302; x_wconf 80' lang='lat' dir='ltr'>aas</span> <span class='ocrx_word' id='word_1_2' title='bbox 476 247 585 300; x_wconf 79' lang='lat' dir='ltr'>rainu</span> <span class='ocrx_word' id='word_1_3' title='bbox 612 246 732 300; x_wconf 85' lang='lat' dir='ltr'>riaris</span> <span class='ocrx_word' id='word_1_4' title='bbox 763 226 867 299; x_wconf 86' lang='lat' dir='ltr'>cirir</span> <span class='ocrx_word' id='word_1_5' title='bbox 895 243 1008 297; x_wconf 82' lang='lat' dir='ltr'>xxxvi</span> 
     </span>
    </p>
   </div>
   <div class='ocr_carea' id='block_1_2' title="bbox 123 348 1385 2856">
    <p class='ocr_par' dir='ltr' id='par_1_2' title="bbox 123 348 1385 2856">
     <span class='ocr_line' id='line_1_2' title="bbox 125 348 1350 479; baseline -0.008 -66"><span class='ocrx_word' id='word_1_6' title='bbox 125 352 204 413; x_wconf 74' lang='lat' dir='ltr'>aliud</span> <span class='ocrx_word' id='word_1_7' title='bbox 219 357 263 408; x_wconf 89' lang='lat' dir='ltr'>est</span> <span class='ocrx_word' id='word_1_8' title='bbox 276 367 371 409; x_wconf 87' lang='lat' dir='ltr'>serino</span> <span class='ocrx_word' id='word_1_9' title='bbox 386 352 501 420; x_wconf 90' lang='lat' dir='ltr'>multus,</span> <span class='ocrx_word' id='word_1_10' title='bbox 515 351 592 409; x_wconf 90' lang='lat' dir='ltr'>aliud</span> <span class='ocrx_word' id='word_1_11' title='bbox 606 351 715 410; x_wconf 90' lang='lat' dir='ltr'>diutur-</span> <span class='ocrx_word' id='word_1_12' title='bbox 767 352 916 422; x_wconf 72' lang='lat' dir='ltr'>temptorum</span> <span class='ocrx_word' id='word_1_13' title='bbox 941 350 1042 414; x_wconf 71' lang='lat' dir='ltr'>heris.</span> <span class='ocrx_word' id='word_1_14' title='bbox 1072 352 1099 404; x_wconf 88' lang='lat' dir='ltr'>et</span> <span class='ocrx_word' id='word_1_15' title='bbox 1114 348 1254 417; x_wconf 75' lang='lat' dir='ltr'>pendium</span> <span class='ocrx_word' id='word_1_16' title='bbox 1279 349 1350 479; x_wconf 52' lang='lat' dir='ltr'>hig:</span> 
     </span>
     <span class='ocr_line' id='line_1_3' title="bbox 123 419 1335 495; baseline -0.005 -11"><span class='ocrx_word' id='word_1_17' title='bbox 123 441 179 484; x_wconf 88' lang='lat' dir='ltr'>niis</span> <span class='ocrx_word' id='word_1_18' title='bbox 191 425 320 481; x_wconf 88' lang='lat' dir='ltr'>allectus.</span> <span class='ocrx_word' id='word_1_19' title='bbox 336 424 581 495; x_wconf 86' lang='lat' dir='ltr'>Namplerumque</span> <span class='ocrx_word' id='word_1_20' title='bbox 593 425 649 481; x_wconf 90' lang='lat' dir='ltr'>hoc</span> <span class='ocrx_word' id='word_1_21' title='bbox 662 439 713 480; x_wconf 89' lang='lat' dir='ltr'>ne-</span> <span class='ocrx_word' id='word_1_22' title='bbox 768 425 843 480; x_wconf 79' lang='lat' dir='ltr'>eritae</span> <span class='ocrx_word' id='word_1_23' title='bbox 865 425 958 478; x_wconf 82' lang='lat' dir='ltr'>instar</span> <span class='ocrx_word' id='word_1_24' title='bbox 971 423 1081 493; x_wconf 75' lang='lat' dir='ltr'>puncti.</span> <span class='ocrx_word' id='word_1_25' title='bbox 1094 421 1159 477; x_wconf 88' lang='lat' dir='ltr'>Non</span> <span class='ocrx_word' id='word_1_26' title='bbox 1173 436 1244 492; x_wconf 79' lang='lat' dir='ltr'>ergo</span> <span class='ocrx_word' id='word_1_27' title='bbox 1264 435 1311 491; x_wconf 91' lang='lat' dir='ltr'>pro</span> <span class='ocrx_word' id='word_1_28' title='bbox 1327 419 1335 433; x_wconf 87' lang='lat'>’</span> 
     </span>
     <span class='ocr_line' id='line_1_4' title="bbox 125 491 1344 575; baseline -0.001 -23"><span class='ocrx_word' id='word_1_29' title='bbox 125 496 251 575; x_wconf 33' lang='lat' dir='ltr'>polium·</span> <span class='ocrx_word' id='word_1_30' title='bbox 277 496 320 550; x_wconf 93' lang='lat' dir='ltr'>lus</span> <span class='ocrx_word' id='word_1_31' title='bbox 334 496 486 566; x_wconf 82' lang='lat' dir='ltr'>gemitibus</span> <span class='ocrx_word' id='word_1_32' title='bbox 504 495 609 567; x_wconf 79' lang='lat' dir='ltr'>agitur,</span> <span class='ocrx_word' id='word_1_33' title='bbox 628 511 714 567; x_wconf 82' lang='lat' dir='ltr'>qnam</span> <span class='ocrx_word' id='word_1_34' title='bbox 768 496 816 552; x_wconf 86' lang='lat' dir='ltr'>bct</span> <span class='ocrx_word' id='word_1_35' title='bbox 843 492 980 575; x_wconf 84' lang='lat' dir='ltr'>Dominus</span> <span class='ocrx_word' id='word_1_36' title='bbox 1010 491 1158 575; x_wconf 77' lang='lat' dir='ltr'>tristitiam</span> <span class='ocrx_word' id='word_1_37' title='bbox 1185 491 1344 564; x_wconf 72' lang='lat' dir='ltr'>poeniunih</span> 
     </span>
     <span class='ocr_line' id='line_1_5' title="bbox 126 511 1294 647; baseline -0.004 -22"><span class='ocrx_word' id='word_1_38' title='bbox 126 511 327 634; x_wconf 48' lang='lat' dir='ltr'>cornemium</span> <span class='ocrx_word' id='word_1_39' title='bbox 353 566 416 638; x_wconf 91' lang='lat' dir='ltr'>plus</span> <span class='ocrx_word' id='word_1_40' title='bbox 431 566 555 635; x_wconf 91' lang='lat' dir='ltr'>lletibus,</span> <span class='ocrx_word' id='word_1_41' title='bbox 571 583 655 639; x_wconf 91' lang='lat' dir='ltr'>quani</span> <span class='ocrx_word' id='word_1_42' title='bbox 670 567 714 625; x_wconf 85' lang='lat' dir='ltr'>al·</span> <span class='ocrx_word' id='word_1_43' title='bbox 788 581 820 622; x_wconf 92' lang='lat' dir='ltr'>ro</span> <span class='ocrx_word' id='word_1_44' title='bbox 834 564 1029 647; x_wconf 86' lang='lat' dir='ltr'>peccatis,sed</span> <span class='ocrx_word' id='word_1_45' title='bbox 1041 568 1189 621; x_wconf 86' lang='lat' dir='ltr'>tristitiam</span> <span class='ocrx_word' id='word_1_46' title='bbox 1202 563 1294 621; x_wconf 82' lang='lat' dir='ltr'>fictam</span> 
     </span>
     <span class='ocr_line' id='line_1_6' title="bbox 127 582 1276 741; baseline -0.003 -45"><span class='ocrx_word' id='word_1_47' title='bbox 127 638 197 696; x_wconf 83' lang='lat' dir='ltr'>latu.</span> <span class='ocrx_word' id='word_1_48' title='bbox 215 640 278 693; x_wconf 87' lang='lat' dir='ltr'>llaee</span> <span class='ocrx_word' id='word_1_49' title='bbox 296 644 391 694; x_wconf 89' lang='lat' dir='ltr'>tamen</span> <span class='ocrx_word' id='word_1_50' title='bbox 404 636 589 708; x_wconf 76' lang='lat' dir='ltr'>intelligenda</span> <span class='ocrx_word' id='word_1_51' title='bbox 600 645 665 697; x_wconf 91' lang='lat' dir='ltr'>sunl</span> <span class='ocrx_word' id='word_1_52' title='bbox 677 640 715 697; x_wconf 91' lang='lat' dir='ltr'>de</span> <span class='ocrx_word' id='word_1_53' title='bbox 744 664 747 741; x_wconf 68' lang='grc' dir='ltr'>Ι</span> <span class='ocrx_word' id='word_1_54' title='bbox 769 582 900 694; x_wconf 65' lang='lat' dir='ltr'>fundibus</span> <span class='ocrx_word' id='word_1_55' title='bbox 920 635 1144 709; x_wconf 88' lang='lat' dir='ltr'>consequendis;</span> <span class='ocrx_word' id='word_1_56' title='bbox 1160 652 1213 692; x_wconf 86' lang='lat' dir='ltr'>nec</span> <span class='ocrx_word' id='word_1_57' title='bbox 1227 652 1276 707; x_wconf 89' lang='lat' dir='ltr'>pro</span> 
     </span>
     <span class='ocr_line' id='line_1_7' title="bbox 127 707 1339 782; baseline -0.003 -15"><span class='ocrx_word' id='word_1_58' title='bbox 127 707 306 768; x_wconf 90' lang='lat' dir='ltr'>orationibus</span> <span class='ocrx_word' id='word_1_59' title='bbox 333 707 449 780; x_wconf 85' lang='lat' dir='ltr'>privatis</span> <span class='ocrx_word' id='word_1_60' title='bbox 477 715 506 766; x_wconf 87' lang='lat' dir='ltr'>et</span> <span class='ocrx_word' id='word_1_61' title='bbox 535 710 714 782; x_wconf 86' lang='lat' dir='ltr'>voluntariis,</span> <span class='ocrx_word' id='word_1_62' title='bbox 745 746 747 757; x_wconf 85' lang='lat'>·</span> <span class='ocrx_word' id='word_1_63' title='bbox 769 707 859 765; x_wconf 86' lang='lat' dir='ltr'>rideri</span> <span class='ocrx_word' id='word_1_64' title='bbox 875 709 1049 780; x_wconf 81' lang='lat' dir='ltr'>jejunantes,</span> <span class='ocrx_word' id='word_1_65' title='bbox 1064 708 1116 764; x_wconf 86' lang='lat' dir='ltr'>sed</span> <span class='ocrx_word' id='word_1_66' title='bbox 1134 712 1190 763; x_wconf 89' lang='lat' dir='ltr'>hoc</span> <span class='ocrx_word' id='word_1_67' title='bbox 1202 723 1259 764; x_wconf 92' lang='lat' dir='ltr'>non</span> <span class='ocrx_word' id='word_1_68' title='bbox 1272 721 1339 780; x_wconf 83' lang='lat' dir='ltr'>eppe·</span> 
     </span>
     <span class='ocr_line' id='line_1_8' title="bbox 127 779 1323 857; baseline -0.002 -20"><span class='ocrx_word' id='word_1_69' title='bbox 127 780 195 852; x_wconf 87' lang='lat' dir='ltr'>quia</span> <span class='ocrx_word' id='word_1_70' title='bbox 213 779 357 836; x_wconf 89' lang='lat' dir='ltr'>orationes</span> <span class='ocrx_word' id='word_1_71' title='bbox 371 779 475 837; x_wconf 75' lang='lat' dir='ltr'>debitae</span> <span class='ocrx_word' id='word_1_72' title='bbox 492 787 521 838; x_wconf 91' lang='lat' dir='ltr'>et</span> <span class='ocrx_word' id='word_1_73' title='bbox 534 783 655 853; x_wconf 77' lang='lat' dir='ltr'>publica</span> <span class='ocrx_word' id='word_1_74' title='bbox 669 782 717 839; x_wconf 91' lang='lat' dir='ltr'>de·</span> <span class='ocrx_word' id='word_1_75' title='bbox 745 780 748 857; x_wconf 74' lang='lat' dir='ltr'>l</span> <span class='ocrx_word' id='word_1_76' title='bbox 770 783 831 837; x_wconf 86' lang='lat' dir='ltr'>tere</span> <span class='ocrx_word' id='word_1_77' title='bbox 846 785 961 852; x_wconf 88' lang='lat' dir='ltr'>propter</span> <span class='ocrx_word' id='word_1_78' title='bbox 975 779 1126 836; x_wconf 90' lang='lat' dir='ltr'>hominnm</span> <span class='ocrx_word' id='word_1_79' title='bbox 1151 779 1270 847; x_wconf 80' lang='lat' dir='ltr'>favores,</span> <span class='ocrx_word' id='word_1_80' title='bbox 1317 779 1323 791; x_wconf 91' lang='lat'>&#39;</span> 
     </span>
     <span class='ocr_line' id='line_1_9' title="bbox 126 849 1337 927; baseline -0.001 -17"><span class='ocrx_word' id='word_1_81' title='bbox 126 851 196 910; x_wconf 84' lang='lat' dir='ltr'>berit</span> <span class='ocrx_word' id='word_1_82' title='bbox 210 866 272 906; x_wconf 87' lang='lat' dir='ltr'>esse</span> <span class='ocrx_word' id='word_1_83' title='bbox 286 849 316 907; x_wconf 89' lang='lat' dir='ltr'>iii</span> <span class='ocrx_word' id='word_1_84' title='bbox 329 851 433 922; x_wconf 87' lang='lat' dir='ltr'>verbis,</span> <span class='ocrx_word' id='word_1_85' title='bbox 447 860 477 910; x_wconf 92' lang='lat' dir='ltr'>ut</span> <span class='ocrx_word' id='word_1_86' title='bbox 488 853 597 925; x_wconf 89' lang='lat' dir='ltr'>possint</span> <span class='ocrx_word' id='word_1_87' title='bbox 608 853 716 927; x_wconf 78' lang='lat' dir='ltr'>percipi</span> <span class='ocrx_word' id='word_1_88' title='bbox 745 862 748 925; x_wconf 75' lang='lat' dir='ltr'>l</span> <span class='ocrx_word' id='word_1_89' title='bbox 771 867 830 908; x_wconf 93' lang='lat' dir='ltr'>non</span> <span class='ocrx_word' id='word_1_90' title='bbox 856 851 946 908; x_wconf 86' lang='lat' dir='ltr'>rirtns</span> <span class='ocrx_word' id='word_1_91' title='bbox 964 856 1087 920; x_wconf 85' lang='lat' dir='ltr'>vetatur,</span> <span class='ocrx_word' id='word_1_92' title='bbox 1114 851 1165 908; x_wconf 90' lang='lat' dir='ltr'>sed</span> <span class='ocrx_word' id='word_1_93' title='bbox 1192 866 1270 907; x_wconf 88' lang='lat' dir='ltr'>inens</span> <span class='ocrx_word' id='word_1_94' title='bbox 1301 856 1337 909; x_wconf 78' lang='lat' dir='ltr'>tlt</span> 
     </span>
     <span class='ocr_line' id='line_1_10' title="bbox 127 920 1332 995; baseline -0.001 -15"><span class='ocrx_word' id='word_1_95' title='bbox 127 923 164 980; x_wconf 77' lang='lat' dir='ltr'>ab</span> <span class='ocrx_word' id='word_1_96' title='bbox 180 921 254 978; x_wconf 89' lang='lat' dir='ltr'>aliis.</span> <span class='ocrx_word' id='word_1_97' title='bbox 744 940 747 985; x_wconf 72' lang='grc' dir='ltr'><em>ε</em></span> <span class='ocrx_word' id='word_1_98' title='bbox 770 925 948 995; x_wconf 91' lang='lat' dir='ltr'>reprobatur.</span> <span class='ocrx_word' id='word_1_99' title='bbox 968 923 1048 979; x_wconf 84' lang='lat' dir='ltr'><strong>Unde</strong></span> <span class='ocrx_word' id='word_1_100' title='bbox 1059 924 1275 991; x_wconf 75' lang='lat' dir='ltr'><em>chrysostomus:</em></span> <span class='ocrx_word' id='word_1_101' title='bbox 1287 920 1332 979; x_wconf 78' lang='lat' dir='ltr'>«Si</span> 
     </span>
     <span class='ocr_line' id='line_1_11' title="bbox 162 988 1332 1074; baseline -0.001 -24"><span class='ocrx_word' id='word_1_102' title='bbox 162 998 179 1050; x_wconf 82' lang='lat'><strong>5</strong></span> <span class='ocrx_word' id='word_1_103' title='bbox 195 996 235 1050; x_wconf 85' lang='lat' dir='ltr'>Dc</span> <span class='ocrx_word' id='word_1_104' title='bbox 253 1010 358 1050; x_wconf 84' lang='lat' dir='ltr'>isicmo</span> <span class='ocrx_word' id='word_1_105' title='bbox 371 1013 403 1051; x_wconf 83' lang='lat' dir='ltr'>nr</span> <span class='ocrx_word' id='word_1_106' title='bbox 417 1013 545 1059; x_wconf 78' lang='lat' dir='ltr'>cuonone</span> <span class='ocrx_word' id='word_1_107' title='bbox 558 1013 717 1054; x_wconf 79' lang='lat' dir='ltr'>ennisriaiin</span> <span class='ocrx_word' id='word_1_108' title='bbox 745 988 747 1047; x_wconf 81' lang='lat' dir='ltr'>i</span> <span class='ocrx_word' id='word_1_109' title='bbox 770 1011 849 1068; x_wconf 86' lang='lat' dir='ltr'>ergo,</span> <span class='ocrx_word' id='word_1_110' title='bbox 863 994 910 1066; x_wconf 91' lang='lat' dir='ltr'>qui</span> <span class='ocrx_word' id='word_1_111' title='bbox 923 995 1034 1067; x_wconf 77' lang='lat' dir='ltr'>jeJunat</span> <span class='ocrx_word' id='word_1_112' title='bbox 1053 1000 1082 1051; x_wconf 92' lang='lat' dir='ltr'>el</span> <span class='ocrx_word' id='word_1_113' title='bbox 1105 992 1216 1050; x_wconf 76' lang='lat' dir='ltr'><strong>tristem</strong></span> <span class='ocrx_word' id='word_1_114' title='bbox 1228 1009 1256 1050; x_wconf 88' lang='lat' dir='ltr'>se</span> <span class='ocrx_word' id='word_1_115' title='bbox 1273 991 1332 1074; x_wconf 74' lang='lat' dir='ltr'>lacit,</span> 
     </span>
     <span class='ocr_line' id='line_1_12' title="bbox 127 1065 1333 1139; baseline 0 -17"><span class='ocrx_word' id='word_1_116' title='bbox 127 1082 297 1122; x_wconf 74' lang='lat' dir='ltr'>assumserit</span> <span class='ocrx_word' id='word_1_117' title='bbox 320 1084 377 1121; x_wconf 65' lang='grc' dir='ltr'>εει.</span> <span class='ocrx_word' id='word_1_118' title='bbox 391 1098 425 1109; x_wconf 93' lang='grc'><strong>-</strong></span> <span class='ocrx_word' id='word_1_119' title='bbox 441 1067 549 1125; x_wconf 83' lang='lat' dir='ltr'>Deinde</span> <span class='ocrx_word' id='word_1_120' title='bbox 569 1069 652 1125; x_wconf 87' lang='lat' dir='ltr'>docet</span> <span class='ocrx_word' id='word_1_121' title='bbox 671 1070 684 1125; x_wconf 91' lang='lat' dir='ltr'>l</span> <span class='ocrx_word' id='word_1_122' title='bbox 702 1100 715 1113; x_wconf 91' lang='lat'><strong>·</strong></span> <span class='ocrx_word' id='word_1_123' title='bbox 745 1110 747 1121; x_wconf 92' lang='lat'><em>.</em></span> <span class='ocrx_word' id='word_1_124' title='bbox 770 1065 917 1139; x_wconf 83' lang='lat' dir='ltr'>hypocrita</span> <span class='ocrx_word' id='word_1_125' title='bbox 931 1071 985 1133; x_wconf 90' lang='lat' dir='ltr'>est,</span> <span class='ocrx_word' id='word_1_126' title='bbox 1002 1070 1108 1137; x_wconf 89' lang='lat' dir='ltr'>quanto</span> <span class='ocrx_word' id='word_1_127' title='bbox 1128 1065 1218 1135; x_wconf 84' lang='lat' dir='ltr'>magis</span> <span class='ocrx_word' id='word_1_128' title='bbox 1232 1065 1333 1137; x_wconf 77' lang='lat' dir='ltr'>iniquior</span> 
     </span>
     <span class='ocr_line' id='line_1_13' title="bbox 146 1134 1332 1211; baseline -0.001 -17"><span class='ocrx_word' id='word_1_129' title='bbox 146 1152 195 1194; x_wconf 88' lang='lat' dir='ltr'>ere</span> <span class='ocrx_word' id='word_1_130' title='bbox 216 1137 388 1207; x_wconf 80' lang='lat' dir='ltr'>hypocrisim</span> <span class='ocrx_word' id='word_1_131' title='bbox 410 1138 438 1194; x_wconf 94' lang='lat' dir='ltr'>in</span> <span class='ocrx_word' id='word_1_132' title='bbox 450 1139 572 1211; x_wconf 87' lang='lat' dir='ltr'>jejunio,</span> <span class='ocrx_word' id='word_1_133' title='bbox 591 1140 714 1198; x_wconf 86' lang='lat' dir='ltr'>dicens:</span> <span class='ocrx_word' id='word_1_134' title='bbox 770 1143 813 1195; x_wconf 89' lang='lat' dir='ltr'>est</span> <span class='ocrx_word' id='word_1_135' title='bbox 828 1136 875 1209; x_wconf 91' lang='lat' dir='ltr'>qui</span> <span class='ocrx_word' id='word_1_136' title='bbox 898 1154 956 1193; x_wconf 92' lang='lat' dir='ltr'>non</span> <span class='ocrx_word' id='word_1_137' title='bbox 971 1137 1092 1209; x_wconf 72' lang='lat' dir='ltr'>ieiunat,</span> <span class='ocrx_word' id='word_1_138' title='bbox 1118 1137 1169 1193; x_wconf 90' lang='lat' dir='ltr'>sed</span> <span class='ocrx_word' id='word_1_139' title='bbox 1183 1134 1332 1207; x_wconf 73' lang='lat' dir='ltr'>argumentis</span> 
     </span>
     <span class='ocr_line' id='line_1_14' title="bbox 168 1207 1330 1290; baseline 0.002 -27"><span class='ocrx_word' id='word_1_140' title='bbox 168 1225 194 1263; x_wconf 91' lang='lat' dir='ltr'>m</span> <span class='ocrx_word' id='word_1_141' title='bbox 217 1215 308 1264; x_wconf 72' lang='lat' dir='ltr'>auten</span> <span class='ocrx_word' id='word_1_142' title='bbox 334 1211 481 1282; x_wconf 71' lang='lat' dir='ltr'>ieiunatis,</span> <span class='ocrx_word' id='word_1_143' title='bbox 501 1211 578 1283; x_wconf 90' lang='lat' dir='ltr'>quod</span> <span class='ocrx_word' id='word_1_144' title='bbox 602 1212 715 1284; x_wconf 83' lang='lat' dir='ltr'>expedit</span> <span class='ocrx_word' id='word_1_145' title='bbox 744 1228 747 1285; x_wconf 65' lang='grc' dir='ltr'>ξ</span> <span class='ocrx_word' id='word_1_146' title='bbox 770 1208 942 1280; x_wconf 89' lang='lat' dir='ltr'>quibusdam</span> <span class='ocrx_word' id='word_1_147' title='bbox 965 1208 995 1264; x_wconf 94' lang='lat' dir='ltr'>in</span> <span class='ocrx_word' id='word_1_148' title='bbox 1015 1208 1088 1265; x_wconf 85' lang='lat' dir='ltr'>lacte</span> <span class='ocrx_word' id='word_1_149' title='bbox 1102 1225 1155 1264; x_wconf 93' lang='lat' dir='ltr'>sua</span> <span class='ocrx_word' id='word_1_150' title='bbox 1168 1207 1256 1290; x_wconf 67' lang='lat' dir='ltr'>pingit</span> <span class='ocrx_word' id='word_1_151' title='bbox 1266 1221 1330 1265; x_wconf 69' lang='lat' dir='ltr'>reue</span> 
     </span>
     <span class='ocr_line' id='line_1_15' title="bbox 127 1278 1330 1365; baseline -0.005 -29"><span class='ocrx_word' id='word_1_152' title='bbox 127 1295 180 1353; x_wconf 93' lang='lat' dir='ltr'>pro</span> <span class='ocrx_word' id='word_1_153' title='bbox 192 1285 330 1351; x_wconf 86' lang='lat' dir='ltr'>tempore,</span> <span class='ocrx_word' id='word_1_154' title='bbox 339 1283 424 1337; x_wconf 80' lang='lat' dir='ltr'>nolite</span> <span class='ocrx_word' id='word_1_155' title='bbox 432 1285 494 1352; x_wconf 70' lang='lat' dir='ltr'>tirel</span> <span class='ocrx_word' id='word_1_156' title='bbox 509 1286 580 1339; x_wconf 83' lang='lat' dir='ltr'>sicut</span> <span class='ocrx_word' id='word_1_157' title='bbox 590 1285 716 1355; x_wconf 76' lang='lat' dir='ltr'>hypocri-</span> <span class='ocrx_word' id='word_1_158' title='bbox 743 1312 746 1365; x_wconf 67' lang='grc' dir='ltr'>Ι</span> <span class='ocrx_word' id='word_1_159' title='bbox 770 1281 826 1337; x_wconf 89' lang='lat' dir='ltr'>lein</span> <span class='ocrx_word' id='word_1_160' title='bbox 835 1280 983 1352; x_wconf 87' lang='lat' dir='ltr'>pallorem,</span> <span class='ocrx_word' id='word_1_161' title='bbox 997 1280 1078 1352; x_wconf 87' lang='lat' dir='ltr'>quasi</span> <span class='ocrx_word' id='word_1_162' title='bbox 1086 1280 1188 1352; x_wconf 84' lang='lat' dir='ltr'>jejunii</span> <span class='ocrx_word' id='word_1_163' title='bbox 1202 1278 1330 1350; x_wconf 73' lang='lat' dir='ltr'>signent»</span> 
     </span>
     <span class='ocr_line' id='line_1_16' title="bbox 128 1349 1329 1425; baseline -0.001 -17"><span class='ocrx_word' id='word_1_164' title='bbox 128 1356 163 1408; x_wconf 79' lang='lat' dir='ltr'>tar</span> <span class='ocrx_word' id='word_1_165' title='bbox 177 1355 278 1408; x_wconf 77' lang='lat' dir='ltr'>tristes.</span> <span class='ocrx_word' id='word_1_166' title='bbox 297 1355 356 1408; x_wconf 79' lang='lat' dir='ltr'>Non</span> <span class='ocrx_word' id='word_1_167' title='bbox 372 1354 463 1410; x_wconf 88' lang='lat' dir='ltr'>solum</span> <span class='ocrx_word' id='word_1_168' title='bbox 478 1354 609 1425; x_wconf 89' lang='lat' dir='ltr'>prohibet</span> <span class='ocrx_word' id='word_1_169' title='bbox 633 1355 713 1424; x_wconf 82' lang='lat' dir='ltr'>lleri3</span> <span class='ocrx_word' id='word_1_170' title='bbox 744 1368 747 1411; x_wconf 69' lang='grc' dir='ltr'><strong>ι</strong></span> <span class='ocrx_word' id='word_1_171' title='bbox 770 1352 878 1409; x_wconf 86' lang='lat' dir='ltr'>Deinde</span> <span class='ocrx_word' id='word_1_172' title='bbox 904 1352 1000 1408; x_wconf 82' lang='lat' dir='ltr'>subdit</span> <span class='ocrx_word' id='word_1_173' title='bbox 1016 1352 1134 1409; x_wconf 89' lang='lat' dir='ltr'>modurn</span> <span class='ocrx_word' id='word_1_174' title='bbox 1151 1349 1329 1423; x_wconf 74' lang='lat' dir='ltr'>ieiunandido</span> 
     </span>
     <span class='ocr_line' id='line_1_17' title="bbox 127 1422 1327 1503; baseline -0.002 -23"><span class='ocrx_word' id='word_1_175' title='bbox 127 1422 179 1480; x_wconf 87' lang='lat' dir='ltr'>sed</span> <span class='ocrx_word' id='word_1_176' title='bbox 191 1424 273 1491; x_wconf 83' lang='lat' dir='ltr'>velle,</span> <span class='ocrx_word' id='word_1_177' title='bbox 288 1440 353 1479; x_wconf 86' lang='lat' dir='ltr'>cnm</span> <span class='ocrx_word' id='word_1_178' title='bbox 368 1424 446 1494; x_wconf 86' lang='lat' dir='ltr'>dicit,</span> <span class='ocrx_word' id='word_1_179' title='bbox 456 1426 558 1482; x_wconf 90' lang='lat' dir='ltr'>nolite:</span> <span class='ocrx_word' id='word_1_180' title='bbox 575 1426 605 1482; x_wconf 92' lang='lat' dir='ltr'>in</span> <span class='ocrx_word' id='word_1_181' title='bbox 619 1428 716 1484; x_wconf 86' lang='lat' dir='ltr'>volun·</span> <span class='ocrx_word' id='word_1_182' title='bbox 744 1424 747 1503; x_wconf 67' lang='grc' dir='ltr'><strong>ζ</strong></span> <span class='ocrx_word' id='word_1_183' title='bbox 770 1423 880 1480; x_wconf 90' lang='lat' dir='ltr'>bitum:</span> <span class='ocrx_word' id='word_1_184' title='bbox 898 1427 938 1480; x_wconf 78' lang='lat' dir='ltr'>ru</span> <span class='ocrx_word' id='word_1_185' title='bbox 952 1430 1054 1492; x_wconf 85' lang='lat' dir='ltr'>autem,</span> <span class='ocrx_word' id='word_1_186' title='bbox 1080 1440 1140 1479; x_wconf 86' lang='lat' dir='ltr'>cum</span> <span class='ocrx_word' id='word_1_187' title='bbox 1159 1424 1276 1492; x_wconf 80' lang='lat' dir='ltr'>jejunos,</span> <span class='ocrx_word' id='word_1_188' title='bbox 1287 1436 1327 1478; x_wconf 88' lang='lat' dir='ltr'>nou</span> 
     </span>
     <span class='ocr_line' id='line_1_18' title="bbox 127 1493 1328 1567; baseline 0.008 -16"><span class='ocrx_word' id='word_1_189' title='bbox 127 1497 186 1551; x_wconf 82' lang='lat' dir='ltr'>tate</span> <span class='ocrx_word' id='word_1_190' title='bbox 211 1501 253 1550; x_wconf 90' lang='lat' dir='ltr'>est</span> <span class='ocrx_word' id='word_1_191' title='bbox 278 1495 354 1551; x_wconf 91' lang='lat' dir='ltr'>eiiim</span> <span class='ocrx_word' id='word_1_192' title='bbox 371 1497 463 1567; x_wconf 89' lang='lat' dir='ltr'>prima</span> <span class='ocrx_word' id='word_1_193' title='bbox 486 1497 564 1554; x_wconf 81' lang='lat' dir='ltr'>radii</span> <span class='ocrx_word' id='word_1_194' title='bbox 587 1498 716 1556; x_wconf 89' lang='lat' dir='ltr'>merendi</span> <span class='ocrx_word' id='word_1_195' title='bbox 744 1526 747 1561; x_wconf 80' lang='lat' dir='ltr'>i</span> <span class='ocrx_word' id='word_1_196' title='bbox 771 1495 879 1552; x_wconf 76' lang='lat' dir='ltr'>scilicet</span> <span class='ocrx_word' id='word_1_197' title='bbox 893 1494 1013 1552; x_wconf 69' lang='lat' dir='ltr'>imiteris</span> <span class='ocrx_word' id='word_1_198' title='bbox 1031 1493 1328 1567; x_wconf 62' lang='lat' dir='ltr'>hWOClitastwdlltl</span> 
     </span>
     <span class='ocr_line' id='line_1_19' title="bbox 128 1562 1329 1694; baseline 0.001 -74"><span class='ocrx_word' id='word_1_199' title='bbox 128 1565 173 1622; x_wconf 86' lang='lat' dir='ltr'>rel</span> <span class='ocrx_word' id='word_1_200' title='bbox 199 1566 373 1623; x_wconf 89' lang='lat' dir='ltr'>demerendi.</span> <span class='ocrx_word' id='word_1_201' title='bbox 395 1571 473 1635; x_wconf 89' lang='lat' dir='ltr'>lleui,</span> <span class='ocrx_word' id='word_1_202' title='bbox 498 1569 559 1625; x_wconf 90' lang='lat' dir='ltr'>lieri</span> <span class='ocrx_word' id='word_1_203' title='bbox 572 1571 714 1642; x_wconf 88' lang='lat' dir='ltr'>prohibet,</span> <span class='ocrx_word' id='word_1_204' title='bbox 745 1566 747 1587; x_wconf 92' lang='lat'>&#39;</span> <span class='ocrx_word' id='word_1_205' title='bbox 771 1572 854 1694; x_wconf 59' lang='grc' dir='ltr'><strong>οαᾸηιι</strong></span> <span class='ocrx_word' id='word_1_206' title='bbox 865 1573 951 1635; x_wconf 87' lang='lat' dir='ltr'>tuum,</span> <span class='ocrx_word' id='word_1_207' title='bbox 961 1573 986 1623; x_wconf 91' lang='lat' dir='ltr'>et</span> <span class='ocrx_word' id='word_1_208' title='bbox 1000 1570 1101 1633; x_wconf 77' lang='lat' dir='ltr'>faeiem</span> <span class='ocrx_word' id='word_1_209' title='bbox 1113 1572 1190 1622; x_wconf 86' lang='lat' dir='ltr'>tunm</span> <span class='ocrx_word' id='word_1_210' title='bbox 1202 1562 1329 1631; x_wconf 74' lang='lat' dir='ltr'>lambuit</span> 
     </span>
     <span class='ocr_line' id='line_1_20' title="bbox 128 1636 1326 1710; baseline -0.001 -18"><span class='ocrx_word' id='word_1_211' title='bbox 128 1651 186 1692; x_wconf 90' lang='lat' dir='ltr'>non</span> <span class='ocrx_word' id='word_1_212' title='bbox 202 1653 275 1704; x_wconf 86' lang='lat' dir='ltr'>esse,</span> <span class='ocrx_word' id='word_1_213' title='bbox 294 1639 370 1709; x_wconf 88' lang='lat' dir='ltr'>quia,</span> <span class='ocrx_word' id='word_1_214' title='bbox 387 1640 541 1697; x_wconf 89' lang='lat' dir='ltr'>secundum</span> <span class='ocrx_word' id='word_1_215' title='bbox 557 1643 715 1710; x_wconf 78' lang='lat' dir='ltr'>Chi-qsosto-</span> <span class='ocrx_word' id='word_1_216' title='bbox 745 1692 747 1697; x_wconf 87' lang='lat'><em>.</em></span> <span class='ocrx_word' id='word_1_217' title='bbox 772 1638 794 1694; x_wconf 90' lang='lat' dir='ltr'>ri</span> <span class='ocrx_word' id='word_1_218' title='bbox 818 1637 922 1695; x_wconf 88' lang='lat' dir='ltr'>iculum</span> <span class='ocrx_word' id='word_1_219' title='bbox 940 1644 1016 1695; x_wconf 87' lang='lat' dir='ltr'>esset</span> <span class='ocrx_word' id='word_1_220' title='bbox 1033 1644 1118 1710; x_wconf 88' lang='lat' dir='ltr'>caput</span> <span class='ocrx_word' id='word_1_221' title='bbox 1134 1639 1208 1704; x_wconf 88' lang='lat' dir='ltr'>oleo,</span> <span class='ocrx_word' id='word_1_222' title='bbox 1226 1638 1259 1693; x_wconf 91' lang='lat' dir='ltr'>ad</span> <span class='ocrx_word' id='word_1_223' title='bbox 1274 1636 1326 1692; x_wconf 73' lang='lat' dir='ltr'>litte</span> 
     </span>
     <span class='ocr_line' id='line_1_21' title="bbox 126 1709 1328 1785; baseline 0.002 -24"><span class='ocrx_word' id='word_1_224' title='bbox 126 1723 213 1775; x_wconf 86' lang='lat' dir='ltr'>mum,</span> <span class='ocrx_word' id='word_1_225' title='bbox 228 1709 322 1764; x_wconf 88' lang='lat' dir='ltr'>sciens</span> <span class='ocrx_word' id='word_1_226' title='bbox 339 1710 473 1767; x_wconf 83' lang='lat' dir='ltr'>Dominus</span> <span class='ocrx_word' id='word_1_227' title='bbox 493 1712 569 1782; x_wconf 90' lang='lat' dir='ltr'>quod</span> <span class='ocrx_word' id='word_1_228' title='bbox 584 1730 641 1770; x_wconf 87' lang='lat' dir='ltr'>non</span> <span class='ocrx_word' id='word_1_229' title='bbox 656 1719 717 1785; x_wconf 84' lang='lat' dir='ltr'>pot·</span> <span class='ocrx_word' id='word_1_230' title='bbox 771 1726 844 1778; x_wconf 83' lang='lat' dir='ltr'>rain,</span> <span class='ocrx_word' id='word_1_231' title='bbox 861 1726 978 1781; x_wconf 79' lang='lat' dir='ltr'>ungere,</span> <span class='ocrx_word' id='word_1_232' title='bbox 999 1709 1074 1778; x_wconf 91' lang='lat' dir='ltr'>ideo,</span> <span class='ocrx_word' id='word_1_233' title='bbox 1094 1710 1246 1766; x_wconf 82' lang='lat' dir='ltr'>secundum</span> <span class='ocrx_word' id='word_1_234' title='bbox 1259 1710 1328 1764; x_wconf 73' lang='lat' dir='ltr'>tileo</span> 
     </span>
     <span class='ocr_line' id='line_1_22' title="bbox 128 1779 1328 1854; baseline -0.002 -18"><span class='ocrx_word' id='word_1_235' title='bbox 128 1784 173 1836; x_wconf 84' lang='lat' dir='ltr'>est</span> <span class='ocrx_word' id='word_1_236' title='bbox 186 1795 249 1835; x_wconf 86' lang='lat' dir='ltr'>esse</span> <span class='ocrx_word' id='word_1_237' title='bbox 259 1780 413 1853; x_wconf 88' lang='lat' dir='ltr'>hilarisqui</span> <span class='ocrx_word' id='word_1_238' title='bbox 426 1783 547 1854; x_wconf 83' lang='lat' dir='ltr'>jejunat,</span> <span class='ocrx_word' id='word_1_239' title='bbox 559 1801 616 1841; x_wconf 90' lang='lat' dir='ltr'>non</span> <span class='ocrx_word' id='word_1_240' title='bbox 629 1785 713 1841; x_wconf 85' lang='lat' dir='ltr'>diiiit:</span> <span class='ocrx_word' id='word_1_241' title='bbox 746 1840 748 1847; x_wconf 64' lang='grc'><strong><em>,</em></strong></span> <span class='ocrx_word' id='word_1_242' title='bbox 772 1798 894 1851; x_wconf 80' lang='lat' dir='ltr'>upmum,</span> <span class='ocrx_word' id='word_1_243' title='bbox 910 1781 1047 1853; x_wconf 88' lang='lat' dir='ltr'>accipitur</span> <span class='ocrx_word' id='word_1_244' title='bbox 1064 1780 1253 1851; x_wconf 75' lang='lat' dir='ltr'>metaphorice</span> <span class='ocrx_word' id='word_1_245' title='bbox 1265 1796 1280 1835; x_wconf 86' lang='lat' dir='ltr'>a</span> <span class='ocrx_word' id='word_1_246' title='bbox 1290 1779 1328 1833; x_wconf 85' lang='lat' dir='ltr'>Pt-</span> 
     </span>
     <span class='ocr_line' id='line_1_23' title="bbox 128 1848 1329 1924; baseline -0.002 -17"><span class='ocrx_word' id='word_1_247' title='bbox 128 1849 221 1907; x_wconf 78' lang='lat' dir='ltr'>Nolite</span> <span class='ocrx_word' id='word_1_248' title='bbox 236 1868 298 1907; x_wconf 89' lang='lat' dir='ltr'>esse</span> <span class='ocrx_word' id='word_1_249' title='bbox 314 1852 419 1922; x_wconf 82' lang='lat' dir='ltr'>tristes,</span> <span class='ocrx_word' id='word_1_250' title='bbox 443 1855 512 1911; x_wconf 89' lang='lat' dir='ltr'>sed:</span> <span class='ocrx_word' id='word_1_251' title='bbox 535 1855 625 1912; x_wconf 88' lang='lat' dir='ltr'>Nolite</span> <span class='ocrx_word' id='word_1_252' title='bbox 641 1855 715 1913; x_wconf 81' lang='lat' dir='ltr'>lieri.</span> <span class='ocrx_word' id='word_1_253' title='bbox 773 1852 902 1922; x_wconf 80' lang='lat' dir='ltr'>laestinis,</span> <span class='ocrx_word' id='word_1_254' title='bbox 919 1852 1011 1924; x_wconf 91' lang='lat' dir='ltr'>quiin</span> <span class='ocrx_word' id='word_1_255' title='bbox 1027 1848 1329 1909; x_wconf 73' lang='lat' dir='ltr'>lestissolebanthocle</span> 
     </span>
     <span class='ocr_line' id='line_1_24' title="bbox 128 1920 1329 2002; baseline 0 -26"><span class='ocrx_word' id='word_1_256' title='bbox 128 1920 214 2001; x_wconf 77' lang='lat' dir='ltr'>Aliud</span> <span class='ocrx_word' id='word_1_257' title='bbox 235 1929 279 1978; x_wconf 89' lang='lat' dir='ltr'>est</span> <span class='ocrx_word' id='word_1_258' title='bbox 293 1923 368 2002; x_wconf 72' lang='lat' dir='ltr'>enim</span> <span class='ocrx_word' id='word_1_259' title='bbox 392 1941 464 1993; x_wconf 88' lang='lat' dir='ltr'>esse,</span> <span class='ocrx_word' id='word_1_260' title='bbox 481 1925 559 1982; x_wconf 91' lang='lat' dir='ltr'>aliud</span> <span class='ocrx_word' id='word_1_261' title='bbox 576 1927 648 1983; x_wconf 85' lang='lat' dir='ltr'>lieri.</span> <span class='ocrx_word' id='word_1_262' title='bbox 665 1931 717 1984; x_wconf 85' lang='lat' dir='ltr'>hs·</span> <span class='ocrx_word' id='word_1_263' title='bbox 772 1941 847 1993; x_wconf 88' lang='lat' dir='ltr'>cere,</span> <span class='ocrx_word' id='word_1_264' title='bbox 865 1930 898 1980; x_wconf 92' lang='lat' dir='ltr'>ut</span> <span class='ocrx_word' id='word_1_265' title='bbox 909 1924 1022 1995; x_wconf 91' lang='lat' dir='ltr'>qnando</span> <span class='ocrx_word' id='word_1_266' title='bbox 1032 1925 1207 1996; x_wconf 69' lang='lat' dir='ltr'>jejunamus,</span> <span class='ocrx_word' id='word_1_267' title='bbox 1218 1925 1329 1979; x_wconf 85' lang='lat' dir='ltr'>laelosnot</span> 
     </span>
     <span class='ocr_line' id='line_1_25' title="bbox 127 1991 1329 2071; baseline 0.002 -24"><span class='ocrx_word' id='word_1_268' title='bbox 127 1991 241 2071; x_wconf 82' lang='lat' dir='ltr'>sidnnni</span> <span class='ocrx_word' id='word_1_269' title='bbox 258 1994 372 2063; x_wconf 85' lang='lat' dir='ltr'>quidem</span> <span class='ocrx_word' id='word_1_270' title='bbox 390 1995 530 2066; x_wconf 75' lang='lat' dir='ltr'>ieiunium</span> <span class='ocrx_word' id='word_1_271' title='bbox 551 1999 718 2056; x_wconf 87' lang='lat' dir='ltr'>naturaliter</span> <span class='ocrx_word' id='word_1_272' title='bbox 747 1996 749 2025; x_wconf 84' lang='lat'><strong>¹</strong></span> <span class='ocrx_word' id='word_1_273' title='bbox 771 2002 801 2054; x_wconf 91' lang='lat' dir='ltr'>et</span> <span class='ocrx_word' id='word_1_274' title='bbox 829 1994 945 2053; x_wconf 88' lang='lat' dir='ltr'>lestivos</span> <span class='ocrx_word' id='word_1_275' title='bbox 970 2011 1033 2052; x_wconf 87' lang='lat' dir='ltr'>esse</span> <span class='ocrx_word' id='word_1_276' title='bbox 1061 2002 1329 2063; x_wconf 76' lang='lat' dir='ltr'>monstremus3uot</span> 
     </span>
     <span class='ocr_line' id='line_1_26' title="bbox 128 2059 1329 2144; baseline 0.002 -28"><span class='ocrx_word' id='word_1_277' title='bbox 128 2059 414 2144; x_wconf 75' lang='lat' dir='ltr'>tecitessetristeiii3</span> <span class='ocrx_word' id='word_1_278' title='bbox 430 2066 479 2137; x_wconf 92' lang='lat' dir='ltr'>qui</span> <span class='ocrx_word' id='word_1_279' title='bbox 490 2073 586 2123; x_wconf 87' lang='lat' dir='ltr'>autem</span> <span class='ocrx_word' id='word_1_280' title='bbox 601 2085 652 2141; x_wconf 87' lang='lat' dir='ltr'>per</span> <span class='ocrx_word' id='word_1_281' title='bbox 666 2071 716 2141; x_wconf 89' lang='lat' dir='ltr'>hy·</span> <span class='ocrx_word' id='word_1_282' title='bbox 747 2062 749 2081; x_wconf 92' lang='lat'>&#39;</span> <span class='ocrx_word' id='word_1_283' title='bbox 773 2084 841 2139; x_wconf 86' lang='lat' dir='ltr'>ergo</span> <span class='ocrx_word' id='word_1_284' title='bbox 851 2073 1031 2139; x_wconf 82' lang='lat' dir='ltr'>caputtuum,</span> <span class='ocrx_word' id='word_1_285' title='bbox 1046 2065 1075 2122; x_wconf 93' lang='lat' dir='ltr'>id</span> <span class='ocrx_word' id='word_1_286' title='bbox 1086 2071 1131 2123; x_wconf 92' lang='lat' dir='ltr'>est</span> <span class='ocrx_word' id='word_1_287' title='bbox 1144 2067 1260 2124; x_wconf 85' lang='lat' dir='ltr'>hilarem</span> <span class='ocrx_word' id='word_1_288' title='bbox 1270 2070 1329 2120; x_wconf 83' lang='lat' dir='ltr'>teci·</span> 
     </span>
     <span class='ocr_line' id='line_1_27' title="bbox 128 2133 1385 2215; baseline 0.002 -27"><span class='ocrx_word' id='word_1_289' title='bbox 128 2146 262 2205; x_wconf 91' lang='lat' dir='ltr'>pocrisim</span> <span class='ocrx_word' id='word_1_290' title='bbox 279 2133 417 2207; x_wconf 88' lang='lat' dir='ltr'>pallentes</span> <span class='ocrx_word' id='word_1_291' title='bbox 443 2144 592 2209; x_wconf 86' lang='lat' dir='ltr'>apparent,</span> <span class='ocrx_word' id='word_1_292' title='bbox 621 2141 718 2197; x_wconf 86' lang='lat' dir='ltr'>tristes</span> <span class='ocrx_word' id='word_1_293' title='bbox 747 2139 851 2208; x_wconf 73' lang='lat' dir='ltr'>hibe,</span> <span class='ocrx_word' id='word_1_294' title='bbox 869 2144 896 2194; x_wconf 84' lang='lat' dir='ltr'>et</span> <span class='ocrx_word' id='word_1_295' title='bbox 913 2138 1014 2208; x_wconf 66' lang='lat' dir='ltr'>{adon</span> <span class='ocrx_word' id='word_1_296' title='bbox 1034 2144 1111 2194; x_wconf 85' lang='lat' dir='ltr'>tuam</span> <span class='ocrx_word' id='word_1_297' title='bbox 1135 2140 1211 2203; x_wconf 83' lang='lat' dir='ltr'>luna,</span> <span class='ocrx_word' id='word_1_298' title='bbox 1230 2135 1330 2215; x_wconf 72' lang='lat' dir='ltr'>adlith·</span> <span class='ocrx_word' id='word_1_299' title='bbox 1382 2184 1385 2203; x_wconf 78' lang='grc'>,</span> 
     </span>
     <span class='ocr_line' id='line_1_28' title="bbox 130 2204 1331 2283; baseline 0.002 -23"><span class='ocrx_word' id='word_1_300' title='bbox 130 2219 189 2260; x_wconf 91' lang='lat' dir='ltr'>non</span> <span class='ocrx_word' id='word_1_301' title='bbox 209 2212 283 2274; x_wconf 87' lang='lat' dir='ltr'>sunt,</span> <span class='ocrx_word' id='word_1_302' title='bbox 304 2207 353 2262; x_wconf 89' lang='lat' dir='ltr'>sed</span> <span class='ocrx_word' id='word_1_303' title='bbox 374 2207 455 2272; x_wconf 86' lang='lat' dir='ltr'>tlunt,</span> <span class='ocrx_word' id='word_1_304' title='bbox 477 2209 549 2266; x_wconf 89' lang='lat' dir='ltr'>sicut</span> <span class='ocrx_word' id='word_1_305' title='bbox 563 2211 718 2283; x_wconf 69' lang='lat' dir='ltr'>hypocritae</span> <span class='ocrx_word' id='word_1_306' title='bbox 772 2227 845 2278; x_wconf 89' lang='lat' dir='ltr'>ram,</span> <span class='ocrx_word' id='word_1_307' title='bbox 862 2227 897 2267; x_wconf 92' lang='lat' dir='ltr'>ne</span> <span class='ocrx_word' id='word_1_308' title='bbox 912 2209 1072 2267; x_wconf 89' lang='lat' dir='ltr'>sordidusa</span> <span class='ocrx_word' id='word_1_309' title='bbox 1093 2225 1205 2281; x_wconf 89' lang='lat' dir='ltr'>pareas.</span> <span class='ocrx_word' id='word_1_310' title='bbox 1221 2204 1331 2266; x_wconf 83' lang='lat' dir='ltr'>Duodiul</span> 
     </span>
     <span class='ocr_line' id='line_1_29' title="bbox 128 2226 1332 2360; baseline 0 -28"><span class='ocrx_word' id='word_1_311' title='bbox 128 2274 226 2359; x_wconf 78' lang='lat' dir='ltr'>tristes</span> <span class='ocrx_word' id='word_1_312' title='bbox 240 2277 279 2360; x_wconf 84' lang='grc' dir='ltr'>ἰιιΙ</span> <span class='ocrx_word' id='word_1_313' title='bbox 294 2279 471 2351; x_wconf 83' lang='lat' dir='ltr'>apparentia,</span> <span class='ocrx_word' id='word_1_314' title='bbox 484 2286 517 2337; x_wconf 92' lang='lat' dir='ltr'>ut</span> <span class='ocrx_word' id='word_1_315' title='bbox 535 2280 597 2354; x_wconf 91' lang='lat' dir='ltr'>ipsa</span> <span class='ocrx_word' id='word_1_316' title='bbox 621 2284 717 2341; x_wconf 81' lang='lat' dir='ltr'>vultus</span> <span class='ocrx_word' id='word_1_317' title='bbox 747 2336 749 2351; x_wconf 86' lang='grc'>,</span> <span class='ocrx_word' id='word_1_318' title='bbox 772 2290 874 2339; x_wconf 88' lang='lat' dir='ltr'>eontra</span> <span class='ocrx_word' id='word_1_319' title='bbox 887 2282 957 2339; x_wconf 90' lang='lat' dir='ltr'>duo:</span> <span class='ocrx_word' id='word_1_320' title='bbox 970 2298 1043 2353; x_wconf 81' lang='lat' dir='ltr'>unge</span> <span class='ocrx_word' id='word_1_321' title='bbox 1054 2226 1117 2338; x_wconf 64' lang='lat' dir='ltr'>oiim</span> <span class='ocrx_word' id='word_1_322' title='bbox 1131 2281 1246 2347; x_wconf 81' lang='lat' dir='ltr'>laetitiae,</span> <span class='ocrx_word' id='word_1_323' title='bbox 1259 2283 1332 2336; x_wconf 81' lang='lat' dir='ltr'>contri</span> 
     </span>
     <span class='ocr_line' id='line_1_30' title="bbox 128 2352 1332 2426; baseline -0.002 -21"><span class='ocrx_word' id='word_1_324' title='bbox 128 2352 245 2406; x_wconf 89' lang='lat' dir='ltr'>tristitia</span> <span class='ocrx_word' id='word_1_325' title='bbox 257 2355 295 2405; x_wconf 81' lang='lat' dir='ltr'>sit</span> <span class='ocrx_word' id='word_1_326' title='bbox 313 2352 464 2409; x_wconf 81' lang='lat' dir='ltr'>ostentatio</span> <span class='ocrx_word' id='word_1_327' title='bbox 482 2353 583 2425; x_wconf 82' lang='lat' dir='ltr'>jejunii</span> <span class='ocrx_word' id='word_1_328' title='bbox 603 2356 674 2413; x_wconf 84' lang='lat' dir='ltr'>l&#39;alsa</span> <span class='ocrx_word' id='word_1_329' title='bbox 689 2363 717 2412; x_wconf 90' lang='lat' dir='ltr'>et</span> <span class='ocrx_word' id='word_1_330' title='bbox 747 2384 749 2413; x_wconf 69' lang='lat' dir='ltr'>l</span> <span class='ocrx_word' id='word_1_331' title='bbox 772 2352 917 2410; x_wconf 90' lang='lat' dir='ltr'>tristitiam</span> <span class='ocrx_word' id='word_1_332' title='bbox 943 2352 1179 2426; x_wconf 62' lang='lat' dir='ltr'>hypocritarum</span> <span class='ocrx_word' id='word_1_333' title='bbox 1206 2354 1262 2409; x_wconf 83' lang='lat' dir='ltr'>laia</span> <span class='ocrx_word' id='word_1_334' title='bbox 1281 2357 1332 2418; x_wconf 84' lang='lat' dir='ltr'>aqut</span> 
     </span>
     <span class='ocr_line' id='line_1_31' title="bbox 129 2421 1333 2505; baseline -0.001 -30"><span class='ocrx_word' id='word_1_335' title='bbox 129 2435 211 2478; x_wconf 84' lang='lat' dir='ltr'>vana.</span> <span class='ocrx_word' id='word_1_336' title='bbox 236 2426 430 2479; x_wconf 73' lang='lat' dir='ltr'>bite-minant</span> <span class='ocrx_word' id='word_1_337' title='bbox 462 2429 545 2495; x_wconf 79' lang='lat' dir='ltr'>entim,</span> <span class='ocrx_word' id='word_1_338' title='bbox 574 2430 603 2482; x_wconf 88' lang='lat' dir='ltr'>et</span> <span class='ocrx_word' id='word_1_339' title='bbox 633 2427 726 2499; x_wconf 74' lang='lat' dir='ltr'>qnasi¹</span> <span class='ocrx_word' id='word_1_340' title='bbox 746 2438 749 2505; x_wconf 48' lang='lat' dir='ltr'><strong><em>J</em></strong></span> <span class='ocrx_word' id='word_1_341' title='bbox 772 2425 930 2495; x_wconf 74' lang='lat' dir='ltr'>munditiae,</span> <span class='ocrx_word' id='word_1_342' title='bbox 964 2430 1063 2481; x_wconf 89' lang='lat' dir='ltr'>contra</span> <span class='ocrx_word' id='word_1_343' title='bbox 1093 2421 1333 2480; x_wconf 75' lang='lat' dir='ltr'>exterminationem</span> 
     </span>
     <span class='ocr_line' id='line_1_32' title="bbox 127 2494 1336 2568; baseline 0.001 -20"><span class='ocrx_word' id='word_1_344' title='bbox 127 2500 208 2549; x_wconf 83' lang='lat' dir='ltr'>extra</span> <span class='ocrx_word' id='word_1_345' title='bbox 236 2494 364 2565; x_wconf 86' lang='lat' dir='ltr'>proprios</span> <span class='ocrx_word' id='word_1_346' title='bbox 393 2496 528 2553; x_wconf 90' lang='lat' dir='ltr'>terminos</span> <span class='ocrx_word' id='word_1_347' title='bbox 549 2504 659 2568; x_wconf 91' lang='lat' dir='ltr'>ponunt</span> <span class='ocrx_word' id='word_1_348' title='bbox 687 2507 716 2556; x_wconf 88' lang='lat' dir='ltr'>et</span> <span class='ocrx_word' id='word_1_349' title='bbox 746 2532 748 2537; x_wconf 34' lang='grc' dir='ltr'><strong>ι</strong></span> <span class='ocrx_word' id='word_1_350' title='bbox 772 2496 993 2562; x_wconf 77' lang='lat' dir='ltr'>facierumvel,</span> <span class='ocrx_word' id='word_1_351' title='bbox 1013 2494 1253 2552; x_wconf 89' lang='lat' dir='ltr'>secundumduas</span> <span class='ocrx_word' id='word_1_352' title='bbox 1265 2495 1336 2566; x_wconf 73' lang='lat' dir='ltr'>pailet</span> 
     </span>
     <span class='ocr_line' id='line_1_33' title="bbox 128 2560 1338 2640; baseline -0.001 -20"><span class='ocrx_word' id='word_1_353' title='bbox 128 2563 284 2634; x_wconf 75' lang='lat' dir='ltr'>adducunt,</span> <span class='ocrx_word' id='word_1_354' title='bbox 299 2570 386 2634; x_wconf 73' lang='lat' dir='ltr'>socies</span> <span class='ocrx_word' id='word_1_355' title='bbox 403 2585 479 2636; x_wconf 85' lang='lat' dir='ltr'>suas,</span> <span class='ocrx_word' id='word_1_356' title='bbox 500 2585 534 2625; x_wconf 90' lang='lat' dir='ltr'>ac</span> <span class='ocrx_word' id='word_1_357' title='bbox 553 2570 717 2627; x_wconf 80' lang='lat' dir='ltr'>deformant</span> <span class='ocrx_word' id='word_1_358' title='bbox 746 2566 748 2577; x_wconf 92' lang='lat'>&#39;</span> <span class='ocrx_word' id='word_1_359' title='bbox 768 2567 904 2640; x_wconf 78' lang='lat' dir='ltr'>justitia:</span> <span class='ocrx_word' id='word_1_360' title='bbox 919 2568 983 2625; x_wconf 85' lang='lat' dir='ltr'>lava</span> <span class='ocrx_word' id='word_1_361' title='bbox 998 2567 1098 2625; x_wconf 87' lang='lat' dir='ltr'>taciem</span> <span class='ocrx_word' id='word_1_362' title='bbox 1111 2568 1264 2632; x_wconf 87' lang='lat' dir='ltr'>internam,</span> <span class='ocrx_word' id='word_1_363' title='bbox 1277 2560 1338 2622; x_wconf 77' lang='lat' dir='ltr'>init</span> 
     </span>
     <span class='ocr_line' id='line_1_34' title="bbox 128 2636 1339 2713; baseline -0.001 -23"><span class='ocrx_word' id='word_1_364' title='bbox 128 2649 248 2707; x_wconf 85' lang='lat' dir='ltr'>corpora</span> <span class='ocrx_word' id='word_1_365' title='bbox 262 2654 313 2693; x_wconf 92' lang='lat' dir='ltr'>sna</span> <span class='ocrx_word' id='word_1_366' title='bbox 325 2638 422 2695; x_wconf 92' lang='lat' dir='ltr'>habitu</span> <span class='ocrx_word' id='word_1_367' title='bbox 440 2640 556 2697; x_wconf 89' lang='lat' dir='ltr'>sordido</span> <span class='ocrx_word' id='word_1_368' title='bbox 579 2647 608 2697; x_wconf 90' lang='lat' dir='ltr'>et</span> <span class='ocrx_word' id='word_1_369' title='bbox 630 2658 715 2713; x_wconf 86' lang='lat' dir='ltr'>squa-</span> <span class='ocrx_word' id='word_1_370' title='bbox 740 2654 748 2705; x_wconf 74' lang='lat'>.!</span> <span class='ocrx_word' id='word_1_371' title='bbox 772 2639 987 2709; x_wconf 86' lang='lat' dir='ltr'>conscientiam,</span> <span class='ocrx_word' id='word_1_372' title='bbox 1008 2656 1025 2696; x_wconf 94' lang='lat' dir='ltr'>a</span> <span class='ocrx_word' id='word_1_373' title='bbox 1043 2640 1118 2697; x_wconf 90' lang='lat' dir='ltr'>malo</span> <span class='ocrx_word' id='word_1_374' title='bbox 1137 2656 1191 2712; x_wconf 87' lang='lat' dir='ltr'>per</span> <span class='ocrx_word' id='word_1_375' title='bbox 1205 2636 1339 2695; x_wconf 74' lang='lat' dir='ltr'>eiinlessio·</span> 
     </span>
     <span class='ocr_line' id='line_1_35' title="bbox 128 2704 1342 2793; baseline 0.003 -32"><span class='ocrx_word' id='word_1_376' title='bbox 128 2704 186 2762; x_wconf 91' lang='lat' dir='ltr'>lido</span> <span class='ocrx_word' id='word_1_377' title='bbox 202 2708 366 2788; x_wconf 86' lang='lat' dir='ltr'>deturparit,</span> <span class='ocrx_word' id='word_1_378' title='bbox 383 2717 581 2783; x_wconf 83' lang='lat' dir='ltr'>utopporeont</span> <span class='ocrx_word' id='word_1_379' title='bbox 597 2716 715 2770; x_wconf 83' lang='lat' dir='ltr'>homini·</span> <span class='ocrx_word' id='word_1_380' title='bbox 745 2730 748 2745; x_wconf 74' lang='lat'>¹</span> <span class='ocrx_word' id='word_1_381' title='bbox 772 2726 838 2767; x_wconf 88' lang='lat' dir='ltr'>neni</span> <span class='ocrx_word' id='word_1_382' title='bbox 869 2711 1016 2793; x_wconf 81' lang='lat' dir='ltr'>tergendo,</span> <span class='ocrx_word' id='word_1_383' title='bbox 1043 2717 1073 2768; x_wconf 90' lang='lat' dir='ltr'>ul</span> <span class='ocrx_word' id='word_1_384' title='bbox 1102 2711 1210 2768; x_wconf 90' lang='lat' dir='ltr'>munda</span> <span class='ocrx_word' id='word_1_385' title='bbox 1231 2710 1268 2766; x_wconf 91' lang='lat' dir='ltr'>sit</span> <span class='ocrx_word' id='word_1_386' title='bbox 1291 2709 1342 2766; x_wconf 81' lang='lat' dir='ltr'>anit</span> 
     </span>
     <span class='ocr_line' id='line_1_36' title="bbox 127 2772 1345 2856; baseline 0.004 -25"><span class='ocrx_word' id='word_1_387' title='bbox 127 2774 178 2831; x_wconf 81' lang='lat' dir='ltr'>hus</span> <span class='ocrx_word' id='word_1_388' title='bbox 200 2779 369 2847; x_wconf 66' lang='lat' dir='ltr'>jejunantes,</span> <span class='ocrx_word' id='word_1_389' title='bbox 404 2797 437 2837; x_wconf 92' lang='lat' dir='ltr'>ac</span> <span class='ocrx_word' id='word_1_390' title='bbox 462 2799 575 2856; x_wconf 88' lang='lat' dir='ltr'>semper</span> <span class='ocrx_word' id='word_1_391' title='bbox 599 2784 715 2842; x_wconf 83' lang='lat' dir='ltr'>videan·</span> <span class='ocrx_word' id='word_1_392' title='bbox 745 2772 748 2847; x_wconf 69' lang='lat' dir='ltr'>i</span> <span class='ocrx_word' id='word_1_393' title='bbox 772 2785 880 2839; x_wconf 91' lang='lat' dir='ltr'>Deum:</span> <span class='ocrx_word' id='word_1_394' title='bbox 899 2788 972 2839; x_wconf 91' lang='lat' dir='ltr'>sicut</span> <span class='ocrx_word' id='word_1_395' title='bbox 992 2782 1114 2840; x_wconf 91' lang='lat' dir='ltr'>enimin</span> <span class='ocrx_word' id='word_1_396' title='bbox 1134 2789 1288 2854; x_wconf 85' lang='lat' dir='ltr'>conspectu</span> <span class='ocrx_word' id='word_1_397' title='bbox 1306 2781 1345 2836; x_wconf 83' lang='lat' dir='ltr'>lio·</span> 
     </span>
    </p>
   </div>
   <div class='ocr_carea' id='block_1_3' title="bbox 125 2847 1356 3139">
    <p class='ocr_par' dir='ltr' id='par_1_3' title="bbox 125 2847 1356 3139">
     <span class='ocr_line' id='line_1_37' title="bbox 125 2847 1348 2980; baseline 0.007 -76"><span class='ocrx_word' id='word_1_398' title='bbox 125 2851 174 2904; x_wconf 89' lang='lat' dir='ltr'>tur</span> <span class='ocrx_word' id='word_1_399' title='bbox 189 2847 294 2913; x_wconf 87' lang='lat' dir='ltr'>tristes,</span> <span class='ocrx_word' id='word_1_400' title='bbox 313 2856 340 2904; x_wconf 89' lang='lat' dir='ltr'>et</span> <span class='ocrx_word' id='word_1_401' title='bbox 357 2851 436 2921; x_wconf 91' lang='lat' dir='ltr'>quasi</span> <span class='ocrx_word' id='word_1_402' title='bbox 453 2853 488 2909; x_wconf 91' lang='lat' dir='ltr'>de</span> <span class='ocrx_word' id='word_1_403' title='bbox 507 2855 631 2925; x_wconf 87' lang='lat' dir='ltr'>peccatis</span> <span class='ocrx_word' id='word_1_404' title='bbox 645 2857 715 2913; x_wconf 92' lang='lat' dir='ltr'>alio·</span> <span class='ocrx_word' id='word_1_405' title='bbox 745 2852 748 2927; x_wconf 80' lang='lat' dir='ltr'>l</span> <span class='ocrx_word' id='word_1_406' title='bbox 772 2854 880 2911; x_wconf 89' lang='lat' dir='ltr'>minum</span> <span class='ocrx_word' id='word_1_407' title='bbox 905 2853 1030 2980; x_wconf 52' lang='lat' dir='ltr'>qratiosa</span> <span class='ocrx_word' id='word_1_408' title='bbox 1055 2861 1099 2911; x_wconf 88' lang='lat' dir='ltr'>est</span> <span class='ocrx_word' id='word_1_409' title='bbox 1119 2852 1208 2910; x_wconf 82' lang='lat' dir='ltr'>iacies</span> <span class='ocrx_word' id='word_1_410' title='bbox 1234 2852 1348 2934; x_wconf 56' lang='lat' dir='ltr'>pulchre</span> 
     </span>
     <span class='ocr_line' id='line_1_38' title="bbox 127 2920 1351 2999; baseline 0.007 -27"><span class='ocrx_word' id='word_1_411' title='bbox 127 2933 192 2974; x_wconf 91' lang='lat' dir='ltr'>runi</span> <span class='ocrx_word' id='word_1_412' title='bbox 205 2920 334 2999; x_wconf 81' lang='lat' dir='ltr'>lugentes</span> <span class='ocrx_word' id='word_1_413' title='bbox 346 2938 353 2987; x_wconf 84' lang='lat'><em>3</em></span> <span class='ocrx_word' id='word_1_414' title='bbox 370 2923 525 2979; x_wconf 89' lang='lat' dir='ltr'>ostendunt</span> <span class='ocrx_word' id='word_1_415' title='bbox 534 2925 609 2981; x_wconf 90' lang='lat' dir='ltr'>enini</span> <span class='ocrx_word' id='word_1_416' title='bbox 618 2944 715 2998; x_wconf 88' lang='lat' dir='ltr'>quam·</span> <span class='ocrx_word' id='word_1_417' title='bbox 745 2944 747 2997; x_wconf 89' lang='lat'>!</span> <span class='ocrx_word' id='word_1_418' title='bbox 771 2925 812 2983; x_wconf 92' lang='lat' dir='ltr'>sic</span> <span class='ocrx_word' id='word_1_419' title='bbox 821 2925 910 2982; x_wconf 90' lang='lat' dir='ltr'>inocn</span> <span class='ocrx_word' id='word_1_420' title='bbox 924 2926 946 2981; x_wconf 90' lang='lat' dir='ltr'>is</span> <span class='ocrx_word' id='word_1_421' title='bbox 955 2925 1005 2982; x_wconf 92' lang='lat' dir='ltr'>Dei</span> <span class='ocrx_word' id='word_1_422' title='bbox 1019 2924 1145 2998; x_wconf 88' lang='lat' dir='ltr'>pretiosa</span> <span class='ocrx_word' id='word_1_423' title='bbox 1159 2930 1205 2981; x_wconf 90' lang='lat' dir='ltr'>est</span> <span class='ocrx_word' id='word_1_424' title='bbox 1216 2936 1351 2981; x_wconf 75' lang='lat' dir='ltr'>consciuit·</span> 
     </span>
     <span class='ocr_line' id='line_1_39' title="bbox 126 2987 1353 3076; baseline 0.006 -32"><span class='ocrx_word' id='word_1_425' title='bbox 126 2987 194 3069; x_wconf 74' lang='lat' dir='ltr'>dam</span> <span class='ocrx_word' id='word_1_426' title='bbox 212 2990 445 3072; x_wconf 75' lang='lat' dir='ltr'>laieieitristitiarn</span> <span class='ocrx_word' id='word_1_427' title='bbox 459 2999 487 3049; x_wconf 87' lang='lat' dir='ltr'>et</span> <span class='ocrx_word' id='word_1_428' title='bbox 506 3002 586 3052; x_wconf 82' lang='lat' dir='ltr'>extra</span> <span class='ocrx_word' id='word_1_429' title='bbox 599 2999 715 3056; x_wconf 87' lang='lat' dir='ltr'>solitum</span> <span class='ocrx_word' id='word_1_430' title='bbox 771 2997 811 3054; x_wconf 92' lang='lat' dir='ltr'>tia</span> <span class='ocrx_word' id='word_1_431' title='bbox 837 2998 963 3066; x_wconf 88' lang='lat' dir='ltr'>munda;</span> <span class='ocrx_word' id='word_1_432' title='bbox 986 3003 1014 3053; x_wconf 93' lang='lat' dir='ltr'>et</span> <span class='ocrx_word' id='word_1_433' title='bbox 1033 3013 1109 3067; x_wconf 82' lang='lat' dir='ltr'>unge</span> <span class='ocrx_word' id='word_1_434' title='bbox 1127 3003 1225 3067; x_wconf 89' lang='lat' dir='ltr'>caput,</span> <span class='ocrx_word' id='word_1_435' title='bbox 1254 2995 1284 3052; x_wconf 94' lang='lat' dir='ltr'>id</span> <span class='ocrx_word' id='word_1_436' title='bbox 1306 2994 1353 3076; x_wconf 76' lang='lat' dir='ltr'>est,</span> 
     </span>
     <span class='ocr_line' id='line_1_40' title="bbox 127 3059 1356 3139; baseline 0.007 -25"><span class='ocrx_word' id='word_1_437' title='bbox 127 3059 248 3115; x_wconf 91' lang='lat' dir='ltr'>aliorum</span> <span class='ocrx_word' id='word_1_438' title='bbox 274 3061 390 3115; x_wconf 91' lang='lat' dir='ltr'>niodum</span> <span class='ocrx_word' id='word_1_439' title='bbox 418 3079 447 3117; x_wconf 93' lang='grc' dir='ltr'>ιιι</span> <span class='ocrx_word' id='word_1_440' title='bbox 471 3064 549 3121; x_wconf 82' lang='lat' dir='ltr'>vultu</span> <span class='ocrx_word' id='word_1_441' title='bbox 577 3072 606 3122; x_wconf 93' lang='lat' dir='ltr'>et</span> <span class='ocrx_word' id='word_1_442' title='bbox 637 3077 715 3126; x_wconf 86' lang='lat' dir='ltr'>veste</span> <span class='ocrx_word' id='word_1_443' title='bbox 771 3076 896 3125; x_wconf 88' lang='lat' dir='ltr'>mentem</span> <span class='ocrx_word' id='word_1_444' title='bbox 915 3068 1123 3137; x_wconf 89' lang='lat' dir='ltr'>seuralionem,</span> <span class='ocrx_word' id='word_1_445' title='bbox 1139 3084 1206 3139; x_wconf 76' lang='lat' dir='ltr'>quae</span> <span class='ocrx_word' id='word_1_446' title='bbox 1222 3067 1356 3124; x_wconf 73' lang='lat' dir='ltr'>inaninn</span> 
     </span>
    </p>
   </div>
   <div class='ocr_carea' id='block_1_4' title="bbox 122 3132 1358 4285">
    <p class='ocr_par' dir='ltr' id='par_1_4' title="bbox 122 3132 1358 4285">
     <span class='ocr_line' id='line_1_41' title="bbox 125 3132 1358 3215; baseline 0.006 -28"><span class='ocrx_word' id='word_1_447' title='bbox 125 3132 289 3215; x_wconf 71' lang='lat' dir='ltr'>squalorem</span> <span class='ocrx_word' id='word_1_448' title='bbox 304 3132 509 3214; x_wconf 79' lang='lat' dir='ltr'>demonstrant,</span> <span class='ocrx_word' id='word_1_449' title='bbox 526 3144 557 3193; x_wconf 91' lang='lat' dir='ltr'>ut</span> <span class='ocrx_word' id='word_1_450' title='bbox 574 3139 714 3209; x_wconf 80' lang='lat' dir='ltr'>poeniten·</span> <span class='ocrx_word' id='word_1_451' title='bbox 744 3138 746 3175; x_wconf 76' lang='lat'><em>³</em></span> <span class='ocrx_word' id='word_1_452' title='bbox 790 3140 948 3208; x_wconf 85' lang='lat' dir='ltr'>raeeminet,</span> <span class='ocrx_word' id='word_1_453' title='bbox 969 3156 1003 3197; x_wconf 90' lang='lat' dir='ltr'>ac</span> <span class='ocrx_word' id='word_1_454' title='bbox 1021 3138 1211 3211; x_wconf 77' lang='lat' dir='ltr'>cogitationes</span> <span class='ocrx_word' id='word_1_455' title='bbox 1229 3144 1259 3195; x_wconf 88' lang='lat' dir='ltr'>et</span> <span class='ocrx_word' id='word_1_456' title='bbox 1271 3143 1358 3195; x_wconf 84' lang='lat' dir='ltr'>cetert</span> 
     </span>
     <span class='ocr_line' id='line_1_42' title="bbox 126 3157 1358 3293; baseline 0.005 -33"><span class='ocrx_word' id='word_1_457' title='bbox 126 3206 175 3261; x_wconf 83' lang='lat' dir='ltr'>trie</span> <span class='ocrx_word' id='word_1_458' title='bbox 187 3220 310 3288; x_wconf 66' lang='lat' dir='ltr'>rigorem</span> <span class='ocrx_word' id='word_1_459' title='bbox 320 3206 464 3275; x_wconf 89' lang='lat' dir='ltr'>simulent,</span> <span class='ocrx_word' id='word_1_460' title='bbox 479 3214 508 3265; x_wconf 89' lang='lat' dir='ltr'>et</span> <span class='ocrx_word' id='word_1_461' title='bbox 518 3209 643 3280; x_wconf 77' lang='lat' dir='ltr'>religiosi</span> <span class='ocrx_word' id='word_1_462' title='bbox 656 3228 714 3282; x_wconf 85' lang='lat' dir='ltr'>prae</span> <span class='ocrx_word' id='word_1_463' title='bbox 744 3220 746 3261; x_wconf 77' lang='lat' dir='ltr'>t</span> <span class='ocrx_word' id='word_1_464' title='bbox 769 3157 893 3268; x_wconf 64' lang='lat' dir='ltr'>fliminis</span> <span class='ocrx_word' id='word_1_465' title='bbox 904 3210 977 3283; x_wconf 82' lang='lat' dir='ltr'>regit</span> <span class='ocrx_word' id='word_1_466' title='bbox 985 3211 1014 3267; x_wconf 93' lang='lat' dir='ltr'>in</span> <span class='ocrx_word' id='word_1_467' title='bbox 1022 3213 1107 3282; x_wconf 91' lang='lat' dir='ltr'>bono,</span> <span class='ocrx_word' id='word_1_468' title='bbox 1118 3227 1172 3293; x_wconf 85' lang='lat' dir='ltr'>per</span> <span class='ocrx_word' id='word_1_469' title='bbox 1183 3210 1358 3290; x_wconf 70' lang='lat' dir='ltr'>devotionem</span> 
     </span>
     <span class='ocr_line' id='line_1_43' title="bbox 127 3279 1357 3360; baseline 0.002 -26"><span class='ocrx_word' id='word_1_470' title='bbox 127 3282 239 3360; x_wconf 74' lang='lat' dir='ltr'>caeteris</span> <span class='ocrx_word' id='word_1_471' title='bbox 253 3285 419 3359; x_wconf 81' lang='lat' dir='ltr'>appareant,</span> <span class='ocrx_word' id='word_1_472' title='bbox 435 3283 463 3335; x_wconf 88' lang='lat' dir='ltr'>et</span> <span class='ocrx_word' id='word_1_473' title='bbox 486 3279 552 3337; x_wconf 88' lang='lat' dir='ltr'>inde</span> <span class='ocrx_word' id='word_1_474' title='bbox 567 3282 665 3339; x_wconf 92' lang='lat' dir='ltr'>laudes</span> <span class='ocrx_word' id='word_1_475' title='bbox 677 3286 714 3342; x_wconf 91' lang='lat' dir='ltr'>ab</span> <span class='ocrx_word' id='word_1_476' title='bbox 743 3284 746 3353; x_wconf 81' lang='lat' dir='ltr'>l</span> <span class='ocrx_word' id='word_1_477' title='bbox 768 3284 930 3356; x_wconf 82' lang='lat' dir='ltr'>gaudendo,</span> <span class='ocrx_word' id='word_1_478' title='bbox 948 3287 978 3340; x_wconf 93' lang='lat' dir='ltr'>ut</span> <span class='ocrx_word' id='word_1_479' title='bbox 994 3282 1022 3339; x_wconf 94' lang='lat' dir='ltr'>in</span> <span class='ocrx_word' id='word_1_480' title='bbox 1034 3283 1144 3354; x_wconf 73' lang='lat' dir='ltr'>Jejunio</span> <span class='ocrx_word' id='word_1_481' title='bbox 1164 3280 1288 3338; x_wconf 76' lang='lat' dir='ltr'>hilarem</span> <span class='ocrx_word' id='word_1_482' title='bbox 1301 3295 1357 3337; x_wconf 83' lang='lat' dir='ltr'>ain·</span> 
     </span>
     <span class='ocr_line' id='line_1_44' title="bbox 124 3348 1354 3426; baseline 0.002 -21"><span class='ocrx_word' id='word_1_483' title='bbox 124 3348 288 3406; x_wconf 89' lang='lat' dir='ltr'>hominibus</span> <span class='ocrx_word' id='word_1_484' title='bbox 303 3355 450 3421; x_wconf 86' lang='lat' dir='ltr'>recipiant.</span> <span class='ocrx_word' id='word_1_485' title='bbox 465 3352 487 3408; x_wconf 87' lang='lat' dir='ltr'>o</span> <span class='ocrx_word' id='word_1_486' title='bbox 502 3352 615 3409; x_wconf 89' lang='lat' dir='ltr'>insania</span> <span class='ocrx_word' id='word_1_487' title='bbox 635 3355 713 3411; x_wconf 83' lang='lat' dir='ltr'>rani·</span> <span class='ocrx_word' id='word_1_488' title='bbox 742 3378 744 3395; x_wconf 70' lang='lat'><strong>⁴</strong></span> <span class='ocrx_word' id='word_1_489' title='bbox 769 3371 846 3412; x_wconf 90' lang='lat' dir='ltr'>mum</span> <span class='ocrx_word' id='word_1_490' title='bbox 859 3355 992 3412; x_wconf 82' lang='lat' dir='ltr'>exhibeas</span> <span class='ocrx_word' id='word_1_491' title='bbox 1007 3356 1074 3410; x_wconf 84' lang='lat' dir='ltr'>Deo.</span> <span class='ocrx_word' id='word_1_492' title='bbox 1100 3351 1266 3426; x_wconf 85' lang='lat' dir='ltr'>Spiritualis</span> <span class='ocrx_word' id='word_1_493' title='bbox 1281 3351 1354 3409; x_wconf 83' lang='lat' dir='ltr'>enirn</span> 
     </span>
     <span class='ocr_line' id='line_1_45' title="bbox 126 3416 1353 3499; baseline 0.003 -23"><span class='ocrx_word' id='word_1_494' title='bbox 126 3420 203 3489; x_wconf 80' lang='lat' dir='ltr'>tatis,</span> <span class='ocrx_word' id='word_1_495' title='bbox 219 3421 321 3477; x_wconf 88' lang='lat' dir='ltr'>nolunt</span> <span class='ocrx_word' id='word_1_496' title='bbox 331 3437 403 3489; x_wconf 88' lang='lat' dir='ltr'>esse,</span> <span class='ocrx_word' id='word_1_497' title='bbox 418 3423 494 3493; x_wconf 89' lang='lat' dir='ltr'>quod</span> <span class='ocrx_word' id='word_1_498' title='bbox 506 3429 602 3481; x_wconf 88' lang='lat' dir='ltr'>tamen</span> <span class='ocrx_word' id='word_1_499' title='bbox 615 3427 712 3484; x_wconf 80' lang='lat' dir='ltr'>volunt</span> <span class='ocrx_word' id='word_1_500' title='bbox 741 3416 744 3487; x_wconf 73' lang='grc' dir='ltr'><em>ἶ</em></span> <span class='ocrx_word' id='word_1_501' title='bbox 768 3426 896 3483; x_wconf 88' lang='lat' dir='ltr'>hilaritas</span> <span class='ocrx_word' id='word_1_502' title='bbox 910 3427 940 3483; x_wconf 90' lang='lat' dir='ltr'>in</span> <span class='ocrx_word' id='word_1_503' title='bbox 954 3424 1073 3499; x_wconf 86' lang='lat' dir='ltr'>jejunio,</span> <span class='ocrx_word' id='word_1_504' title='bbox 1088 3424 1163 3482; x_wconf 88' lang='lat' dir='ltr'>sient</span> <span class='ocrx_word' id='word_1_505' title='bbox 1175 3423 1208 3480; x_wconf 91' lang='lat' dir='ltr'>in</span> <span class='ocrx_word' id='word_1_506' title='bbox 1233 3425 1353 3481; x_wconf 87' lang='lat' dir='ltr'>eleemo-</span> 
     </span>
     <span class='ocr_line' id='line_1_46' title="bbox 125 3494 1356 3637; baseline 0.006 -21"><span class='ocrx_word' id='word_1_507' title='bbox 125 3494 713 3637; x_wconf 53' lang='lat' dir='ltr'>tttt‘thllllttlttttlhhhl</span> <span class='ocrx_word' id='word_1_508' title='bbox 740 3514 743 3607; x_wconf 81' lang='lat' dir='ltr'>i</span> <span class='ocrx_word' id='word_1_509' title='bbox 767 3495 1356 3637; x_wconf 56' lang='lat' dir='ltr'>hhhtihtthhhhhzlhht</span> 
     </span>
     <span class='ocr_line' id='line_1_47' title="bbox 125 3611 1356 3713; baseline 0.008 -27"><span class='ocrx_word' id='word_1_510' title='bbox 125 3632 277 3713; x_wconf 81' lang='lat' dir='ltr'>modicam,</span> <span class='ocrx_word' id='word_1_511' title='bbox 292 3633 390 3692; x_wconf 90' lang='lat' dir='ltr'>dicens</span> <span class='ocrx_word' id='word_1_512' title='bbox 404 3653 411 3692; x_wconf 91' lang='lat'>:</span> <span class='ocrx_word' id='word_1_513' title='bbox 425 3637 523 3703; x_wconf 84' lang='lat' dir='ltr'>Amen,</span> <span class='ocrx_word' id='word_1_514' title='bbox 540 3637 568 3693; x_wconf 94' lang='lat' dir='ltr'>id</span> <span class='ocrx_word' id='word_1_515' title='bbox 584 3644 628 3694; x_wconf 90' lang='lat' dir='ltr'>est</span> <span class='ocrx_word' id='word_1_516' title='bbox 643 3655 711 3696; x_wconf 88' lang='lat' dir='ltr'>vere</span> <span class='ocrx_word' id='word_1_517' title='bbox 740 3620 743 3693; x_wconf 72' lang='lat' dir='ltr'>i</span> <span class='ocrx_word' id='word_1_518' title='bbox 769 3641 952 3713; x_wconf 83' lang='lat' dir='ltr'>&#39;ejunantem</span> <span class='ocrx_word' id='word_1_519' title='bbox 970 3639 1021 3699; x_wconf 92' lang='lat' dir='ltr'>Ubi</span> <span class='ocrx_word' id='word_1_520' title='bbox 1034 3611 1227 3709; x_wconf 75' lang='lat' dir='ltr'>tuqus&#39;imm:</span> <span class='ocrx_word' id='word_1_521' title='bbox 1245 3660 1260 3690; x_wconf 75' lang='grc' dir='ltr'>ιι</span> <span class='ocrx_word' id='word_1_522' title='bbox 1273 3637 1356 3695; x_wconf 86' lang='lat' dir='ltr'>intel·</span> 
     </span>
     <span class='ocr_line' id='line_1_48' title="bbox 125 3657 1354 3790; baseline 0.007 -32"><span class='ocrx_word' id='word_1_523' title='bbox 125 3700 189 3758; x_wconf 87' lang='lat' dir='ltr'>dieo</span> <span class='ocrx_word' id='word_1_524' title='bbox 204 3705 294 3784; x_wconf 85' lang='lat' dir='ltr'>vobis,</span> <span class='ocrx_word' id='word_1_525' title='bbox 312 3710 379 3774; x_wconf 82' lang='lat' dir='ltr'>quio</span> <span class='ocrx_word' id='word_1_526' title='bbox 392 3715 549 3790; x_wconf 73' lang='lat' dir='ltr'>receperam</span> <span class='ocrx_word' id='word_1_527' title='bbox 561 3711 711 3768; x_wconf 82' lang='lat' dir='ltr'>mercedem</span> <span class='ocrx_word' id='word_1_528' title='bbox 741 3726 743 3777; x_wconf 85' lang='lat'><strong>:</strong></span> <span class='ocrx_word' id='word_1_529' title='bbox 763 3657 911 3784; x_wconf 77' lang='lat' dir='ltr'>iigendum</span> <span class='ocrx_word' id='word_1_530' title='bbox 925 3719 979 3779; x_wconf 90' lang='lat' dir='ltr'>est,</span> <span class='ocrx_word' id='word_1_531' title='bbox 1004 3713 1056 3769; x_wconf 88' lang='lat' dir='ltr'>hec</span> <span class='ocrx_word' id='word_1_532' title='bbox 1073 3716 1251 3784; x_wconf 72' lang='lat' dir='ltr'>preceptum</span> <span class='ocrx_word' id='word_1_533' title='bbox 1265 3710 1304 3767; x_wconf 87' lang='lat' dir='ltr'>ad</span> <span class='ocrx_word' id='word_1_534' title='bbox 1314 3709 1354 3765; x_wconf 90' lang='lat' dir='ltr'>iu·</span> 
     </span>
     <span class='ocr_line' id='line_1_49' title="bbox 124 3775 1357 3858; baseline 0.007 -28"><span class='ocrx_word' id='word_1_535' title='bbox 124 3775 712 3858; x_wconf 75' lang='lat' dir='ltr'>euomscilicetlaudemhominum,quam</span> <span class='ocrx_word' id='word_1_536' title='bbox 740 3794 742 3847; x_wconf 69' lang='lat' dir='ltr'>l</span> <span class='ocrx_word' id='word_1_537' title='bbox 765 3784 899 3839; x_wconf 88' lang='lat' dir='ltr'>teriorem</span> <span class='ocrx_word' id='word_1_538' title='bbox 913 3783 1057 3840; x_wconf 89' lang='lat' dir='ltr'>hominem</span> <span class='ocrx_word' id='word_1_539' title='bbox 1074 3782 1229 3855; x_wconf 86' lang='lat' dir='ltr'>pertinere.</span> <span class='ocrx_word' id='word_1_540' title='bbox 1248 3783 1357 3852; x_wconf 74' lang='lat' dir='ltr'>tingere</span> 
     </span>
     <span class='ocr_line' id='line_1_50' title="bbox 124 3845 1358 3926; baseline 0.008 -28"><span class='ocrx_word' id='word_1_541' title='bbox 124 3845 300 3926; x_wconf 72' lang='lat' dir='ltr'>querebant.</span> <span class='ocrx_word' id='word_1_542' title='bbox 314 3853 343 3902; x_wconf 90' lang='lat' dir='ltr'>et</span> <span class='ocrx_word' id='word_1_543' title='bbox 356 3865 385 3903; x_wconf 93' lang='lat' dir='ltr'>iii</span> <span class='ocrx_word' id='word_1_544' title='bbox 400 3850 493 3907; x_wconf 87' lang='lat' dir='ltr'>tuturo</span> <span class='ocrx_word' id='word_1_545' title='bbox 508 3851 646 3923; x_wconf 84' lang='lat' dir='ltr'>recipient</span> <span class='ocrx_word' id='word_1_546' title='bbox 659 3870 711 3926; x_wconf 90' lang='lat' dir='ltr'>pro</span> <span class='ocrx_word' id='word_1_547' title='bbox 739 3858 742 3901; x_wconf 87' lang='lat' dir='ltr'>l</span> <span class='ocrx_word' id='word_1_548' title='bbox 765 3870 833 3925; x_wconf 79' lang='lat' dir='ltr'>ergo</span> <span class='ocrx_word' id='word_1_549' title='bbox 851 3863 935 3926; x_wconf 90' lang='lat' dir='ltr'>capnt</span> <span class='ocrx_word' id='word_1_550' title='bbox 953 3855 990 3911; x_wconf 92' lang='lat' dir='ltr'>ad</span> <span class='ocrx_word' id='word_1_551' title='bbox 1010 3853 1138 3911; x_wconf 74' lang='lat' dir='ltr'>laetitiam</span> <span class='ocrx_word' id='word_1_552' title='bbox 1160 3853 1286 3925; x_wconf 90' lang='lat' dir='ltr'>pertinet</span> <span class='ocrx_word' id='word_1_553' title='bbox 1296 3871 1305 3922; x_wconf 90' lang='lat'>;</span> <span class='ocrx_word' id='word_1_554' title='bbox 1322 3851 1358 3908; x_wconf 82' lang='lat' dir='ltr'>le·</span> 
     </span>
     <span class='ocr_line' id='line_1_51' title="bbox 124 3914 1351 3999; baseline 0.005 -26"><span class='ocrx_word' id='word_1_555' title='bbox 124 3914 306 3999; x_wconf 66' lang='lat' dir='ltr'>simulatione</span> <span class='ocrx_word' id='word_1_556' title='bbox 319 3918 542 3991; x_wconf 87' lang='lat' dir='ltr'>damnationem,</span> <span class='ocrx_word' id='word_1_557' title='bbox 554 3939 640 3993; x_wconf 90' lang='lat' dir='ltr'>qnam</span> <span class='ocrx_word' id='word_1_558' title='bbox 654 3942 710 3982; x_wconf 92' lang='lat' dir='ltr'>non</span> <span class='ocrx_word' id='word_1_559' title='bbox 739 3924 741 3955; x_wconf 67' lang='lat'>³</span> <span class='ocrx_word' id='word_1_560' title='bbox 765 3942 831 3982; x_wconf 85' lang='lat' dir='ltr'>vare</span> <span class='ocrx_word' id='word_1_561' title='bbox 847 3932 944 3984; x_wconf 87' lang='lat' dir='ltr'>autem</span> <span class='ocrx_word' id='word_1_562' title='bbox 966 3924 1078 3992; x_wconf 83' lang='lat' dir='ltr'>taciem,</span> <span class='ocrx_word' id='word_1_563' title='bbox 1106 3925 1144 3982; x_wconf 87' lang='lat' dir='ltr'>ad</span> <span class='ocrx_word' id='word_1_564' title='bbox 1170 3923 1351 3981; x_wconf 82' lang='lat' dir='ltr'>munditiam</span> 
     </span>
     <span class='ocr_line' id='line_1_52' title="bbox 123 3987 1355 4072; baseline 0.006 -28"><span class='ocrx_word' id='word_1_565' title='bbox 123 3987 272 4044; x_wconf 88' lang='lat' dir='ltr'>timebant.</span> <span class='ocrx_word' id='word_1_566' title='bbox 299 3991 332 4044; x_wconf 85' lang='lat' dir='ltr'>Et</span> <span class='ocrx_word' id='word_1_567' title='bbox 346 3990 499 4072; x_wconf 29' lang='lat' dir='ltr'>‚signanter</span> <span class='ocrx_word' id='word_1_568' title='bbox 514 3995 582 4050; x_wconf 87' lang='lat' dir='ltr'>dicit</span> <span class='ocrx_word' id='word_1_569' title='bbox 595 4011 711 4068; x_wconf 83' lang='lat' dir='ltr'>recepe·</span> <span class='ocrx_word' id='word_1_570' title='bbox 738 4000 797 4054; x_wconf 63' lang='lat' dir='ltr'>⁴¹Et</span> <span class='ocrx_word' id='word_1_571' title='bbox 816 3996 881 4054; x_wconf 91' lang='lat' dir='ltr'>ideo</span> <span class='ocrx_word' id='word_1_572' title='bbox 907 4003 992 4071; x_wconf 88' lang='lat' dir='ltr'>caput</span> <span class='ocrx_word' id='word_1_573' title='bbox 1012 4003 1134 4070; x_wconf 78' lang='lat' dir='ltr'>ungunt,</span> <span class='ocrx_word' id='word_1_574' title='bbox 1156 3995 1205 4067; x_wconf 91' lang='lat' dir='ltr'>qui</span> <span class='ocrx_word' id='word_1_575' title='bbox 1223 3996 1355 4053; x_wconf 73' lang='lat' dir='ltr'>letantur</span> 
     </span>
     <span class='ocr_line' id='line_1_53' title="bbox 122 4063 1355 4152; baseline 0.004 -35"><span class='ocrx_word' id='word_1_576' title='bbox 122 4063 199 4130; x_wconf 77' lang='lat' dir='ltr'>mint,</span> <span class='ocrx_word' id='word_1_577' title='bbox 221 4070 445 4142; x_wconf 75' lang='lat' dir='ltr'>nonrecipiunt,</span> <span class='ocrx_word' id='word_1_578' title='bbox 470 4065 537 4134; x_wconf 91' lang='lat' dir='ltr'>quia</span> <span class='ocrx_word' id='word_1_579' title='bbox 560 4066 625 4123; x_wconf 91' lang='lat' dir='ltr'>talis</span> <span class='ocrx_word' id='word_1_580' title='bbox 648 4068 710 4125; x_wconf 91' lang='lat' dir='ltr'>lans</span> <span class='ocrx_word' id='word_1_581' title='bbox 738 4104 740 4115; x_wconf 57' lang='grc' dir='ltr'><strong>ι</strong></span> <span class='ocrx_word' id='word_1_582' title='bbox 764 4068 1000 4142; x_wconf 75' lang='lat' dir='ltr'>interminante,</span> <span class='ocrx_word' id='word_1_583' title='bbox 1015 4076 1100 4152; x_wconf 88' lang='lat' dir='ltr'>atque</span> <span class='ocrx_word' id='word_1_584' title='bbox 1115 4068 1238 4125; x_wconf 89' lang='lat' dir='ltr'>ratione.</span> <span class='ocrx_word' id='word_1_585' title='bbox 1255 4068 1355 4123; x_wconf 82' lang='lat' dir='ltr'>Ethoc</span> 
     </span>
     <span class='ocr_line' id='line_1_54' title="bbox 122 4131 1354 4217; baseline 0.003 -27"><span class='ocrx_word' id='word_1_586' title='bbox 122 4131 194 4190; x_wconf 68' lang='lat' dir='ltr'>odeo</span> <span class='ocrx_word' id='word_1_587' title='bbox 213 4132 307 4214; x_wconf 76' lang='lat' dir='ltr'>brevis</span> <span class='ocrx_word' id='word_1_588' title='bbox 329 4136 381 4200; x_wconf 90' lang='lat' dir='ltr'>est,</span> <span class='ocrx_word' id='word_1_589' title='bbox 402 4134 477 4204; x_wconf 91' lang='lat' dir='ltr'>qnod</span> <span class='ocrx_word' id='word_1_590' title='bbox 497 4138 577 4217; x_wconf 86' lang='lat' dir='ltr'>quasi</span> <span class='ocrx_word' id='word_1_591' title='bbox 591 4138 660 4195; x_wconf 93' lang='lat' dir='ltr'>nibil</span> <span class='ocrx_word' id='word_1_592' title='bbox 674 4141 710 4197; x_wconf 90' lang='lat' dir='ltr'>de</span> <span class='ocrx_word' id='word_1_593' title='bbox 737 4144 740 4195; x_wconf 82' lang='grc' dir='ltr'><em>Ξ</em></span> <span class='ocrx_word' id='word_1_594' title='bbox 763 4140 848 4197; x_wconf 91' lang='lat' dir='ltr'>laciat</span> <span class='ocrx_word' id='word_1_595' title='bbox 870 4142 919 4214; x_wconf 90' lang='lat' dir='ltr'>qni</span> <span class='ocrx_word' id='word_1_596' title='bbox 938 4159 997 4199; x_wconf 89' lang='lat' dir='ltr'>non</span> <span class='ocrx_word' id='word_1_597' title='bbox 1011 4143 1081 4199; x_wconf 88' lang='lat' dir='ltr'>toris</span> <span class='ocrx_word' id='word_1_598' title='bbox 1095 4140 1200 4212; x_wconf 87' lang='lat' dir='ltr'>quairit</span> <span class='ocrx_word' id='word_1_599' title='bbox 1213 4138 1354 4205; x_wconf 77' lang='lat' dir='ltr'>laetitiam,</span> 
     </span>
     <span class='ocr_line' id='line_1_55' title="bbox 122 4205 1355 4285; baseline 0.003 -23"><span class='ocrx_word' id='word_1_600' title='bbox 122 4208 258 4274; x_wconf 78' lang='lat' dir='ltr'>presenti</span> <span class='ocrx_word' id='word_1_601' title='bbox 288 4205 383 4262; x_wconf 86' lang='lat' dir='ltr'>habet.</span> <span class='ocrx_word' id='word_1_602' title='bbox 399 4205 479 4262; x_wconf 89' lang='lat' dir='ltr'>Unde</span> <span class='ocrx_word' id='word_1_603' title='bbox 498 4223 527 4262; x_wconf 92' lang='lat' dir='ltr'>in</span> <span class='ocrx_word' id='word_1_604' title='bbox 545 4209 599 4265; x_wconf 86' lang='lat' dir='ltr'>lob</span> <span class='ocrx_word' id='word_1_605' title='bbox 613 4227 621 4265; x_wconf 74' lang='grc' dir='ltr'><strong>ι</strong></span> <span class='ocrx_word' id='word_1_606' title='bbox 636 4213 711 4268; x_wconf 78' lang='lat' dir='ltr'>heus</span> <span class='ocrx_word' id='word_1_607' title='bbox 737 4240 740 4285; x_wconf 64' lang='grc' dir='ltr'>ς</span> <span class='ocrx_word' id='word_1_608' title='bbox 763 4218 794 4269; x_wconf 92' lang='lat' dir='ltr'>nt</span> <span class='ocrx_word' id='word_1_609' title='bbox 808 4213 845 4272; x_wconf 90' lang='lat' dir='ltr'>de</span> <span class='ocrx_word' id='word_1_610' title='bbox 855 4213 989 4272; x_wconf 90' lang='lat' dir='ltr'>laudibus</span> <span class='ocrx_word' id='word_1_611' title='bbox 1002 4212 1150 4271; x_wconf 87' lang='lat' dir='ltr'>hominum</span> <span class='ocrx_word' id='word_1_612' title='bbox 1163 4211 1298 4282; x_wconf 67' lang='lat' dir='ltr'>gaudm.</span> <span class='ocrx_word' id='word_1_613' title='bbox 1314 4212 1355 4266; x_wconf 76' lang='lat' dir='ltr'>tta</span> 
     </span>
    </p>
   </div>
   <div class='ocr_carea' id='block_1_5' title="bbox 0 0 1400 4912">
    <p class='ocr_par' dir='ltr' id='par_1_5' title="bbox 0 0 1400 4912">
     <span class='ocr_line' id='line_1_56' title="bbox 0 0 1400 4912; baseline 0 0"><span class='ocrx_word' id='word_1_614' title='bbox 0 0 1400 4912; x_wconf 95' lang='lat' dir='ltr'> </span> 
     </span>
    </p>
   </div>
  </div>
 </body>
</html>
