2790 4912
174 359 217 412 bt
244 359 285 413 50
310 362 395 423 dtuli
421 365 542 424 tostin
569 367 693 424 VOLUIT
720 360 905 417 ulularent
932 361 1074 415 illailla
1215 368 1248 421 ot

59 484 162 526 omas:
175 468 389 540 «toseplrmum
399 485 452 544 per
460 473 600 557 Angelum

62 546 248 599 sacramento
267 541 395 612 mysterii
412 542 536 603 caelestis
559 545 602 603 in·

58 615 137 681 titur,
150 610 377 680 monitisdugeli
393 614 475 673 laetus
488 618 600 675 obtem·

58 690 98 754 at,
124 683 254 756 gaudem
276 682 374 743 dinus
392 686 475 758 jussa
498 704 599 761 prose·

58 765 114 814 tur.
133 755 256 827 Suscipit
275 762 403 814 sanctam
422 758 556 829 llariam,
571 765 601 817 et

58 828 79 885 is
103 827 311 885 exsultantibus
344 829 502 900 gloriatur;
532 830 601 904 quia

58 906 94 957 tae
121 899 280 971 maiestatis
306 898 455 972 Virginem
477 907 600 960 matrem

58 974 158 1055 iugem
181 970 248 1039 dici,
271 971 307 1028 ab
336 974 445 1044 Angelo
473 979 601 1031 meretur

58 1059 105 1100 ‚me
122 1060 130 1098 :
152 1064 168 1094 a
184 1043 246 1099 baee
263 1043 477 1114 chrysostomus.
495 1047 602 1103 -Per

58 1115 112 1187 eph
127 1115 302 1185 cogitantem
312 1114 456 1174 dimittere
469 1115 599 1186 llariam,

68 1186 246 1243 certificatus
269 1187 304 1243 de
327 1188 463 1260 mysterio
480 1204 532 1262 per
545 1190 600 1245 Au-

58 1275 113 1327 um,
145 1257 257 1329 accepit
285 1274 349 1315 eam
381 1266 412 1316 ut
440 1259 598 1328 dominam,

58 1329 187 1387 nificatur
212 1331 297 1387 homo
325 1330 459 1387 dubitans
486 1330 516 1387 in
539 1331 597 1387 ilde

65 1401 207 1467 moribus,
223 1400 271 1471 qui
293 1417 345 1473 per
366 1402 598 1474 praedicatorem,

63 1473 260 1529 confessorem
280 1473 397 1541 bunum,
413 1473 554 1530 solidatur
569 1472 600 1530 in

58 1561 76 1613 s,
92 1549 123 1626 et
136 1543 251 1625 subjicit
265 1560 296 1600 se
311 1544 456 1602 humililer
471 1544 601 1602 monitio-

58 1632 90 1673 us
106 1631 207 1687 ipsius.

70 1691 132 1744 Vox
144 1688 230 1742 dorico
242 1703 370 1749 ocououo
386 1688 601 1744 mandaremus?

59 1763 97 1816 Et
124 1775 181 1814 non
203 1760 389 1826 eopieoseebat,
415 1758 443 1816 id
466 1765 521 1828 est,
543 1776 601 1815 uon

57 1830 124 1887 ,orit
135 1847 206 1893 earn,
216 1831 301 1886 donee
306 1833 415 1901 peperit
422 1833 511 1901 filiam
521 1847 601 1886 suum

57 1905 241 1971 progenitum:
255 1901 332 1972 quia,
345 1917 378 1959 eo
391 1908 468 1971 nato,
482 1901 602 1974 dignita-

57 1975 139 2046 iejus
150 1976 274 2029 maxime
288 1974 416 2044 agnovit.
428 1974 508 2030 Unde
518 1975 602 2042 Clirp·

57 2052 166 2102 femus:
186 2065 199 2095 a
216 2046 288 2100 llere
308 2060 366 2101 non
389 2045 521 2127 cognovit
537 2060 600 2101 earn

57 2134 94 2188 e,
126 2116 208 2187 cujus
235 2117 329 2173 luerat
356 2114 522 2187 diguitatis;
551 2117 600 2172 sed

57 2193 161 2261 tquam
201 2187 322 2259 peperit,
363 2192 432 2243 tune
466 2186 601 2259 cognovit

57 2277 84 2328 1;
103 2259 173 2332 quia
188 2259 344 2327 speciosior
358 2264 386 2315 et
397 2258 511 2331 dignior
526 2259 601 2315 lacta

57 2337 113 2393 rat.
142 2346 228 2403 quam
260 2336 337 2386 totus
365 2330 502 2397 mundus;
535 2328 601 2401 quia

57 2419 93 2460 am
107 2408 186 2458 totus
201 2403 326 2458 mundus
344 2418 446 2474 capere
461 2417 518 2458 non
537 2406 600 2473 pot-

58 2480 80 2543 t,
103 2473 135 2530 in
161 2479 282 2543 angusto
305 2473 434 2530 cubiculo
457 2471 533 2529 uteri
557 2472 601 2530 sui

57 2545 219 2617 asuscepit.
240 2545 319 2601 »Vel
336 2561 394 2601 non
411 2545 602 2616 cognoscebat

57 2634 71 2675 o
84 2633 174 2689 opere
191 2615 346 2688 conjugali,
360 2623 476 2688 proptor
488 2632 521 2673 ea
537 2632 600 2688 qum

57 2689 159 2757 iterat,
179 2688 263 2743 dorico
285 2703 336 2759 pro
360 2692 468 2745 aterno
485 2704 599 2745 sumen-

74 2761 106 2817 id
129 2766 183 2825 est,
205 2775 371 2830 numquam,
395 2765 425 2816 ut
444 2775 496 2831 per
520 2761 598 2831 parvi

57 2833 147 2906 aporia
166 2831 402 2902 significationem
423 2847 508 2888 ornae
527 2836 598 2887 tem-

57 2903 265 2974 ‚significatum
282 2901 447 2974 accipiatur.
461 2904 508 2958 list
520 2901 598 2959 enim

56 2994 69 3033 e
90 2976 177 3033 dictio
190 2976 284 3037 donee,
305 2974 474 3045 quaudoque
494 2973 599 3045 signill-

56 3048 100 3105 ica
135 3045 318 3102 determinati
355 3044 513 3126 temporis,
543 3061 598 3117 quo

56 3124 166 3187 usacto,
192 3119 224 3172 iit
251 3116 370 3188 aliquid.
393 3118 437 3173 Sic
467 3116 596 3172 dicitur:

56 3207 141 3247 enon
167 3188 301 3252 comedit,
321 3190 411 3244 eloneo
428 3193 505 3244 esset
527 3188 598 3243 liora

57 3269 98 3331 ta,
114 3276 172 3332 qua
185 3261 337 3332 completa,
354 3258 486 3316 comedit.
503 3259 597 3326 Quan-

56 3350 104 3406 que
118 3339 161 3389 est
179 3332 350 3387 allirmativa
376 3329 504 3386 omnium
527 3336 598 3386 tem·

56 3420 122 3467 um,
141 3409 170 3459 et
191 3402 326 3474 accipitur
351 3418 403 3474 pro
425 3416 548 3473 semper,
570 3406 600 3457 ut

75 3494 83 3531 :
115 3476 185 3533 Sede
211 3493 228 3529 a
259 3475 365 3529 dextris
396 3477 483 3537 meis,
518 3473 600 3528 donee

56 3563 111 3604 mm
124 3549 250 3602 inimicos
264 3551 323 3600 tuos
340 3546 489 3601 scabellum
496 3544 601 3671 gedum

56 3635 130 3684 ram,
143 3617 172 3673 id
187 3625 240 3685 est,
254 3632 366 3688 semper
382 3616 449 3673 sede
465 3632 482 3671 a
516 3613 602 3671 extris

56 3690 92 3747 is.
108 3691 284 3760 Quandoque
296 3696 338 3744 est
354 3686 525 3759 abnegativa
539 3701 600 3743 om·

56 3777 92 3818 un
118 3765 290 3834 temporum,
321 3766 349 3816 et
378 3758 517 3830 accipitur
547 3766 601 3830 pro

56 3848 178 3905 mquam,
206 3839 236 3888 nt
260 3831 305 3887 liic
335 3834 364 3887 in
392 3829 547 3902 proposito.
573 3827 600 3885 Si

57 3920 88 3960 m
101 3919 164 3960 eam
180 3921 237 3959 non
254 3905 386 3974 cognovit
398 3907 463 3958 ante
478 3907 600 3972 partum,

56 3975 102 4032 lto
117 3975 209 4046 magis
232 3991 288 4030 non
305 3974 439 4046 cognouit
458 3988 521 4029 earn
539 3977 602 4043 pust

56 4053 136 4113 tum,
158 4047 225 4102 risis
248 4046 378 4102 iiclelicet
403 4051 445 4101 tot
467 4043 557 4117 signis
574 4049 602 4124 ot

56 4117 157 4175 raculis
172 4118 203 4173 in
219 4117 418 4186 nativitatem
440 4123 503 4187 post
526 4121 601 4171 nati-

56 4196 127 4247 rtem
154 4189 280 4258 Doiuiui,
309 4204 485 4260 cognoscens
512 4189 601 4243 Deum

57 4279 75 4320 e
119 4260 148 4319 ui
168 4266 320 4318 natusest.
336 4260 430 4342 Aliqui
458 4262 600 4341 exponunt

94 4279 131 4392 ge
157 4335 321 4406 cognitione
349 4330 446 4401 lactei,
473 4331 600 4388 diceutes

55 4350 66 4367 Ι

55 4375 68 4393 r!

652 469 731 544 quod
746 483 779 526 ex
798 467 952 539 prasentia
978 468 1082 527 Christi
1110 470 1141 529 in
1164 480 1244 534 utero

653 539 781 614 uirginis,
798 545 878 597 tauta
896 547 959 596 erat
980 540 1094 599 claritas
1119 543 1150 601 in
1172 545 1244 606 laeie

653 614 725 686 ejus,
745 611 821 694 quod
844 612 951 683 loseph
980 612 1051 670 iacie
1079 615 1116 672 ad
1140 616 1243 675 taciem

653 701 717 742 eam
739 683 836 739 videre
863 699 921 740 nou
937 688 1059 755 poterat,
1076 702 1162 758 quam
1179 689 1244 763 Spi-

654 758 727 813 ritus
745 756 865 814 Sanctus
886 770 904 811 a
923 756 1108 828 conceptione
1167 759 1244 819 nitus

653 827 832 897 impleverat.
850 825 928 884 Sicut
941 826 1044 884 dicitur
1063 829 1098 886 de
1114 833 1244 891 caritate

654 898 736 957 laciei
756 899 871 970 Moysis,
886 914 920 955 ex
941 899 1084 957 consortio
1104 906 1245 961 sermonis

654 969 777 1040 Domini,
794 968 860 1097 quia
875 986 932 1025 non
952 976 1083 1096 pistorum
1098 975 1244 1034 intendere

653 1041 683 1100 in
710 1058 777 1100 eum
809 1041 850 1097 rlii
876 1042 972 1098 lsrae.
994 1044 1027 1098 Et
1052 1042 1117 1100 ideo
1138 1047 1244 1120 loseph

652 1130 711 1171 non
741 1114 931 1184 cognoscebat
959 1113 1030 1170 lacie
1057 1114 1094 1171 ad
1120 1116 1244 1188 taciem,

653 1200 739 1258 quam
767 1185 998 1256 desponsaverat,
1026 1185 1117 1243 donec
1144 1197 1243 1249 uterus

652 1261 806 1313 evacuatus
832 1261 915 1311 esset.
940 1256 1079 1314 Reiuanet
1103 1257 1241 1332 igitur‚el

652 1332 709 1384 stat
730 1326 898 1398 gaudenter,
923 1341 986 1382 cum
1015 1343 1066 1384 sua
1092 1331 1243 1390 benedicta

654 1398 785 1470 conjuge,
801 1403 830 1453 ei
857 1397 932 1478 ultra
959 1413 1045 1468 quam
1067 1398 1122 1456 dici
1142 1403 1242 1474 possit,

654 1485 718 1527 eam
742 1473 821 1525 casto
845 1469 939 1539 diligit
965 1484 1073 1535 amore,
1095 1479 1123 1528 et
1146 1489 1244 1530 euram

655 1540 744 1614 ipsius
758 1539 834 1612 gerit
847 1539 985 1607 ssrliflitem
1001 1546 1029 1597 et
1044 1542 1166 1599 Domina
1181 1560 1245 1602 cum

655 1630 690 1669 eo
711 1617 841 1669 moratur
864 1611 1052 1681 confidenter,
1070 1620 1097 1670 et
1111 1614 1196 1672 simul
1217 1616 1245 1674 in

656 1699 708 1740 sua
720 1688 886 1756 paupertate
897 1682 993 1740 vivunt
1005 1684 1145 1742 laetanter.
1154 1688 1245 1756 Unde,

656 1755 840 1812 tribulatione
868 1762 1009 1824 cessante,
1035 1757 1120 1814 rediit
1140 1774 1246 1831 magna

655 1826 825 1884 consolatio.
840 1824 886 1883 Sic
904 1835 932 1882 et
952 1827 1035 1885 nobis
1054 1829 1244 1901 contingeret,

655 1899 679 1955 si
696 1897 726 1955 in
748 1897 979 1955 tribulationibus
1000 1901 1105 1957 nostris
1135 1900 1244 1974 patien-

655 1970 724 2027 tiam
739 1971 921 2027 haberemus.

690 2065 706 2114 7
724 2044 806 2098 lesus
821 2061 849 2098 m
864 2058 951 2099 urano
971 2060 1021 2098 nos
1038 2060 1245 2103 rimamarum

655 2130 836 2170 ucnrnmareu
854 2132 948 2170 nocer.
963 2145 997 2156 -
1012 2116 1073 2172 Stat
1088 2119 1173 2174 etiam
1189 2121 1244 2175 Do·

656 2184 749 2242 minus
772 2188 865 2254 lesus,
897 2202 976 2242 more
1001 2186 1133 2257 aliorum,
1156 2206 1245 2261 usquc

656 2256 692 2313 ad
708 2272 811 2313 novem
827 2273 950 2325 menses,
962 2257 990 2312 in
1005 2265 1085 2314 utero
1101 2261 1244 2327 reclusus;

655 2333 686 2383 ut
710 2328 842 2385 homines
864 2329 911 2400 qui
939 2329 968 2383 in
997 2330 1120 2386 miseriis
1147 2332 1244 2388 mundi

656 2398 700 2455 vel
723 2398 829 2455 iulcrni
851 2399 937 2455 clausi
965 2406 1056 2468 erarii,
1076 2403 1112 2457 ad
1133 2418 1246 2459 consor-

654 2469 726 2526 tium
742 2486 844 2527 novem
864 2470 997 2527 ordinum
1015 2473 1188 2541 Airgelorum
1204 2490 1246 2531 re·

654 2542 784 2599 duceret.
808 2543 869 2598 Stat
897 2541 1031 2612 benigne,
1051 2559 1085 2598 ac
1105 2543 1245 2612 patienter

655 2612 1242 2685 sustinel,ettempusdebitumexspectat.

654 2686 822 2755 Competero
841 2684 905 2751 sibi,
922 2684 998 2754 quod
1014 2685 1048 2740 ad
1065 2690 1172 2741 tantam
1189 2686 1242 2743 bu·

655 2755 782 2812 militatis
795 2755 1018 2826 profunditatem
1032 2756 1155 2813 devenit.
1173 2757 1242 2814 illul-

653 2834 712 2884 tum
727 2827 864 2884 debemus
873 2829 946 2884 bane
957 2830 1242 2900 virtulemallectaro,

652 2915 705 2956 nec
737 2899 905 2955 deberemus
934 2900 970 2956 ad
1003 2901 1166 2971 clationem,
1198 2904 1241 2959 vel

652 2969 742 3027 nostri
753 2974 961 3042 reputationem
974 2989 1109 3044 umquam
1123 2973 1243 3030 intume-

651 3058 741 3106 scere,
755 3043 870 3113 quando
886 3048 994 3099 taciturn
1009 3060 1039 3100 se
1050 3045 1140 3101 voluit
1151 3045 1245 3102 bomi-

651 3130 705 3170 nus
720 3115 877 3184 majestatis
895 3114 1041 3173 inclinare.
1063 3118 1097 3172 Et
1117 3118 1184 3188 quia
1208 3118 1244 3173 de

652 3186 705 3240 lioc
720 3185 781 3242 solo
797 3186 936 3241 beneficio
952 3189 1037 3256 liujus
1053 3194 1110 3242 tarn
1127 3189 1242 3257 prolixae

652 3256 818 3312 reclusionis
830 3273 985 3328 numquam
998 3257 1023 3312 ei
1037 3258 1122 3328 digne
1134 3259 1244 3316 salisia-

652 3344 716 3384 cere
743 3344 918 3399 possumus,
949 3329 1049 3383 saltem
1076 3327 1161 3383 corde
1189 3331 1244 3386 boo

653 3415 866 3470 cognoscamus,
888 3404 916 3454 et
939 3398 1047 3469 gratias
1069 3397 1162 3454 eidem
1182 3405 1243 3457 tolo

653 3472 757 3527 ellectu
783 3486 912 3542 agamus,
936 3470 1012 3539 quod
1040 3485 1093 3526 nos
1121 3486 1153 3526 ex
1179 3470 1244 3528 aliis

654 3557 802 3598 assumere
830 3540 962 3610 dignatus
994 3545 1047 3613 est,
1066 3547 1095 3598 ul
1119 3541 1162 3598 rel
1190 3544 1245 3600 hoc

655 3611 797 3668 modicum
825 3612 1018 3683 rependamus
1045 3614 1139 3670 eidem
1168 3614 1244 3687 quod

656 3683 756 3740 reclusi
782 3688 891 3739 stemus
914 3684 949 3739 ad
976 3701 1058 3740 siriam
1084 3686 1242 3743 servitium.

656 3755 747 3828 lpsius
778 3754 880 3826 quippe
909 3756 1079 3814 beneficium
1106 3765 1150 3815 cst
1178 3759 1244 3828 boc,

656 3843 712 3882 non
742 3833 870 3882 nostrum
900 3830 1042 3897 meritcmr,
1071 3836 1099 3886 ct
1129 3830 1245 3902 quidem

656 3897 826 3978 beneficium
848 3898 968 3954 multum
997 3902 1181 3973 acceptabile,
1211 3918 1246 3960 ac

657 3969 843 4036 venerabile,
873 3974 901 4025 et
932 3987 1146 4041 permaximum.
1181 3975 1244 4030 Non

656 4040 732 4096 enim
757 4040 793 4096 ad
819 4057 942 4112 pinnam,
961 4044 1011 4099 scd
1039 4046 1075 4101 ad
1102 4045 1243 4101 cautelam

656 4128 754 4168 sumus
776 4114 888 4180 reclusi,
904 4120 932 4169 ct
959 4115 987 4170 in
1011 4134 1076 4173 arce
1100 4115 1245 4187 religionis

656 4183 796 4240 tutissima
822 4185 963 4255 collocati,
986 4189 1022 4243 acl
1049 4204 1133 4259 qiram
1161 4188 1244 4256 liujus

656 4255 754 4311 rnumli
769 4256 935 4329 raequissmii
951 4276 1100 4316 vericnosce
1115 4261 1241 4328 sagitae,

656 4327 699 4384 vel
721 4328 885 4389 tumultuosi
912 4330 1000 4388 maris
1026 4330 1171 4404 procellae,
1189 4326 1243 4383 nisi
