2790 4912
308 328 349 383 D}
375 328 657 384 PDAESHTATION}
683 327 805 385 boulir
831 326 865 379 l!
891 325 1064 381 renituit.
1257 333 1302 386 lli

100 454 126 497 ao
143 433 207 509 qnod
228 431 454 490 misericordiam
469 431 500 490 in
519 432 567 490 illo
588 433 650 491 loco

103 510 236 568 aemulus
250 504 352 562 inerat.
365 506 397 561 ln
410 505 464 561 hoc
478 512 575 562 sancto
589 504 651 562 loco

104 595 148 638 nn
166 577 305 643 Salomon,
332 591 419 649 opere
445 583 651 646 consummato,

105 649 193 709 Donino
216 646 358 705 sacrillcia
388 646 521 716 olierret,
549 648 653 706 nebula

104 720 197 850 imit
214 720 430 847 demandata
488 721 653 847 rageplorita

180 807 220 856 ,e
282 807 327 847 nas
389 806 436 846 een
577 808 614 847 ce
627 807 653 855 o,

101 864 211 919 lnomott
225 807 394 918 saffiacense.
409 862 478 919 Cum
496 867 590 919 autem
602 861 653 929 ibi,

105 933 159 992 lexis
171 933 288 1017 genibus
302 937 332 989 et
350 931 482 990 manibus
499 933 537 990 ad
551 934 654 991 eoelnm

106 1020 213 1078 epomis,
225 1004 359 1062 Salomon
368 1004 519 1061 Dominum
532 1010 653 1074 orasset,

106 1081 127 1133 u
162 1077 286 1148 itumque
301 1074 439 1132 benellcia
456 1075 593 1147 petiturus
612 1076 655 1132 in·

105 1092 245 1218 cometen
270 1162 369 1219 preces
396 1147 457 1229 ejus
485 1162 502 1204 a
534 1147 656 1207 Domino

108 1217 656 1346 lltllttatttttltltltlbtt

187 1333 193 1346 ·
576 1333 584 1357 9

109 1363 433 1488 lltltlidtltttt
446 1362 544 1504 lta
557 1368 657 1489 llll:

110 1502 146 1558 cbo
155 1502 254 1570 missus,
271 1507 300 1557 nt
315 1503 407 1559 locum
423 1510 552 1560 sanetum
567 1504 656 1560 viola·

112 1579 166 1629 celet
173 1574 311 1646 spoliaret,
321 1573 528 1644 flagellatus,et
544 1575 605 1631 sine
617 1576 658 1631 in·

64 1672 66 1719 i
111 1644 252 1703 lamissione
265 1644 362 1700 multis
376 1644 466 1716 plagis
481 1646 658 1715 vulneratus,

64 1724 67 1773 t
112 1715 240 1773 intentes
258 1722 312 1773 est.
328 1717 474 1788 Templum
496 1723 591 1775 autem
603 1721 658 1774 Do·

64 1780 76 1857 {²
112 1784 442 1916 tll'lblltatlltltt
456 1789 659 1916 illidii?

371 1876 378 1926 ;
558 1878 591 1917 co
646 1890 659 1901 -

112 1933 192 1986 craton
215 1938 257 1987 est
283 1929 310 1985 in
340 1931 477 1987 honorem
505 1931 660 1989 salvatoris

111 1999 189 2067 nundi,
202 2000 407 2073 (ienitricisqne
423 2003 485 2075 ejus
500 2006 531 2059 D.
552 2003 659 2059 blaciae.

106 2066 166 2132 Quod
177 2072 232 2130 licet
245 2072 337 2153 primo
352 2074 556 2153 albabyloniis
573 2080 601 2131 el
613 2090 662 2146 po

109 2142 303 2222 suaaRomanrs
312 2143 396 2200 luerit
408 2145 617 2213 destructunr,a
631 2146 663 2200 ll-

108 2206 190 2270 dtltbus
198 2221 289 2272 tamen
301 2221 329 2270 et
339 2215 479 2287 religiosis
491 2215 568 2283 viris,
576 2233 662 2288 opere

63 2246 70 2411 k
110 2284 209 2359 utute,
220 2286 248 2342 in
262 2286 363 2343 eodem
376 2286 449 2355 loco,
465 2287 615 2358 magnillee
634 2292 663 2344 et

109 2358 273 2413 unanttleio
286 2357 440 2415 eslitcrum
448 2362 661 2431 reparatumln

63 2414 70 2501 Ι
110 2415 662 2501 loeloeobeatavbgocnmaliisvirgtoi-

63 2504 67 2557 Ξ
108 2485 257 2565 llsstdicitnr
274 2499 461 2567 ministrasse,
477 2506 535 2557 tem
557 2502 575 2557 li
599 2518 661 2557 cor·

63 2566 67 2641 ξ
105 2560 160 2620 luas
172 2576 197 2626 et
209 2573 376 2653 vestimenta
391 2518 578 2629 sacerdotafia
592 2589 662 2644 prae-

103 2638 216 2722 Plffludo,
244 2643 356 2699 litteras
381 2659 477 2700 sacras
498 2644 661 2712 addiscens,

95 2707 201 2780 illudne,
217 2713 332 2796 vigiliis,
354 2714 532 2772 orationibus
550 2721 578 2772 et
594 2715 664 2771 divi-

96 2778 180 2840 ¹¹²¹¹¹¹111
197 2786 350 2842 lectionum
372 2786 473 2842 studiis
497 2802 610 2843 vacans.
633 2789 663 2841 ln

94 2830 136 2896 ¹¹⁰⁶
147 2849 218 2924 loeo,
242 2856 311 2914 dnm
330 2862 443 2914 sanctus
456 2858 606 2914 Zacharias
620 2857 662 2913 in·

92 2916 194 2984 tensum
210 2928 330 2984 Domino
346 2928 472 2996 eliceret,
486 2929 618 3002 apparuit
636 2928 662 2984 ei

87 2974 225 3068 jilsselns,
254 2999 390 3057 nuntians
417 3000 471 3058 sibi
503 3001 663 3058 orationem

85 3062 159 3130 ’,ΨΜ
175 3085 238 3128 esse
252 3071 425 3140 exauditam,
437 3078 466 3129 et
478 3072 597 3129 loannis
613 3088 663 3127 na-

78 3118 216 3240 ssffl-item
242 3142 378 3200 luteram.
407 3145 438 3199 ln
459 3144 512 3200 boc
535 3143 609 3210 loco,
634 3149 664 3199 nt

77 3204 267 3309 0⁰,dicitun
297 3213 434 3271 Dominus
461 3222 559 3271 noster
583 3217 664 3271 Jesns

73 3256 208 3381 &fill-slus
226 3300 244 3341 a
263 3285 429 3356 parentibus
449 3291 492 3342 est
508 3286 664 3353 oblatus,a

87 3346 212 3412 .³¹eone
238 3363 397 3428 susceptus,
417 3373 435 3413 a
459 3362 558 3413 sancta
583 3359 665 3412 Anna

72 3399 317 3506 ndunomnibus
329 3427 377 3499 qui
387 3428 588 3500 exspectabant
603 3428 665 3483 red·

68 3479 252 3554 ‘nunonem
281 3498 380 3567 lsrael,
409 3498 603 3555 annuntiatus.
634 3501 663 3554 ln

66 3532 117 3601 ¹¹⁰⁰
133 3564 260 3641 templo,
271 3572 365 3637 lesus,
375 3586 439 3627 eum
444 3572 504 3643 jam
514 3569 665 3626 duodecim

64 3619 153 3690 Μ(
166 3655 321 3707 annorum,
336 3641 470 3698 inventus
485 3647 538 3709 est,
554 3641 590 3698 ad
604 3640 665 3696 dis-

62 3687 255 3768 put{tionem
268 3712 382 3780 sedens,
404 3713 434 3768 in
450 3712 543 3769 medio
565 3712 665 3768 docto-

62 3758 149 3868 ΡΨ·
164 3783 257 3864 Snpra
266 3783 450 3856 pinnaculum
462 3785 545 3856 lunius
556 3783 664 3855 templi,

62 3834 177 3939 ,Qum
188 3853 321 3911 diabolus
333 3855 442 3925 statuit,
451 3862 479 3912 et
490 3861 520 3912 ut
534 3872 565 3912 se
581 3856 665 3912 deor-

62 3903 132 4015 '2¹11
156 3923 293 3993 mitteret,
309 3927 444 3984 tentando
460 3925 610 3999 suggessit.
623 3927 666 3984 Ab

62 3984 118 4057 με
136 3995 273 4071 ,templo
299 3999 453 4055 vendentes
483 4004 511 4055 et
539 4003 667 4055 ementes

62 4043 175 4153 {estat
198 4083 232 4125 ae
257 4083 372 4126 mensas
399 4068 665 4137 nummulariorum,

62 4184 75 4223 ἱ,
116 4138 286 4196 thedras
311 4141 458 4197 columbas
485 4140 667 4198 vendentium

62 4196 194 4307 ,ffbtit
210 4212 242 4267 ln
258 4212 364 4283 templo
378 4213 442 4279 boc,
461 4212 528 4269 dnm
544 4227 668 4268 morare-

155 4294 183 4336 1n
207 4283 377 4352 Jerusalem,
397 4282 518 4341 docebat
542 4284 667 4347 tndaeos,

153 4361 219 4419 Vrra
229 4368 297 4424 insu
307 4368 428 4433 Cumara
439 4383 525 4425 ronna
536 4370 559 4424 l.

710 432 776 490 lieet
789 447 854 489 enm
869 430 1046 487 aemulantes.
1065 433 1097 488 ln
1112 434 1218 506 templo
1232 437 1300 508 hoc,

710 503 840 563 liberavit
860 502 1018 559 adulteram
1043 504 1079 560 ab
1101 507 1301 566 accusantibus

711 592 784 634 eam
799 574 967 633 imminente
980 573 1066 631 etiam
1079 577 1141 649 ejus
1155 579 1300 650 passione,

711 656 772 705 tota
786 647 832 704 dle
849 651 911 703 erat
931 645 962 702 in
984 647 1090 719 templo
1112 649 1167 705 boc
1181 650 1301 721 doeens,

712 725 740 776 et
761 734 879 792 vespere
898 717 929 774 in
956 718 1123 775 Bethaniam
1150 722 1301 779 secedens.

713 791 801 862 liujus
827 788 924 861 templi
946 788 1039 845 velum
1063 789 1093 846 in
1119 798 1211 849 morte
1240 794 1303 866 ejus

713 861 831 919 scissum
847 866 891 918 est
900 876 918 917 a
927 876 1039 917 summo
1052 878 1141 935 usqne
1154 863 1302 934 deorsum,

712 938 744 990 ut
761 938 869 1006 pateret
895 931 1030 988 introitus
1051 934 1087 988 ad
1111 943 1210 993 sancta
1235 952 1303 993 san·

713 1010 833 1061 ntorum.
850 1005 892 1060 Ab
912 1004 998 1076 hujus
1020 1004 1116 1075 templi
1137 1006 1304 1078 pinnaculo,

713 1092 812 1133 versus
846 1074 1016 1142 meridiem,
1048 1074 1148 1132 beatus
1179 1080 1307 1136 lacobus

714 1147 875 1219 Apostolus,
883 1146 1002 1218 primns,
1014 1147 1067 1202 sub
1080 1149 1182 1218 gralia,
1191 1154 1306 1208 leroso-

715 1219 857 1291 lymorum
872 1216 1038 1289 Episcopus,
1079 1220 1218 1278 raedicans
1234 1236 1306 1293 prae-

715 1290 847 1361 cipitatus
861 1295 888 1344 et
900 1288 1007 1359 pertica
1017 1234 1131 1345 lulfianis
1142 1308 1305 1362 percussus,

716 1360 853 1431 martyrio
861 1366 904 1415 est
913 1364 1074 1415 coronatus.
1083 1363 1161 1416 lnler
1172 1363 1226 1418 hoe
1238 1370 1307 1418 tem·

716 1430 1305 1504 plumetaltare,qnodestantetemplum,

718 1504 798 1570 loris,
815 1503 844 1557 in
866 1501 950 1568 atrio,
971 1501 1008 1556 ad
1029 1501 1177 1557 meridiem
1198 1504 1306 1560 Zacha-

717 1571 1149 1644 rias,liliusBaraclriae,martyr
1160 1574 1304 1631 occubuit.

752 1653 798 1703 55.
820 1647 907 1701 Durus
927 1661 1017 1699 sineri
1035 1661 1130 1699 renent
1149 1648 1306 1702 Janusnnnu

718 1734 882 1774 nesemrrro.
904 1747 940 1757 -
958 1717 1051 1787 ipsum
1073 1732 1139 1772 vero
1169 1716 1307 1789 templum

719 1789 872 1846 rotundum
893 1792 1004 1843 constat
1023 1803 1056 1842 ex
1071 1795 1134 1844 octo
1149 1788 1308 1861 parietibus

720 1858 1308 1930 conclusum,exleriuspercircuitum‚in·
1356 1912 1362 1923 ,

720 1932 809 1988 terius
823 1947 890 1987 nero
902 1930 1064 2001 ingentibus
1078 1931 1218 1987 columnis
1230 1947 1307 1988 mar·

722 2003 826 2059 moreis
834 2019 885 2074 per
896 2002 1009 2058 trivium
1020 2020 1027 2069 ;
1040 2002 1068 2058 in
1078 2003 1171 2059 medio
1203 2018 1306 2074 noque,

721 2075 783 2144 ipsa
810 2073 970 2141 altitudine,
992 2073 1020 2129 in
1039 2075 1155 2131 modum
1182 2020 1308 2131 Pernacis

722 2153 766 2202 est
780 2146 943 2202 obductum.
960 2148 1008 2201 Est
1022 2153 1115 2201 aulem
1136 2146 1308 2202 intrinsecus

722 2217 857 2288 scriptum
873 2215 901 2272 in
917 2233 1049 2288 supremo
1074 2217 1172 2273 ordine
1190 2235 1196 2272 :
1216 2218 1306 2281 Audi,

722 2292 845 2352 Domine,
859 2291 989 2357 hymeram
1004 2293 1029 2343 et
1047 2291 1207 2351 orationem,
1224 2304 1308 2358 etcum

722 2376 816 2416 servus
849 2365 913 2414 tetus
942 2364 1002 2414 oret
1029 2371 1119 2414 coram
1148 2364 1183 2420 te,
1217 2359 1307 2423 bellic,

722 2438 754 2487 ut
768 2435 825 2486 sint
846 2432 919 2485 oculi
938 2432 980 2485 tui
999 2431 1089 2499 aperti
1103 2429 1308 2499 superdonans

723 2507 817 2565 istum,
835 2501 880 2555 dte
905 2518 936 2555 ue
966 2505 1052 2555 nocte.
1080 2502 1110 2554 ln
1137 2515 1309 2570 unoquoque

725 2590 791 2629 vero
807 2572 926 2643 pariete,
940 2570 1115 2627 extrinsecus
1131 2568 1227 2648 scripti
1243 2573 1309 2624 sunl

723 2643 826 2714 singuli
846 2641 966 2697 istorum
985 2655 1116 2699 versuum
1132 2655 1159 2693 rn
1179 2639 1308 2706 circuilu,

725 2716 764 2770 ita
778 2722 808 2770 nt
823 2729 874 2784 per
892 2717 980 2768 totam
1005 2711 1148 2767 civilatem
1166 2709 1219 2781 legi
1242 2726 1308 2781 pos·

725 2787 792 2842 sint.
809 2787 914 2841 Contra
929 2782 1071 2840 civitatem
1088 2800 1094 2837 :
1112 2785 1172 2838 Pae
1191 2789 1309 2850 aeterna,

724 2860 761 2914 ab
784 2863 892 2913 aeterno
922 2857 1016 2923 Patre,
1044 2853 1081 2910 sit
1112 2856 1176 2909 bute
1204 2855 1308 2910 domui.

725 2931 830 2985 Contra
844 2928 981 2999 templum
997 2926 1117 2983 militum
1135 2943 1142 2982 :
1160 2929 1230 2982 Rene
1245 2930 1310 2996 sun·

725 3002 793 3056 duta
806 3006 846 3057 est
862 3001 957 3055 domus
969 3001 1089 3062 Domini,
1102 3014 1189 3069 supra
1203 3002 1312 3068 mom

724 3079 841 3144 petram.
867 3074 972 3129 Contra
987 3070 1154 3129 bethaniam
1170 3088 1177 3126 :
1192 3074 1253 3128 Non
1271 3074 1312 3125 est

726 3147 770 3200 late
792 3145 871 3199 eliud
892 3146 948 3199 nisi
974 3144 1071 3199 domm
1090 3145 1149 3205 Dei,
1183 3147 1209 3197 et
1229 3147 1312 3213 porta

725 3219 795 3271 eoela'.
817 3216 923 3271 Contra
943 3219 1069 3270 montem
1087 3212 1212 3268 Oliveti:
1233 3215 1312 3269 Beata·

726 3291 776 3357 qui
796 3287 925 3342 barbttent
944 3288 975 3339 in
1000 3286 1078 3339 domo
1107 3288 1165 3345 tuo,
1186 3286 1309 3337 nomene.

725 3360 830 3415 Contra
856 3356 957 3411 vallem
975 3355 1138 3425 iosaphat:
1165 3354 1313 3408 Benedicta

725 3432 816 3498 ptorta
844 3428 965 3489 Domini,
985 3426 1019 3480 dc
1046 3427 1101 3479 loeo
1129 3429 1223 3478 sancto
1239 3424 1310 3492 ejus.

727 3502 831 3556 Contra
853 3498 1005 3553 claustrum
1023 3493 1120 3565 templi
1137 3513 1144 3551 :
1160 3497 1192 3550 ln
1211 3495 1312 3565 templo

726 3571 786 3640 ejus
811 3585 901 3624 omncs
926 3568 1018 3622 dicent
1047 3568 1174 3635 glorium.
1206 3566 1313 3624 Contra

727 3646 853 3697 montem
869 3638 936 3696 Sion
950 3656 957 3694 ι
976 3640 1116 3709 Templum
1129 3641 1239 3695 Domini
1251 3654 1314 3695 son·

727 3719 800 3768 otum
826 3718 884 3778 θείς
911 3713 961 3767 Dei
987 3711 1160 3778 agricultura
1188 3716 1246 3775 estc
1262 3713 1313 3767 Dei

727 3784 873 3853 edificatio
884 3788 934 3838 est.
951 3785 1021 3838 ltern
1034 3786 1134 3838 contra
1148 3782 1312 3839 civitatem:

727 3860 757 3912 ln
782 3856 892 3910 domum
919 3856 1026 3909 Domini
1050 3854 1179 3910 lactantes
1200 3856 1314 3910 ibimus.

730 3929 787 3984 Hoc
803 3926 939 3997 templum
956 3925 983 3980 in
999 3930 1079 3997 parte
1093 3925 1171 3982 urbis
1186 3923 1315 3982 inleriori

728 4006 757 4055 et
770 3998 863 4054 vicina
874 3996 948 4053 muri
962 3997 998 4053 ad
1009 3996 1160 4067 orientem,
1169 4014 1221 4053 nee
1232 3997 1317 4069 longe

728 4086 746 4126 a
768 4085 860 4137 muro,
879 4068 915 4125 ad
934 4068 1082 4125 meridiem
1105 4075 1149 4125 est
1172 4068 1268 4125 situm.
1286 4071 1317 4122 ln

729 4141 814 4212 th'us
836 4139 933 4212 templi
956 4141 1087 4207 ecclesia,
1109 4140 1239 4197 solebant
1254 4153 1318 4195 esse

729 4228 793 4268 eum
815 4213 918 4270 abbate
942 4211 1072 4268 canonici
1094 4211 1252 4281 regulares,
1268 4223 1318 4289 'se‘-

730 4284 853 4341 enndnm
887 4283 1016 4356 regulam
1051 4280 1124 4338 beati
1158 4284 1318 4353 Arrgustrm,

1082 4520 1356 4640 Ν
