2790 4912
316 343 483 399 scedulus
510 347 544 400 ΙΝ
571 345 683 401 MONTE
710 345 910 402 conclusio·
1187 349 1231 405 tlt

53 454 126 511 simas
142 453 263 510 virtutes
281 454 412 525 docebat,
436 460 464 512 el
481 455 587 529 imper·
646 450 756 515 strabat
776 473 839 515 esse
854 455 984 515 iudicem
1002 457 1037 514 de
1050 457 1176 530 praemiis
1190 463 1234 516 at·

53 526 154 583 tionem
183 525 266 597 Legis
294 527 454 599 supplebat,
479 532 507 584 et
533 545 590 585 nen
645 546 703 604 que
717 528 864 601 suppliciis
880 547 889 585 :
906 549 920 582 r
936 529 997 586 haec
1013 516 1233 602 chrysostomus.

53 614 96 654 um
120 603 236 654 terrena
266 597 360 664 baua,
388 600 438 655 sed
466 600 592 657 coelestia
684 602 995 658 13P1acormnurnar10
1010 601 1234 658 Camsrruocerc·

53 667 285 749 repromittebat,
297 684 329 724 ac
344 669 590 729 doctrinamsuam
645 690 696 729 ris.
713 703 749 714 -
767 671 906 743 Conspice
929 687 1005 728 nuuc
1032 676 1061 729 et
1087 672 1238 730 considera

53 739 462 798 abilrterconllrmabat.Unde
475 758 590 800 causam
645 743 800 801 Dominum
829 745 926 800 lesum
955 742 996 799 in*
1013 759 1145 800 sermone
1168 743 1235 813 isto,

53 810 205 868 nirationis
234 810 340 879 subdit,
370 811 493 869 dicens:
520 817 591 870 Erat
645 815 788 887 quomodo
808 815 973 882 affectuose,
990 814 1238 886 benigneetelll·

53 900 77 938 m
91 883 188 938 docens
205 897 259 948 eos,
280 885 351 938 sicrd
365 889 528 954 potestatem
544 887 591 941 be·
645 886 751 943 raciter
773 884 900 968 loquitur
923 885 1113 954 auditoribus,
1134 890 1163 943 et
1186 900 1237 944 eas

53 953 195 1021 s,scilicet
207 969 259 1026 per
268 953 393 1024 seipsum
401 954 431 1010 in
447 971 590 1026 sermone,
646 957 682 1014 ad
701 961 781 1015 actus
798 960 935 1012 virtutum
962 955 1082 1013 inducit.
1098 957 1236 1030 conspice

53 1023 185 1081 eserende
195 1024 314 1080 consilia
326 1026 591 1098 praeceptis,etquae
645 1028 732 1086 etlam
752 1027 918 1099 discipulos,
935 1029 1079 1098 quomodo
1100 1044 1235 1087 reveren·

53 1112 101 1168 nus
115 1095 284 1152 videbantur
307 1095 337 1152 in
355 1098 427 1168 Lege
446 1098 590 1169 addendo,
645 1104 700 1168 ter,
720 1098 877 1167 humiliter,
903 1102 931 1154 et
956 1113 1020 1154 curn
1043 1104 1105 1155 tota
1131 1099 1235 1157 ruentis

53 1167 251 1238 scuritatesque
265 1168 543 1250 Legisesplanando,
562 1171 589 1226 in
645 1170 803 1227 intentione
826 1185 892 1226 eum
916 1168 1067 1240 aspiciunt,
1092 1175 1121 1226 et
1147 1172 1236 1228 rerba

53 1255 68 1295 e
91 1238 251 1307 condendo,
274 1244 303 1294 et
327 1240 363 1295 ad
384 1239 494 1296 libitum
509 1257 591 1298 suum
646 1241 695 1298 illa
709 1240 831 1297 mirifica
848 1241 1017 1306 auscultant,
1032 1246 1060 1296 el
1075 1257 1110 1297 ea
1125 1257 1234 1298 memo·

53 1315 78 1367 nt
91 1315 191 1366 auctor
204 1316 231 1365 et
246 1310 378 1367 conditor
386 1310 459 1383 juris
472 1311 516 1368 sui
531 1328 592 1369 mu·
645 1313 696 1369 riae
709 1311 921 1379 commendant,
939 1314 968 1366 et
982 1326 1046 1368 cum
1054 1312 1234 1382 iucunditate

53 1382 105 1451 do,
122 1382 167 1438 vel
189 1380 270 1451 illud,
287 1381 359 1438 sicut
378 1382 485 1439 nemini
500 1385 592 1456 subje-
646 1399 760 1455 magna,
773 1381 873 1440 tamin
886 1381 992 1452 verbis,
1009 1397 1095 1465 quam
1110 1382 1233 1456 inaspe-

56 1452 243 1519 scumvellet,
259 1454 434 1522 revocand03
451 1455 505 1523 vel,
519 1453 592 1512 sicut
646 1460 704 1524 ctu,
728 1456 868 1513 fruuntur.
886 1455 954 1510 Erat
984 1469 1061 1510 emm
1087 1453 1234 1526 speciosus

53 1529 177 1582 estatem
195 1524 305 1581 habens
323 1524 452 1583 infirmos
471 1527 591 1583 sanandi
646 1527 738 1584 torma
753 1543 813 1598 prae
831 1525 898 1582 filiis
912 1525 1072 1594 huminum,
1086 1531 1116 1582 et
1131 1525 1237 1584 diffusa

53 1596 188 1653 miracula
201 1595 338 1664 faciendi,
357 1597 411 1664 vel,
429 1598 500 1653 sicut
514 1603 591 1670 pote
644 1604 709 1656 erat
722 1597 814 1670 gratia
828 1597 857 1654 in
873 1596 957 1654 labiis
965 1598 1034 1659 suis.
1047 1599 1078 1652 ln
1094 1596 1235 1654 bacenim

53 1673 108 1724 mm
124 1668 232 1724 habens
250 1668 442 1740 imprimendi,
458 1673 487 1725 et
505 1670 592 1727 corda
645 1669 872 1728 consideratione
884 1668 1060 1740 jucunderis,
1068 1674 1097 1725 et
1106 1673 1147 1738 tu,
1162 1667 1238 1740 aspi·

53 1739 183 1797 lientium
201 1739 241 1816 ad
263 1756 293 1795 se
320 1739 519 1810 convertendi3
537 1758 592 1797 non
646 1741 745 1798 ciendo
760 1746 790 1799 et
808 1739 1008 1808 auscultando,
1023 1755 1056 1797 ac
1071 1739 1095 1795 si
1110 1755 1177 1796 eum
1194 1738 1238 1796 vi·

53 1812 197 1868 rtScn'tae
220 1827 311 1867 eorum
326 1816 351 1866 et
374 1814 519 1882 Pliortsaer',
543 1811 591 1885 qui
645 1812 740 1882 denes,
757 1819 786 1869 et
803 1813 965 1884 loquentem
983 1811 1110 1881 audires,
1130 1815 1160 1868 et
1185 1824 1237 1883 ap-

53 1898 118 1955 quae
139 1897 191 1954 per
218 1884 320 1955 Legem
349 1882 508 1940 didicerant
521 1899 593 1956 prae-
664 1884 831 1943 roximande
864 1882 926 1951 eis,
955 1881 979 1940 si
1012 1883 1086 1939 forte
1119 1886 1237 1940 vocatus

53 1961 88 2010 ta
101 1953 214 2026 populis
232 1954 348 2022 dabant,
363 1971 416 2010 nec
430 1957 472 2011 eis
483 1954 592 2037 aliquid
644 1900 744 2026 fueris,
760 1960 788 2012 el
810 1954 989 2012 immorando
1005 1953 1123 2035 ibidem,
1139 1958 1169 2010 ut
1183 1954 1238 2037 llo·

53 2024 97 2082 lu's
108 2030 218 2080 mutare
229 2025 430 2092 licebat3sicut
443 2031 591 2083 necabam
645 2026 741 2085 minus
769 2025 821 2084 tibi
849 2026 938 2084 dabit.
969 2026 1075 2082 Deinde
1102 2040 1235 2097 consprce

53 2112 118 2170 yses
131 2095 209 2153 aliud
226 2112 311 2168 mam
324 2096 462 2153 [lominus
467 2098 593 2168 jusserat
645 2114 721 2169 eum,
742 2115 799 2155 una
820 2115 885 2155 cum
905 2097 1051 2170 discipulis
1078 2098 1114 2155 de
1136 2100 1236 2155 monte

53 2167 101 2224 ‚uit
118 2167 206 2239 loqui,
229 2173 257 2223 et
283 2168 353 2223 nihil
380 2168 415 2225 de
443 2169 592 2242 praeceptis
645 2171 877 2238 descendentem,
895 2171 1004 2226 etcum
1022 2169 1065 2227 eis
1084 2167 1235 2225 familiari·

54 2244 205 2307 smutare,
219 2240 263 2294 vel
280 2239 431 2295 subticere.
448 2240 499 2297 Ubi
509 2242 592 2311 Cory-
646 2245 689 2298 ter
714 2240 801 2298 etiam
829 2256 882 2313 per
906 2239 980 2295 viam
1003 2241 1097 2296 eundo
1116 2239 1235 2321 loquen-

53 2317 161 2367 tomus:
181 2330 196 2364 (ι
211 2311 434 2367 admirabantur
446 2328 513 2369 vero
529 2313 591 2384 ejus
645 2317 720 2381 tem;
755 2317 784 2367 et
811 2311 954 2382 quomodo
981 2309 1030 2366 ille
1061 2309 1232 2381 simplicium

53 2382 395 2463 ermultaaliapraecipue
407 2387 590 2464 potestatem,
645 2387 735 2439 coetus
757 2381 897 2508 gregatim
924 2380 1053 2507 sequitur
1080 2395 1157 2462 eum,
1176 2395 1235 2436 non

53 2471 63 2510 1
89 2451 166 2510 enim
182 2470 261 2525 quasi
280 2470 313 2510 ex
332 2453 449 2511 alterius
468 2470 591 2527 persona
645 2453 755 2511 curiose
770 2469 803 2508 or
824 2456 904 2520 matr,
930 2467 960 2507 se
996 2454 1068 2507 sicut
1081 2450 1152 2521 pulli
1171 2453 1235 2522 post

53 2530 149 2597 ecepta
163 2526 298 2596 ponebat,
310 2524 382 2581 sicul
397 2528 507 2597 Moyses
522 2525 591 2582 lece·
644 2523 791 2652 &aninam
803 2531 836 2604 et
860 2521 993 2603 quilibet
1003 2525 1034 2603 ut
1064 2521 1165 2577 melius
1188 2536 1237 2602 eu·

52 2639 59 2666 ,
76 2601 105 2652 et
120 2598 280 2669 Prophetas,
297 2596 346 2652 sed
367 2597 425 2653 scre
442 2599 546 2668 ubique
559 2613 590 2653 se
665 2595 716 2665 iat,
735 2610 826 2665 magis
843 2594 938 2651 cidem
965 2598 1067 2648 nititur
1083 2607 1239 2674 appropin-

54 2666 148 2724 icabat
160 2684 222 2724 esse
236 2668 282 2739 qui
299 2667 458 2739 imperandi
469 2667 591 2724 auctori·
646 2683 734 2740 quare
750 2684 757 2722 t
773 2682 903 2737 sequere,
930 2669 958 2721 et
973 2668 1014 2733 tu,
1032 2668 1189 2744 pretiosum
1203 2662 1238 2719 11-

53 2755 91 2795 em
103 2739 356 2810 teneretlleuiqne
369 2756 432 2795 cum
445 2745 589 2812 praecepta
646 2739 703 2795 lum
719 2739 895 2806 thesaurum,
913 2736 957 2793 vel
974 2752 992 2792 a
1011 2736 1105 2816 longe,
1122 2751 1146 2790 sl
1162 2733 1238 2792 forte

53 2827 67 2866 a
95 2810 228 2880 sanciret,
254 2827 329 2882 saepe
354 2811 496 2867 dicebat:
530 2814 589 2880 Epo
647 2809 736 2866 micas
750 2810 793 2865 rel
812 2808 947 2881 reliquias
971 2806 1083 2888 aliquas
1097 2805 1177 2889 inde·
1192 2821 1238 2888 ca3

53 2898 95 2936 em
111 2883 171 2938 dico
194 2884 280 2953 vobis,
301 2887 330 2937 et
347 2881 484 2938 terribilis
512 2881 589 2939 illius
646 2882 748 2939 dentes
763 2887 828 2954 post
847 2888 958 2953 tergum
974 2885 1031 2936 tam
1046 2877 1087 2952 pri
1106 2879 1236 2950 Magistm

53 2951 100 3009 lcii
120 2953 226 3010 taciens
249 2953 433 3025 mentionem,
454 2970 485 3010 se
511 2968 591 3010 mon·
647 2953 744 3014 valeas
760 2952 905 3028 colligere.

555 3147 686 3206 ultano

53 3315 156 3374 lamine
176 3318 242 3374 tesu
264 3314 375 3373 Christe
399 3314 633 3386 clementissime,
649 3316 694 3373 sac
711 3330 757 3372 me
774 3331 826 3389 per
841 3318 950 3372 arctam
968 3310 1044 3391 viam
1058 3308 1195 3391 justitia,
1206 3314 1236 3366 et

53 3395 151 3455 putam
176 3394 288 3460 portam
315 3387 500 3460 poenilentiae,
517 3385 625 3443 intrare
653 3387 690 3443 ad
711 3386 807 3444 aulam
829 3384 940 3467 salutis,
958 3387 990 3464 eq
1011 3387 1097 3464 vitam
1124 3381 1235 3464 glomae.
1295 3389 1297 3392 ‘

53 3476 76 3516 :e
92 3476 137 3516 me
153 3460 242 3516 vitare
256 3460 439 3530 deceptorum
454 3457 607 3527 fallaciam,
622 3462 651 3515 el
665 3459 702 3515 da
715 3456 784 3515 mihi
800 3457 908 3515 imitari
922 3455 1079 3527 spiritualis
1094 3467 1155 3508 orrs
1169 3467 1239 3508 srm-

53 3531 155 3588 :italem
176 3538 205 3588 et
231 3530 438 3600 innocentiam,
456 3531 500 3587 lac
524 3546 569 3587 me
588 3529 712 3586 radicem
730 3530 824 3587 cordis
843 3528 913 3585 coelo
934 3541 991 3583 non
1007 3530 1091 3581 lerrae
1106 3523 1237 3606 affigere,

53 3603 83 3658 in
99 3602 174 3659 foliis
185 3607 338 3658 certiorem
354 3608 474 3668 tantum,
488 3602 539 3657 sed
550 3600 644 3674 potius
655 3601 683 3657 in
699 3603 836 3659 lmotibus
848 3601 991 3657 bonorum
1007 3611 1128 3669 eperum
1143 3595 1237 3652 fidelis

53 3690 113 3731 rear
131 3673 263 3730 inveniri.
283 3676 336 3730 Fac
352 3680 382 3729 nt
396 3674 570 3730 voluntatem
591 3672 683 3729 Patris
700 3673 823 3731 coelestis
840 3670 953 3738 faciam,
971 3675 999 3727 et
1014 3669 1102 3724 rerba
1115 3671 1171 3751 'tua
1184 3682 1237 3724 eu·

53 3762 93 3817 ns,
113 3762 200 3819 opere
214 3746 396 3819 adimpleam,
412 3751 444 3801 ul
463 3743 537 3802 inte
552 3745 693 3816 firmatus,
707 3746 794 3804 nullis
809 3761 826 3802 a
843 3748 872 3801 te
890 3757 1008 3825 separer
1020 3740 1237 3798 tentatrombus.

57 3832 104 3875 en.

529 4028 715 4083 νυῷ-Α
