2790 4912
207 333 353 390 toattutts
382 333 595 390 contitutus
622 335 660 390 SE
686 336 752 389 ltott
778 335 861 392 ESSE
888 337 1074 393 cuhtsrtttt.

63 440 159 499 husus
184 438 238 496 luit
260 439 291 497 in
320 440 415 498 medio
439 443 615 513 Judaeorum,

63 511 103 586 [da
125 511 199 568 inter
219 512 353 570 homiues
371 512 561 571 communiter
575 519 618 571 est

63 589 225 652 alienatus,
236 586 317 656 quasi
326 600 400 642 uuus
409 600 442 641 ex
456 584 508 654 eis,
519 590 548 642 et
559 601 618 642 nou

63 662 227 726 coguoverunt
235 661 418 728 praesentem,
431 671 514 728 quem
529 656 618 714 credi·

63 726 137 784 launi
150 726 291 796 luturum3
308 727 365 784 alio
376 729 461 785 modo
476 743 617 812 exponun-

63 798 247 856 turdeChristo
261 799 417 856 secuudum
430 799 617 869 dirimtatem,

64 868 190 951 seeundum
203 885 289 942 quam
303 870 409 942 uhique
421 887 548 944 praeseus
563 876 618 941 est,

64 940 233 998 ttmdsihilis.
253 944 286 998 Et
302 942 457 999 secundum
474 944 539 1011 hoc,
559 958 619 999 me·

64 1009 107 1069 dius
118 1017 154 1070 est
166 1011 301 1070 omnibus
313 1015 400 1071 rebus
409 1014 524 1083 creatis,
536 1019 565 1070 et
579 1019 621 1070 ta-

65 1095 109 1139 mu
119 1100 196 1141 uemo
210 1084 262 1142 scit
277 1102 354 1154 eum,
371 1085 438 1157 quia
452 1101 536 1143 nemo
546 1101 621 1142 com-

64 1154 195 1225 prehendit.
217 1158 269 1213 llic
292 1156 471 1285 pelasguod
493 1156 622 1238 Christus

65 1227 228 1298 tepelegitur
241 1228 336 1285 lorum
353 1245 397 1285 me
420 1228 478 1286 ium
493 1227 623 1301 speciati-

64 1295 216 1371 tereligere3
245 1299 313 1373 quia
331 1300 457 1357 medium
478 1306 521 1357 est
541 1300 622 1356 locus

63 1361 213 1440 humilitatis,
227 1371 304 1428 uude
315 1372 377 1445 ipse
388 1373 444 1428 ait:
458 1375 516 1442 Ego
531 1377 623 1427 autem

63 1435 169 1520 timedio
183 1448 304 1498 nomm
327 1460 399 1506 sum,
415 1446 487 1499 sicot
504 1446 555 1516 qui
570 1445 623 1498 mi·

63 1513 621 1583 hehetltem,estlocuscommunitatis3

63 1583 110 1645 litia
121 1583 300 1642 uniformiter
314 1602 345 1644 se
359 1586 445 1644 hahet
459 1586 496 1642 ad
511 1601 623 1653 omnes,

63 1651 78 1706 a
84 1658 204 1712 centrum
215 1657 251 1712 ad
261 1657 535 1726 circumferentiam,
548 1657 624 1713 unde

63 1719 138 1783 *saus
151 1745 158 1785 :
174 1730 208 1784 ln
220 1732 337 1785 veritate
348 1733 477 1801 comperi,
490 1731 558 1799 quio
569 1744 624 1783 cion

63 1803 81 1855 rt
143 1814 275 1855 sonorum
296 1807 421 1872 acceptor
442 1805 525 1858 Deio.
541 1801 624 1867 Item,

63 1881 68 1925 t
104 1870 164 1927 ium
183 1876 227 1926 est
246 1870 326 1927 locus
347 1870 475 1940 unitatis,
499 1870 566 1998 Hm
580 1886 626 1926 ex·

63 1956 130 1998 ema
142 1940 281 1998 uniuntur
295 1941 324 1998 iu
339 1943 448 2011 medio;
460 1958 497 1999 uu
518 1958 534 1999 e
553 1942 626 2013 Apo·

63 2011 127 2070 ulus
142 2029 150 2069 ι
173 2015 234 2085 lpse
247 2018 288 2070 est
300 2030 359 2084 pam
373 2019 477 2079 nostra,
494 2016 543 2084 qui
558 2014 626 2081 feeit

63 2100 157 2156 raquo
173 2101 268 2140 mum.
289 2086 370 2154 ltem,
385 2089 429 2142 est
446 2083 526 2141 loeus
540 2082 627 2140 stahi·

63 2154 211 2226 atis,quia
225 2155 349 2212 medium
358 2157 456 2213 muudi
470 2161 513 2212 est
522 2154 624 2223 llrum3

63 2227 114 2284 ide
127 2228 282 2299 Apostolus
295 2244 302 2282 :
317 2229 534 2285 mandamentum
546 2226 627 2282 atiud

63 2298 627 2453 lllllil}‚pllffthhllltlllll

63 2446 235 2514 aproximat3
257 2442 332 2499 unde
359 2458 389 2498 ru
413 2443 530 2498 hctrhus
559 2458 566 2497 ι
595 2442 628 2498 Si

63 2518 109 2570 rte
121 2517 271 2569 attrectent
281 2528 352 2582 eum,
361 2529 482 2569 cumnon
494 2515 625 2581 lougestt.

71 2605 104 2643 lt
123 2585 207 2641 Jrsus
221 2602 287 2641 rosr
301 2586 427 2641 tornum
442 2601 561 2648 ouruoue
575 2601 626 2638 uo·

63 2671 78 2711 s
90 2672 186 2724 venir,
200 2673 232 2711 rr
246 2673 335 2711 rauna
354 2674 424 2712 nare
436 2674 514 2712 rrsun
529 2670 627 2710 sacrus

63 2742 94 2782 u.
103 2757 141 2768 -
155 2729 190 2782 ut
203 2726 300 2783 subdit
314 2729 438 2783 loannes
450 2728 485 2783 de
495 2725 625 2784 Christo:

63 2813 98 2854 ue
109 2802 161 2862 est,
175 2801 225 2868 qui
234 2803 298 2869 post
312 2814 354 2853 me
366 2801 464 2863 ueniet,
477 2798 521 2853 vol
535 2802 629 2853 uentu·

63 2883 84 2924 rs
100 2873 152 2933 est,
169 2884 254 2940 quem
269 2885 337 2942 ergo
348 2874 378 2925 ut
389 2885 548 2942 praecursor
559 2884 629 2940 prae-

63 2939 154 3008 untio,
164 2944 214 3010 qui
228 2945 323 2997 tamen
338 2947 401 2996 onte
413 2940 456 2995 nte
469 2942 562 3008 foetus
577 2945 626 2995 est.

63 3010 116 3068 icet
133 3011 194 3082 jam
216 3011 341 3068 venisset
364 3012 518 3080 nascendo,
533 3016 629 3067 tamen

63 3080 109 3138 icit
134 3097 197 3139 esse
223 3088 389 3152 venturum
417 3082 485 3154 quia
504 3082 628 3138 noudum

63 3158 159 3210 suerat
181 3153 218 3210 ad
247 3153 429 3226 baptismum,
453 3154 578 3210 nondum
598 3169 629 3209 se

63 3224 272 3281 rauilestaverat
291 3226 483 3297 praedicando,
500 3231 528 3281 et
543 3224 628 3280 mira-

63 3293 104 3351 rla
116 3295 258 3365 iaciendo,
279 3313 312 3353 ac
327 3301 432 3353 nostrae
448 3294 629 3367 Redemptio·

63 3365 86 3422 is
109 3367 275 3439 mysterium
296 3368 477 3438 complendo.
503 3370 538 3424 Et
565 3367 631 3423 licet

63 3452 166 3495 oannes
191 3438 369 3511 praecesserit
393 3439 535 3497 Christum
559 3443 630 3494 tom-

63 3524 111 3566 ure
124 3509 279 3566 nativitatis
294 3515 323 3567 et
339 3510 449 3579 mortis,
466 3515 632 3566 nontamen

63 3581 259 3638 esurrectiouis
268 3587 297 3639 et
309 3581 492 3639 ascensionis.
509 3581 569 3649 Vel,
583 3583 632 3651 qui

63 3655 103 3734 ost
118 3658 304 3709 crevanturus
319 3658 369 3717 est,
385 3653 413 3709 id
429 3658 482 3721 est,
498 3652 546 3723 qui
558 3667 632 3725 prae·

62 3726 136 3779 retus
155 3728 199 3779 est
217 3740 234 3780 a
254 3726 308 3780 Pro
330 3725 414 3791 hatis,
427 3729 491 3796 post
504 3740 550 3779 me
564 3738 632 3778 veu-

63 3808 124 3851 trus
139 3799 191 3850 est.
206 3795 296 3852 Secun
319 3811 366 3852 um
377 3799 541 3865 Remigium,
551 3793 633 3866 quiu-

63 3880 99 3922 ue
113 3865 207 3922 modis
222 3867 297 3922 veuit
311 3869 394 3923 lesus
407 3871 472 3938 post
481 3869 633 3932 loannem,

63 3935 152 3993 cilicet
172 3953 179 3992 :
203 3938 358 4006 nascendo,
379 3937 571 4009 praedicando,
587 3938 635 3993 ha-

63 4006 187 4076 tizaudo,
204 4008 364 4077 moriendo,
380 4015 407 4065 et
422 4009 458 4065 ad
469 4008 575 4064 inferos
588 4007 636 4064 de-

63 4078 217 4136 :eudeudo
238 4082 354 4137 Etcum
372 4081 425 4136 hoc
444 4081 520 4152 quod
542 4078 633 4135 dicit:

63 4155 118 4207 nite
136 4167 179 4206 me
191 4153 285 4220 factus
303 4157 353 4215 est,
374 4167 431 4207 nou
445 4149 536 4224 possit
549 4149 634 4206 intel·

1178 338 1260 396 ‘tot

672 446 732 500 stus
744 442 886 516 posterior
895 448 938 501 est
947 446 1058 504 Joanne
1069 446 1170 517 tactus,
1182 462 1265 520 opor-

671 519 712 571 tet
726 515 802 597 quod
815 514 993 586 intelligatur
1007 518 1100 589 quoad
1121 519 1263 576 honorem

671 591 700 644 et
714 585 896 668 dignitatem
913 587 980 661 quia
991 588 1073 661 quasi
1092 590 1262 660 Dominum,

672 664 801 731 sequitur
813 673 879 715 eum
891 661 1018 716 Joanues
1031 662 1070 717 Ba
1091 664 1169 729 tiata,
1178 666 1208 718 et
1216 676 1264 719 ra·

673 730 715 786 dit
728 734 793 802 post
805 746 881 787 eum.
898 732 971 787 Ante
983 731 1059 788 enim
1072 677 1126 789 Boc
1144 732 1174 789 iu
1189 733 1263 801 loco,

673 801 1265 876 uontemporis,sedordiuis,hahetsigni-

673 871 847 942 ficationem,
871 878 900 930 et
923 878 1002 931 notat
1019 874 1186 944 divinitatis,
1206 890 1264 933 nou

675 943 829 1001 nativitatis
853 943 1041 1018 prioritatem.
1067 947 1107 1003 llc
1132 946 1155 1002 si
1175 946 1286 1017 dicat,

673 1016 830 1073 secundum
863 1018 1093 1087 chrysostomum,
1121 1035 1178 1075 non
1218 1018 1266 1076 uia

674 1087 753 1161 prior
777 1087 842 1143 veui
866 1088 903 1144 ad
917 1087 1142 1160 praedicandum,
1162 1104 1195 1146 ex
1231 1105 1265 1146 oc

676 1160 814 1230 majorem
832 1158 881 1215 illo
896 1175 942 1215 me
959 1159 1121 1216 aestimetis:
1139 1165 1203 1233 post
1219 1175 1265 1218 me

676 1246 744 1302 ergo
760 1229 837 1286 veuit
851 1234 989 1302 tempore,
1005 1231 1073 1302 quia
1084 1231 1267 1302 postmodum

679 1307 784 1369 natus3
804 1305 871 1357 ante
890 1317 936 1356 me
955 1302 1044 1358 lactus
1057 1308 1100 1358 est
1116 1302 1266 1372 dignitate,

678 1371 745 1444 quia
758 1378 902 1443 tamquam
909 1372 1013 1428 clarior
1023 1378 1051 1428 et
1060 1373 1268 1442 honorabilior,

679 1461 730 1500 seu
746 1444 838 1514 major
850 1448 878 1499 et
892 1442 1006 1514 dignior
1017 1443 1084 1498 mihi
1099 1443 1268 1515 praepositus

678 1520 721 1572 est
735 1520 763 1571 et
776 1514 921 1586 praelatus.
939 1512 1008 1570 lluic
1023 1513 1115 1570 simile
1133 1520 1187 1583 est,
1204 1529 1268 1571 cum

679 1587 714 1643 de
729 1586 824 1658 aliquo
839 1585 960 1642 dicimus
975 1607 981 1642 :
1001 1584 1051 1641 llic
1066 1585 1132 1642 olim
1149 1601 1195 1642 me
1213 1584 1268 1643 mi·

680 1673 743 1726 nor,
770 1657 814 1713 rol
840 1656 909 1713 mihi
938 1671 990 1728 par
1014 1661 1090 1725 erat;
1116 1658 1166 1714 sed
1182 1656 1268 1714 modo

680 1734 746 1786 aute
760 1744 806 1784 me
823 1729 913 1785 lactus
929 1733 973 1784 est
987 1729 1107 1797 honore,
1123 1730 1209 1785 modo
1222 1743 1268 1785 me

679 1799 825 1929 precedit,
848 1800 933 1855 modo
964 1798 1034 1856 mihi
1060 1800 1194 1872 praelatus
1213 1806 1267 1856 est.

704 1872 741 1941 el,
756 1872 847 1927 lactus
869 1876 995 1939 estante,
1015 1869 1180 1928 sinceritate
1199 1887 1268 1927 cou-

680 1941 1268 2011 seieutiae,inuooentiavitae,lamaedecore.

681 2012 860 2071 Praelationis
876 2019 971 2071 autem
991 2014 1093 2072 Christi
1110 2029 1211 2072 causas
1224 2015 1271 2072 Jo-

680 2102 769 2144 anues
792 2084 894 2156 aperit,
918 2102 983 2142 cum
1002 2087 1148 2159 subiungit
1169 2104 1175 2142 :
1198 2087 1269 2153 Quia

677 2161 757 2231 prior
774 2173 817 2213 me
832 2161 902 2212 erat
924 2159 979 2213 Pro
994 2162 1075 2215 tanto
1095 2158 1183 2224 enim,
1204 2161 1270 2213 aule

681 2246 726 2286 me
747 2229 838 2286 lactus
858 2232 912 2296 est,
928 2228 957 2284 id
972 2234 1015 2286 est
1030 2228 1099 2285 mihi
1121 2228 1268 2301 praelatus,

681 2307 709 2358 et
723 2300 860 2371 dignitate
875 2299 1051 2371 antepositus
1063 2304 1117 2368 est,
1133 2299 1200 2369 quia
1217 2297 1270 2355 etsi

680 2371 822 2445 posterior
848 2371 885 2426 sit
904 2368 933 2425 iu
952 2375 1092 2442 tempore,
1113 2375 1270 2425 esttamen

682 2443 760 2516 prior
782 2441 811 2496 in
829 2439 990 2498 aeternitate
1007 2458 1014 2497 :
1035 2440 1102 2511 quia
1125 2439 1204 2519 prior
1225 2454 1271 2495 me

681 2518 753 2581 erat,
784 2527 841 2567 uou
869 2511 1024 2567 secundum
1052 2511 1270 2578 humanitatem,

682 2599 767 2658 quam
782 2587 931 2653 acceperat
946 2582 977 2637 in
991 2587 1135 2652 tempore;
1153 2580 1203 2635 sed
1222 2595 1270 2637 se·

682 2655 806 2713 cundum
833 2653 979 2719 deitatem,
1009 2651 1040 2708 in
1069 2667 1125 2723 qua
1157 2656 1200 2706 est
1234 2650 1270 2708 ab

682 2733 791 2784 aetoruo
811 2740 875 2782 cum
897 2726 1000 2794 Patre3
1024 2721 1103 2796 prior
1126 2739 1172 2780 me
1198 2727 1269 2790 erat,

682 2797 749 2872 quia
759 2796 820 2867 ipse
833 2797 870 2853 ah
884 2800 1004 2865 aeteruo,
1019 2810 1072 2866 ego
1085 2811 1118 2851 ex
1131 2800 1271 2865 tempore.

682 2869 822 2940 Quoniam
848 2867 895 2940 qui
917 2872 982 2941 post
1010 2883 1054 2923 me
1075 2873 1158 2924 natus
1175 2871 1219 2922 est
1236 2864 1272 2923 de

683 2945 771 2999 Matre
793 2940 853 2996 sine
868 2945 958 3012 patre,
973 2945 1038 2997 ante
1056 2954 1169 2995 omnem
1192 2953 1272 2995 crea-

682 3018 775 3071 turam
795 3012 857 3068 sine
877 3012 934 3069 ullo
953 3010 1035 3068 initio
1054 3011 1169 3082 genitus
1184 3015 1274 3066 estex

683 3088 767 3143 Patre
792 3084 853 3140 siue
873 3088 974 3139 matre.
997 3085 1032 3139 Et
1047 3084 1149 3150 fortior
1162 3097 1204 3137 nte
1220 3085 1271 3143 est,

683 3157 750 3229 quia
769 3155 830 3227 ipse
846 3157 921 3212 Deus
939 3153 1021 3210 tortis
1040 3159 1069 3210 et
1086 3160 1201 3225 potens;
1218 3167 1272 3224 ego

682 3233 777 3285 autem
799 3229 884 3282 homo
898 3229 927 3281 et
941 3223 1060 3296 fragilis,
1074 3231 1102 3278 et
1120 3224 1271 3292 impotens.

685 3299 734 3356 llle
748 3296 1079 3365 Dominus,egoservus;
1096 3294 1274 3363 illehnpera·

684 3375 740 3436 tor,
755 3383 808 3436 ego
823 3365 914 3420 miles.
928 3364 1167 3420 Undeltohanus:
1184 3385 1198 3414 a
1211 3364 1278 3420 For·

686 3440 722 3494 tis
741 3442 783 3493 cst
807 3439 943 3503 loannes,
966 3433 1013 3506 qui
1042 3434 1176 3506 Spiritum
1205 3435 1276 3491 Sau-

686 3515 761 3567 ctum
778 3507 881 3579 diguus
900 3511 943 3561 est
961 3507 1084 3574 hahere3
1110 3505 1211 3562 tortior
1229 3504 1277 3578 qui

686 3579 818 3637 eumdem
857 3581 931 3633 otest
949 3577 1032 3634 dare.
1054 3577 1145 3634 Fortis
1162 3577 1211 3660 qui
1231 3593 1278 3635 re·

688 3668 775 3780 finum
791 3593 928 3730 roefltrum
942 3648 1079 3722 praedicat
1091 3667 1098 3717 ;
1112 3650 1213 3706 lortror
1230 3646 1278 3721 qui

708 3727 786 3780 onat.
803 3723 895 3778 Fortis
910 3724 957 3793 qui
970 3720 1095 3793 baptizat
1107 3721 1135 3776 in
1151 3727 1279 3793 peccato·

688 3791 945 3877 rumconlessioue
957 3792 1129 3865 ;l0rtiorqui
1139 3792 1167 3848 in
1178 3807 1278 3850 eorum

688 3880 868 3924 remissione.
885 3884 900 3915 a

729 3958 759 3994 ra
771 3939 810 3992 Ea
821 3936 1125 3993 aasuonsroustonuurs
1137 3952 1280 3992 ucururrss

691 4025 795 4064 corsuna
818 4023 970 4064 suariorum
997 4024 1203 4065 iuncorum-
1223 4009 1279 4063 lm·

691 4081 872 4136 mansitatem
900 4087 996 4136 autem
1021 4079 1195 4137 excellentiae
1219 4077 1281 4148 ejus

691 4150 838 4208 suhdeudo
852 4151 1037 4208 manifestat:
1053 4151 1137 4220 cujus
1150 4165 1204 4204 non
1220 4163 1281 4203 sunt

64 4221 95 4295 gi
122 4224 281 4280 secuudum
302 4222 448 4292 deitatem,
475 4238 538 4294 quae
561 4222 636 4278 lacta
691 4224 792 4293 stipatus
811 4227 852 4287 ut,
879 4222 1079 4295 procumbens,
1097 4223 1201 4276 solvam
1220 4218 1280 4289 eiua

63 4307 106 4352 ou
119 4297 174 4366 est,
187 4309 241 4352 nec
253 4295 288 4352 de
296 4294 483 4364 humanitate,
494 4308 550 4367 qua
558 4293 637 4352 Chri·

689 4298 837 4365 corripiam
847 4295 1034 4358 calceamenti,
1047 4291 1124 4363 quod
1134 4288 1241 4346 humile
1251 4294 1280 4346 et
