2790 4912
126 282 172 336 288
497 275 608 330 Pilllltll
634 273 752 330 iittris
779 271 884 327 CAPUT
912 274 1009 326 XXXl'

130 388 165 443 Et
182 400 246 443 cuni
260 381 437 441 millenarius
455 381 493 439 sit
505 398 640 438 numerus
654 398 719 453 per·
774 385 869 438 autem
890 377 959 435 dicit
974 377 1049 434 idem
1077 380 1266 460 Aaqustimis,
1281 375 1377 451 inbft¹

130 456 271 526 fectionis,
287 455 316 512 in
331 454 420 511 tribus
441 452 619 521 millenariis,
638 458 719 509 nota·
774 451 860 508 trium
884 449 1079 521 exemplorum
1100 449 1208 506 nullius
1223 449 1349 520 genusin

130 535 177 587 tur
192 527 267 600 quod
283 526 312 582 in
327 525 417 581 tribus
433 524 562 582 consistit
583 523 719 596 perfectio
770 522 854 605 J'uriae
868 527 912 579 est
926 519 1165 593 pretermissum.
1182 521 1253 576 Nam
1268 518 1344 578 omnia

130 600 287 673 patientiae,
310 594 418 652 scilicet
449 613 456 651 :
486 595 516 651 in
544 611 675 666 corpore,
691 602 720 651 et
773 592 919 665 inquibus
937 591 1150 664 improbitatem
1168 591 1291 674 aliquam
1307 607 1342 664 pe

127 670 253 738 ratione,
269 673 298 724 et
313 668 468 734 voluntate,
485 666 559 738 quod
574 665 734 738 significa,
773 665 870 733 timur,
899 663 929 719 in
956 663 1011 719 duo
1038 679 1146 735 genera
1172 663 1337 720 dividuntor:

131 747 178 798 tur
205 756 258 813 per
273 738 330 796 alia
344 739 400 794 duo
417 737 516 794 millia.
533 736 585 794 Ubi
602 739 718 806 coryco-
774 751 894 808 quorum
903 734 1028 816 'alterum
1037 734 1170 816 ‘estquod
1184 733 1288 791 restitui
1296 750 1335 792 noi
1365 762 1377 803 ·,

125 818 250 869 olomuc:
279 832 292 863 ι(
308 808 396 866 Vides
424 807 718 881 superabundantiam
772 812 884 880 potest,
902 821 1001 877 inquo
1017 806 1151 862 vindicte
1166 805 1290 863 solatium
1303 811 1333 863 tu

147 880 327 952 hilosophiae,
343 885 371 936 et
394 880 539 937 cumulum
559 879 716 952 sapientiae.
772 878 866 935 midus
882 876 993 934 animus
1010 892 1138 948 quaerere
1155 876 1235 946 solet,
1251 875 1292 948 qui
1303 883 1331 935 b·

127 898 282 1023 iostquam
294 950 427 1008 nimirum
439 951 553 1008 dederis
564 951 717 1019 maxillam,
772 949 811 1006 lia
830 950 957 1005 fomenta
982 947 1137 1016 desiderat,
1154 949 1203 1004 sed
1229 953 1328 1006 muniet

128 1029 158 1081 et
172 1023 311 1089 tunicam,
337 1030 365 1079 et
382 1022 591 1091 vestimentum,
606 1021 718 1078 etiamsi
771 1021 872 1077 tlrmus
882 1018 1105 1076 misericorditer
1112 1018 1328 1090 perferendantl

128 1094 217 1161 nudo,
234 1092 335 1165 inquit,
352 1093 462 1166 corpori
478 1099 527 1149 tuo
541 1093 583 1150 uti
598 1092 718 1150 voluerit
770 1091 859 1148 terius
870 1089 1067 1147 infirmitatem
1077 1090 1195 1162 judicat,
1212 1089 1326 1158 ncqucbic

128 1165 274 1232 inimicus,
290 1165 326 1221 ad
343 1164 464 1237 injurias
476 1170 504 1221 et
518 1164 631 1221 labores
645 1183 652 1232 ;
666 1181 717 1220 nec
771 1162 895 1218 vindicta
913 1161 951 1218 ad
960 1161 1166 1218 correctionem
1182 1162 1323 1242 prohibetur,

770 1239 801 1291 ut
808 1233 893 1290 etiam
903 1248 988 1304 supra
994 1231 1108 1289 dicitur.
1121 1233 1242 1289 Altemm
1251 1232 1323 1304 injun-

770 1321 849 1361 arum
861 1309 1010 1376 gennaesa
1026 1304 1103 1386 quod
1114 1303 1142 1360 in
1155 1303 1283 1376 integrum
1295 1319 1323 1359 ie

770 1375 848 1433 stitui
863 1379 979 1502 potest3
996 1375 1219 1447 cuiussuntduae
1232 1373 1321 1447 specie:

129 1236 300 1317 sicquidem
327 1235 405 1291 illum
422 1239 535 1307 oportet
551 1235 714 1317 probibere·

128 1309 195 1365 Vult
209 1324 286 1363 enim
301 1306 399 1363 omnia
414 1323 468 1363 nos
482 1306 629 1378 possidere
644 1322 718 1363 com-

127 1379 276 1448 muniter,
308 1383 336 1434 et
364 1377 500 1450 pecunias
529 1377 660 1434 videlicet
689 1382 718 1433 et

127 1466 258 1522 corpora,
275 1466 331 1505 non
360 1465 424 1505 cum
452 1448 646 1521 indigentibus
673 1464 717 1504 so·
771 1463 861 1504 unua
897 1445 1057 1518 pecuniam,
1077 1447 1169 1502 altera
1187 1447 1221 1502 ad
1238 1458 1322 1518 opcian

125 1520 195 1588 lum,
211 1536 309 1576 verum
336 1519 421 1576 etiam
442 1535 505 1577 cum
529 1518 664 1591 injuriam
679 1520 718 1576 fa·

127 1591 277 1648 cientibus.
299 1593 391 1648 Unum
418 1592 495 1647 enim
514 1591 717 1647 misericordie

129 1664 316 1731 esl,alterum
350 1661 485 1718 atientiae.
505 1683 519 1716 o
537 1664 569 1718 Et
586 1660 713 1718 iterum:

129 1752 144 1786 u
161 1734 203 1789 td
218 1749 303 1789 omne
338 1732 477 1789 evotionis
496 1749 566 1806 opus
580 1733 718 1806 impigros

130 1820 183 1860 nos
198 1821 260 1860 esse
274 1804 403 1886 praecipit
419 1804 565 1872 Dominus,
584 1821 616 1860 ac
635 1821 716 1876 para-

127 1879 180 1931 tos.
198 1878 308 1931 Bonum
332 1891 407 1931 enim
429 1882 558 1932 nostrum
582 1875 640 1932 rull
659 1892 716 1932 non

127 1949 187 2001 tam
204 1946 383 2001 necessitatis
402 1961 475 2013 esse,
492 1962 576 2016 quam
594 1947 716 2018 propriae

127 2015 298 2082 voluntatis;
313 2020 344 2070 ut
357 2016 424 2070 dum
445 2017 565 2086 amplius
581 2034 614 2072 eii
635 2017 717 2073 nobis

127 2083 258 2152 facimus,
279 2100 365 2154 quam
385 2085 421 2140 ab
445 2086 508 2141 aliis
528 2087 715 2157 postulamur,

127 2155 245 2226 majoris
260 2155 399 2212 mercedis
415 2155 537 2225 gratiam
557 2174 714 2229 consequa·

127 2242 201 2283 mur.
235 2230 356 2298 integrae
385 2227 461 2283 onim
488 2228 653 2299 charitalis,
683 2247 716 2286 ac

126 2298 259 2371 perlectas
272 2297 432 2355 devotionis
443 2299 569 2356 officium
586 2306 638 2367 cst,
651 2302 715 2373 plus

126 2375 228 2442 sponte
252 2375 400 2442 praestare,
421 2387 506 2442 quam
536 2370 667 2443 poteris:
698 2394 713 2423 »

125 2441 188 2498 liaec
219 2444 434 2512 chrysostomus.
466 2443 530 2510 Ubi,
559 2443 713 2500 secundum

127 2513 326 2581 Aaqastinum,
356 2514 484 2570 Christus
513 2519 625 2583 mouet,
657 2531 715 2571 non

127 2588 186 2640 tam
196 2589 227 2640 ut
241 2584 361 2655 pedibus
376 2602 455 2656 agas,
472 2601 557 2657 quam
574 2591 603 2641 ut
618 2585 713 2642 auimo

126 2653 165 2710 sis
180 2661 306 2736 paratus.
322 2658 381 2712 Non
408 2657 499 2712 solum
523 2673 591 2728 ergo
607 2664 666 2726 tua,
682 2662 714 2712 ut

125 2726 467 2795 devitesaltercationom,
477 2728 526 2783 sed
540 2733 567 2783 ct
582 2727 713 2800 teipsum

125 2796 221 2874 praebe
240 2795 417 2867 angarianti;
433 2814 490 2853 non
509 2803 567 2854 lam
584 2816 669 2871 opere
684 2805 713 2855 et

122 2866 347 2937 pedibus,quam
356 2867 452 2923 animo
463 2874 489 2923 et
506 2870 712 2941 compassionis

122 2936 225 2991 affectu
255 2940 371 3014 paratus
397 2937 487 2992 multo
513 2940 576 3009 plus
605 2942 711 2998 servire

144 3019 209 3060 uam
228 3011 371 3075 pracepit.
401 3009 501 3062 Totum
532 3009 608 3064 enirn
635 3012 711 3081 quod

123 3021 230 3132 iictum
250 3079 303 3155 est,
316 3074 531 3158 intelligendum
555 3082 711 3138 secundum

122 3151 362 3219 preparationem
376 3148 463 3203 animi
484 3148 514 3203 in
530 3165 598 3206 casu
618 3151 710 3207 consi·

123 3217 194 3286 mili,
212 3235 269 3273 non
289 3223 384 3274 autem
410 3218 439 3275 in
454 3236 532 3289 casu,
553 3221 582 3278 in
603 3239 657 3294 quo
677 3240 710 3280 ex

122 3289 709 3365 talipermissionenutrireturpercutiens,

122 3370 172 3419 aut
184 3361 309 3434 rapiens,
326 3361 368 3418 iel
388 3363 552 3434 angarians,
573 3381 622 3422 seu
639 3367 711 3424 alias

123 3434 272 3489 offendens
286 3436 313 3488 in
327 3449 377 3490 sua
392 3434 500 3491 malitia
512 3441 539 3491 et
549 3435 708 3507 iniquitate.

123 3505 193 3571 lmo,
210 3503 240 3558 in
254 3503 303 3558 tali
325 3519 393 3560 casu
408 3505 548 3563 sustinere
564 3525 620 3564 non
635 3514 710 3565 esset

122 3573 240 3652 barium,
264 3572 318 3628 nisi
334 3582 450 3647 propter
473 3578 648 3649 scandalum,
666 3580 710 3636 rel

122 3642 238 3713 aliquod
269 3645 361 3715 majus
394 3648 499 3704 malurn
533 3649 707 3707 evitandum.

123 3714 219 3793 llam,
232 3716 353 3797 testante
379 3718 545 3789 Anqustino,
562 3721 606 3777 cui
625 3722 710 3779 licen·

124 3788 165 3840 tia
181 3791 338 3866 imquitatis
353 3787 481 3860 eripitur,
500 3791 606 3849 utiliter
622 3793 709 3849 vinci·

123 3858 171 3911 tur
187 3871 198 3934 ε.
211 3869 344 3924 quoniam
359 3858 428 3914 nibil
444 3867 487 3918 est
505 3863 646 3920 infelicius
666 3864 709 3920 in-

125 3923 271 4006 felicitate,
287 3929 474 4001 peccantium,
509 3951 564 4006 qua
592 3935 711 4007 poenalis

123 4000 249 4052 nutritur
263 3998 426 4077 impunitas,
438 4008 466 4057 et
476 4006 551 4061 mala
568 4007 708 4078 voluntas,

122 4067 201 4124 velut
213 4067 304 4123 hostis
319 4068 447 4140 interior,
464 4076 624 4134 roboratur.

159 4143 174 4195 5
191 4140 302 4195 laroma
317 4157 708 4207 conoormnaiinmuiianuus

122 4226 151 4266 ni
175 4212 331 4269 Eviucnno
360 4229 574 4276 ranrmuissrir.
606 4249 639 4264 -
674 4224 709 4278 Ut

770 1517 902 1590 pertinet.
911 1518 1074 1589 Exemplum
1083 1517 1323 1596 primi,depercust

771 1588 901 1658 maiilla;
918 1589 1045 1657 secundi,
1067 1590 1103 1646 de
1119 1589 1214 1645 tunica
1226 1593 1252 1645 et
1267 1592 1323 1644 reste

771 1667 887 1728 ment03
914 1659 1001 1728 tertii,
1016 1660 1051 1717 de
1069 1659 1190 1732 angaria
1212 1672 1322 1732 passuum

770 1731 842 1798 Quia
856 1732 933 1803 quod
947 1734 974 1787 in
989 1747 1108 1803 corpore
1120 1732 1217 1789 laesum
1229 1738 1274 1800 est,
1286 1742 1323 1785 non

771 1802 929 1859 restituitur
949 1802 978 1858 in
994 1802 1136 1874 integrum
1150 1821 1157 1871 ;
1172 1810 1200 1859 ct
1215 1801 1323 1859 reddire

771 1874 938 1930 stimonium
950 1879 1043 1946 potest
1056 1891 1063 1942 ;
1082 1878 1111 1931 et
1125 1874 1249 1945 adiuvari
1265 1883 1324 1945 open

770 1950 874 2016 potest,
896 1944 920 2000 si
943 1961 1013 2016 opus
1036 1943 1130 2001 fuerit.
1160 1948 1191 2000 ln
1218 1945 1257 2000 bis
1280 1956 1324 2022 erqo

770 2016 904 2073 omnibus
918 2015 1070 2089 generibus
1082 2014 1248 2086 injuriarum
1260 2017 1325 2093 bour

771 2104 824 2145 nus
843 2088 924 2143 docet
942 2086 1182 2159 patientissimum
1200 2092 1227 2143 et
1243 2086 1324 2142 miseri·

770 2158 979 2224 cordissimum,
999 2163 1027 2214 ct
1042 2158 1078 2214 ad
1093 2158 1175 2230 plura
1189 2154 1325 2240 perferendi

769 2229 983 2301 paratissimum
993 2229 1119 2286 animum
1133 2230 1324 2286 Christianorum

769 2317 832 2381 esse
847 2306 988 2372 oportere,
1009 2305 1125 2373 propter
1140 2317 1220 2372 spem
1232 2299 1325 2357 retribu-

769 2372 855 2428 tionis
873 2379 1000 2428 aeteriiae.

805 2449 820 2498 6
837 2445 971 2499 Linoiris
997 2459 1110 2498 rernuri
1139 2460 1291 2498 exnisnsm.
1304 2466 1326 2479 -

770 2514 835 2577 Sed,
854 2514 986 2585 quoniam
996 2528 1096 2585 parum
1112 2520 1156 2569 est
1172 2531 1228 2570 non
1240 2524 1326 2575 noceto

768 2584 823 2640 nisi
850 2584 936 2641 etiam
950 2589 1065 2656 praestet
1080 2585 1250 2642 beneficium
1263 2596 1327 2662 quaq-

768 2661 827 2711 tum
857 2655 971 2727 poterit,
994 2663 1204 2727 consequenter
1229 2654 1331 2731 adjungit

768 2727 915 2796 Dominus,
926 2733 955 2784 et
966 2726 1051 2783 dicit:
1064 2728 1146 2784 Omni
1154 2728 1330 2800 adtemperant

767 2804 801 2861 te,
822 2799 921 2864 tribue,
946 2797 1025 2869 quasi
1051 2797 1182 2855 diceret:
1208 2802 1248 2856 lta
1268 2798 1331 2877 debe
1352 2848 1359 2872 ,

766 2886 829 2926 esse
858 2869 971 2942 patiens
1003 2869 1032 2924 in
1065 2870 1193 2927 adversis
1224 2868 1333 2946 propriis

766 2941 860 2998 sedet
883 2941 1057 3013 compatiens
1070 2940 1182 2998 alienis.
1207 2944 1264 2998 Non
1285 2938 1335 2997 diat

766 3012 833 3084 quid
860 3012 1053 3080 tribuendum,
1077 3013 1144 3083 quia
1165 3029 1224 3070 non
1245 3021 1336 3084 semper

766 3101 812 3139 res
848 3088 891 3139 est
917 3083 1065 3150 donanda;
1117 3100 1231 3157 semper
1261 3090 1338 3141 tamen

765 3154 890 3211 dandum
914 3159 966 3222 est,
983 3154 1083 3210 saltem
1109 3155 1217 3212 bonum
1240 3170 1339 3229 respon·

766 3242 839 3282 sum.
864 3225 917 3292 Qui
930 3241 997 3296 ergo
1013 3225 1043 3281 in
1058 3226 1230 3284 necessitate
1245 3244 1293 3285 sua
1304 3240 1341 3299 pe

764 3296 799 3352 tit
820 3312 836 3352 a
855 3302 882 3353 te
898 3312 959 3353 rem
974 3297 1150 3368 corporalem
1165 3300 1210 3355 rel
1225 3298 1341 3376 spiritua·¹

765 3368 830 3435 lem,
858 3368 895 3424 da
919 3369 945 3424 ei
970 3368 1086 3436 donum,
1103 3370 1148 3426 rel
1178 3369 1343 3429 verbumst

764 3438 840 3495 enim
856 3438 1064 3495 rationabiliter
1077 3441 1158 3511 petit,
1173 3441 1344 3500 tribuendum

764 3514 808 3566 est
824 3510 931 3567 donum
946 3511 1022 3581 quod
1036 3510 1105 3582 petit
1120 3527 1129 3564 τ
1144 3512 1188 3568 vel
1202 3515 1238 3570 de
1254 3528 1346 3587 prece·

765 3586 822 3653 pto,
840 3597 904 3638 cum
917 3581 946 3636 in
955 3586 1081 3638 extrema
1096 3583 1265 3642 necessitate
1278 3583 1344 3658 posi·

764 3659 811 3708 tus
826 3652 942 3708 omnino
967 3652 1085 3726 indiget,
1106 3654 1233 3727 dareque
1247 3655 1344 3730 possis;

764 3723 808 3778 rel
838 3724 873 3780 de
900 3723 1029 3789 consilio,
1064 3741 1126 3781 cum
1148 3733 1251 3798 petens
1270 3728 1346 3785 aliter

765 3794 886 3851 transire
906 3799 999 3866 potest
1015 3812 1022 3850 :
1038 3802 1067 3853 et
1082 3796 1145 3853 baec
1164 3804 1209 3854 est
1229 3801 1345 3858 eleemo-

764 3865 1116 3996 {tradititiis}
1130 3868 1348 4000 sattim·

858 3980 865 4006 ‚
1340 3973 1347 3984 .

764 4013 861 4078 tatem,
881 4009 987 4065 bonum
1004 4025 1174 4082 responsum
1194 4019 1224 4069 et
1248 4014 1347 4073 oratio·

763 4077 884 4137 nemsi
904 4084 999 4137 summ
1013 4075 1250 4143 irrationabiliter
1271 4085 1347 4160 petit,

763 4151 888 4208 dandum
909 4156 952 4208 est
975 4152 1104 4219 verbum,
1125 4154 1258 4215 docendo
1288 4173 1349 4216 euin

762 4222 798 4281 de
826 4220 1073 4282 irrationabilitate
1098 4240 1156 4283 suae
1194 4229 1349 4302 petitionis,
