2790 4912
112 320 158 374 308
450 314 560 368 Pllllldl
587 313 706 368 Plncls
733 310 834 364 CAPUT
860 308 991 362 xxxin

111 425 257 484 sciendum
268 424 342 496 quod
354 424 442 479 Lucas
451 419 555 503 omittit
566 419 637 501 duas
645 435 698 499 ‚pe-

111 498 227 554 titiones
241 494 378 553 orationis
400 496 564 573 Dominicis,
590 491 699 572 scilicet

110 569 223 626 tertiam
239 574 267 624 cl
280 566 439 638 septimam,
455 579 521 634 quia
535 569 619 643 lerna
634 577 699 617 con-

108 640 216 697 tinetur
234 639 264 695 in
289 638 398 694 duabus
413 634 649 707 precedentibus,
670 636 699 687 et

109 713 230 793 septima
252 710 282 764 in
298 714 385 764 sexta.
412 708 449 787 ln¹
473 703 698 786 sanctificatione

109 798 186 839 emm
200 780 302 837 animm
316 795 379 849 qum
394 781 499 850 petilur
512 792 541 831 m
552 791 655 856 prima,
671 778 700 830 et

107 852 138 909 in
165 850 370 908 resurrectione
393 847 488 904 (arnis
508 864 572 918 quim
593 852 699 917 petitur

107 924 135 980 in
152 922 285 990 secunda,
306 919 440 991 impletur
454 917 550 974 divina
566 917 698 973 voluntas

143 1011 167 1051 ae
183 992 287 1065 petitur
301 991 330 1047 in
345 990 438 1048 tertia.
456 990 517 1058 Vel,
537 990 561 1045 si
576 988 697 1060 gloriam

104 1010 154 1122 ffel
171 1063 366 1136 principaliter
385 1077 558 1133 quaeamus,
583 1066 611 1116 et
631 1076 697 1140 par·

105 1135 300 1209 ticipationcm
326 1135 407 1204 regni
430 1134 502 1204 ejus,
521 1148 584 1204 qum
604 1137 698 1187 conti·

107 1214 211 1265 nentur
225 1206 254 1262 in
266 1207 376 1263 duabus
387 1204 486 1277 primis
498 1202 697 1286 petitionibus,

106 1279 181 1336 bene
196 1277 440 1358 voluntutcmcjus
452 1276 581 1343 iacimus,
594 1279 622 1330 et
637 1275 698 1345 ejus

107 1351 238 1407 voluntas
248 1349 382 1420 impletur
394 1364 424 1403 m
434 1346 530 1414 nobis;
544 1346 620 1418 qnod
631 1361 697 1426 con-

103 1420 210 1478 tinetur
226 1423 253 1476 iu
281 1419 375 1487 tertia,
393 1418 459 1489 quia
474 1418 510 1474 ad
529 1418 584 1498 hoc
598 1433 697 1488 prescr-

105 1506 161 1564 pue
176 1492 305 1549 voluntas
320 1491 370 1548 liei
387 1489 487 1558 tendit,
505 1494 536 1545 ut
555 1504 616 1559 ejus
635 1504 699 1569 san-

104 1562 231 1620 ctitatem
253 1578 457 1634 cognoscamus
479 1565 507 1617 et
538 1576 604 1616 cum
633 1575 694 1640 ipso

104 1650 267 1705 regnemus.
298 1633 433 1691 Similiter
463 1631 584 1704 septima
612 1636 698 1712 conti·

106 1712 190 1762 netur
207 1704 235 1760 in
252 1712 340 1775 sexta,
365 1708 397 1760 ut
414 1702 485 1760 sciat
500 1717 696 1783 unusquisque

104 1792 137 1833 so
147 1776 261 1834 liberari
271 1794 288 1834 a
300 1777 386 1843 malo,
403 1790 468 1830 cum
484 1791 542 1830 nou
554 1773 698 1830 inducitur

106 1845 137 1903 in
161 1847 357 1905 tentationem.
376 1845 403 1904 Si
428 1845 503 1901 enim
518 1845 548 1901 in
563 1845 696 1900 tentatio·

105 1934 172 1975 nem
185 1935 242 1975 non
259 1918 418 1974 inducimur
430 1917 456 1973 ci
473 1917 695 1983 succumbendo,

105 1988 156 2044 sed
189 1988 280 2060 stragis
309 1989 496 2059 praevalemus
526 1987 694 2066 resistendo,

104 2059 177 2115 hene
198 2060 352 2114 liberamur
375 2058 493 2114 amalo.
512 2060 546 2112 Et
559 2072 600 2112 sic
620 2058 695 2126 quod

105 2129 254 2186 Mattlraus
273 2129 342 2184 dicit
355 2127 496 2200 explicite,
512 2129 601 2184 Lucas
615 2143 694 2183 com-

111 2200 246 2274 plectitur
260 2199 405 2272 implicite.

142 2277 174 2329 15
192 2275 393 2329 Arn'snrssouu
412 2287 483 2334 ouon
512 2287 541 2325 rx
560 2287 694 2351 onxrioxs

106 2361 157 2401 sm
178 2362 337 2401 msoscmnr
357 2359 552 2400 ssccssrrxrmi
568 2360 690 2398 nnxssn-

104 2434 149 2471 riu
172 2435 308 2475 osrsxnxr
325 2419 457 2473 Douixus
480 2415 570 2469 -Ut
597 2420 692 2470 autem

104 2486 173 2544 dicit
197 2492 391 2559 Augustinus:
410 2510 424 2540 n
441 2488 501 2543 Nou
516 2485 695 2557 negligenter

102 2563 334 2686 Ermterenndum
352 2565 405 2627 est,
422 2558 497 2630 quod
514 2573 547 2613 ex
563 2557 694 2639 omnihus

125 2629 148 2686 is
171 2633 328 2700 sententiis,
349 2633 452 2704 quibus
479 2646 532 2711 pos
557 2631 694 2686 Dominus

103 2716 186 2759 oraro
197 2704 343 2776 prmcopit,
354 2719 418 2760 eam
448 2706 605 2758 otissimnm
619 2717 694 2757 com·

102 2774 295 2831 mendandam
311 2791 372 2830 esse
384 2775 416 2844 ju
439 2772 531 2840 icarit,
547 2789 610 2843 uum
627 2787 692 2843 per-

102 2841 174 2898 tinet
188 2845 225 2900 ad
240 2844 436 2900 remi-sionem
452 2849 643 2914 peccatorum,
659 2842 689 2898 in

102 2928 158 2983 qua
169 2914 601 2981 nosmisericordesessevolnit,
615 2914 693 3040 Quod

101 2998 192 3039 unum
204 2985 404 3040 estconsilium
420 2983 550 3039 miserias
565 3001 616 3040 era
639 3001 691 3041 en·

101 3051 189 3111 di.1n
215 3054 292 3111 nulla
311 3054 387 3110 enim
410 3053 552 3110 sententia
571 3055 611 3110 sic
626 3072 690 3112 ora-

101 3140 175 3196 mus,
195 3133 226 3182 ut
253 3125 333 3196 quasi
352 3124 531 3197 paciscamur
556 3141 620 3183 cum
645 3143 688 3183 eo.

98 3197 225 3258 Dicimus
236 3200 312 3255 enim
326 3215 332 3252 :
344 3200 457 3253 Dianitte
466 3198 602 3267 uobis,....
619 3200 690 3254 sieut

99 3282 126 3332 et
140 3289 188 3329 nos
200 3272 368 3327 dimittimus
388 3269 557 3325 debitoribus
576 3273 688 3338 nostris,

99 3347 131 3404 in
146 3359 202 3414 qua
219 3345 350 3416 pactione
373 3340 396 3397 sl
416 3339 583 3410 mentimur,
604 3340 689 3398 totius

97 3415 236 3475 orationis
266 3414 360 3471 nullus
383 3418 427 3469 est
450 3413 557 3469 fructus
572 3430 579 3468 :
595 3434 610 3464 o
629 3413 690 3470 hac

100 3491 285 3555 Auoustiaus.
325 3485 404 3542 Unde
435 3490 500 3557 post
531 3483 689 3541 orationem

99 3557 303 3629 subjungitur:
319 3560 356 3613 Et
366 3573 426 3613 eum
435 3556 546 3612 stabitis
558 3556 596 3611 od
610 3573 691 3612 orua-

98 3631 165 3685 dum
179 3630 321 3695 dimittite,
341 3632 367 3684 si
385 3630 454 3699 quid
471 3628 576 3683 habetis
591 3628 689 3683 adoer-

96 3715 143 3757 sus
157 3701 288 3768 aliquem,
309 3704 340 3754 ut
353 3705 378 3754 et
392 3703 475 3755 Pater
490 3705 577 3755 uester
595 3701 645 3769 qui
659 3703 690 3755 ia

98 3772 173 3827 colis
185 3775 235 3836 est,
247 3770 371 3826 dimittat
382 3771 458 3826 uobis
466 3775 579 3842 peccota
587 3776 688 3827 oestro.

98 3841 178 3898 Unde
193 3839 233 3896 nit
251 3840 477 3909 Glirpsostomus:
494 3863 508 3894 «
525 3841 590 3898 ideo
606 3841 690 3898 coelo·

96 3928 160 3970 runi
176 3917 203 3967 ol
218 3910 310 3967 Patris
319 3912 458 3980 meminit,
473 3918 504 3968 ut
516 3913 611 3969 exhoe
624 3929 689 3985 pro-

97 3988 179 4041 rocet
202 3982 371 4038 auditorem,
388 3983 461 4039 Nihil
477 3983 554 4039 enim
573 3983 686 4041 italico

98 4054 237 4113 assimilat
263 4052 337 4109 sicut
363 4053 497 4124 iujuriam
517 4053 688 4113 iacientibus

96 4126 255 4199 ignoscere.
287 4124 495 4180 luconveniens
520 4132 563 4182 est
590 4132 685 4183 autem

98 4201 122 4257 si
149 4198 214 4255 talis
237 4195 329 4255 Patris
354 4194 430 4251 silius
444 4194 566 4252 existens
590 4197 687 4255 feralis

98 4270 231 4342 eflicitur,
246 4275 276 4329 et
296 4268 334 4327 ad
352 4266 456 4326 coelum
470 4271 585 4326 vocatos
599 4272 687 4328 terre·

751 432 819 472 num
833 415 984 488 quemdam
995 422 1024 472 et
1032 416 1097 472 vitce
1107 416 1352 490 nnjnsproprtau

753 488 838 544 habet
854 503 988 544 sensum:
1017 509 1031 537 »
1049 488 1110 545 haec
1126 490 1349 562 curassemus·

752 561 784 616 Si
807 561 879 614 euim
908 559 1082 625 dimiseritis,
1105 576 1160 616 noo
1191 554 1348 619 retinendo

751 645 912 697 rancorem,
929 645 986 685 non
1000 631 1161 701 appetendo
1177 631 1345 696 vindictam,

752 702 908 757 homiuibus
920 708 1034 783 peccota
1059 719 1161 771 eorum,
1182 703 1276 762 scilicet
1302 702 1344 759 in

752 788 803 828 ros
830 788 993 840 commissa,
1017 774 1141 830 dimittet
1159 776 1232 831 eoois
1255 779 1344 832 Pota

752 849 841 899 vester
853 845 968 900 ecelesiis
982 845 1085 901 delicto
1100 850 1199 902 vestro.
1211 849 1341 904 Sioutem

751 932 806 971 riou
827 916 991 971 dimiseritis
1009 918 1179 986 hominibus,
1200 922 1343 975 necantes

752 992 840 1042 cester
862 988 991 1043 dimittet
1015 989 1093 1043 eolis
1117 995 1339 1060 peccotooestra.

752 1060 828 1114 Bene
847 1057 917 1115 dicit
935 1064 1036 1127 oestro,
1061 1058 1129 1130 quia
1148 1060 1207 1117 nec
1223 1068 1261 1118 est
1273 1059 1341 1117 sola

752 1129 880 1201 operatio
896 1129 1020 1186 hominis
1031 1135 1059 1186 et
1071 1131 1224 1203 possessio,
1234 1132 1342 1189 scilicet

751 1207 913 1273 peecatum
929 1200 959 1257 in
974 1201 1079 1258 malum
1096 1202 1172 1259 euim
1187 1210 1271 1276 potest
1281 1215 1344 1276 per

752 1288 793 1341 se,
807 1289 863 1328 non
879 1273 908 1328 iu
923 1274 1040 1330 bonum.
1053 1276 1123 1331 Ecce
1137 1275 1191 1341 lex,
1207 1292 1223 1330 o
1240 1276 1344 1352 bouq,

753 1343 803 1399 tibi
818 1360 836 1400 a
850 1343 972 1400 Domino
987 1345 1080 1416 posita
1097 1351 1151 1401 est.
1167 1345 1194 1402 Si
1208 1348 1275 1403 euim
1291 1344 1349 1402 dr

753 1414 876 1484 miseris,
897 1415 1055 1472 dimittetur
1073 1416 1141 1483 tini;
1161 1417 1184 1473 si
1204 1434 1265 1474 xero
1277 1424 1352 1473 uon

752 1486 906 1555 dimiseris,
921 1503 974 1544 nec
997 1486 1155 1545 dimittetur
1175 1489 1235 1546 tibi.
1259 1483 1357 1546 code

752 1558 908 1629 Cyprianus
922 1577 930 1614 :
944 1581 959 1610 ι(
970 1560 1120 1616 Excusalio
1132 1559 1208 1617 enim
1220 1560 1266 1617 tibi
1276 1552 1364 1617 uul‘

749 1627 778 1684 la
793 1627 848 1685 erit
868 1629 898 1685 in
921 1629 968 1686 die
982 1630 1092 1701 judicii,
1108 1647 1172 1687 eum
1188 1626 1370 1688 secunlutfl

750 1704 829 1756 tuam
856 1700 1026 1758 senteutiam
1039 1701 1187 1773 iudiceris,
1212 1708 1239 1760 et
1263 1719 1322 1786 quo
1332 1677 1384 1775 Δ,

751 1771 851 1827 leceris
879 1773 933 1828 lioe
960 1772 1021 1844 ipse
1049 1773 1178 1844 patieris.
1195 1795 1209 1824 »
1236 1775 1282 1831 Ubi
1306 1764 1383 1829 ἄ

751 1844 980 1911 chrysostomus:
997 1864 1011 1898 «
1028 1845 1096 1899 Post
1112 1844 1258 1917 impletam
1275 1834 1384 1902 ors

750 1913 836 1971 tionis
859 1914 1125 1972 formulamnullius
1138 1903 1384 1988 prorsusmffl

750 1985 810 2041 dati
825 1985 966 2055 meminit,
981 1985 1037 2043 uisi
1050 1986 1131 2044 istius
1144 2004 1200 2058 quo
1217 1994 1290 2045 certe
1300 1984 1384 2045 aa

750 2056 877 2113 dandum
903 2074 956 2113 nos
974 2059 1087 2114 reniam
1114 2059 1275 2117 concitavit.
1293 2060 1334 2116 Ais
1371 2046 1384 2089 ³

749 2128 853 2199 quippe
869 2131 921 2186 :Si
935 2130 1098 2185 dimiseritis
1114 2132 1270 2188 hominibus
1280 2142 1371 2203 pecs

748 2205 811 2255 cota
825 2216 927 2267 eorum,
942 2201 1063 2257 dimittet
1077 2203 1188 2258 etooois
1199 2206 1281 2259 Pater
1292 2222 1334 2259 cu·
1343 2210 1384 2281 ζ

749 2272 825 2327 lestis
847 2278 960 2342 peccato
979 2278 1079 2328 oestro.
1096 2275 1196 2345 ltaque
1222 2274 1335 2331 anoliis
1363 2278 1385 2305 ²

748 2346 808 2398 tota
827 2342 888 2398 lime
910 2359 957 2400 res
980 2345 1066 2400 sumit
1088 2344 1248 2415 exordium,
1263 2345 1334 2402 lutu-

748 2429 868 2486 rumque
882 2414 917 2470 do
932 2415 1014 2471 nobis
1033 2415 1062 2472 in
1080 2423 1180 2472 nostra
1190 2421 1235 2473 est
1258 2426 1333 2500 potc-

747 2490 819 2541 state
830 2486 980 2556 judicium.
993 2489 1033 2543 Ne
1044 2486 1120 2544 enim
1134 2488 1180 2543 rel
1191 2487 1337 2546 irrationa-

747 2556 812 2612 bilis
831 2557 982 2640 quispiam,
1002 2563 1051 2615 aut
1073 2558 1103 2614 in
1124 2575 1230 2630 magno
1245 2560 1337 2632 aliquo

747 2633 797 2683 aut
815 2627 844 2683 in
862 2646 962 2701 exiguo
984 2630 1086 2687 delicto
1109 2630 1145 2686 de
1157 2630 1269 2703 judicio
1289 2632 1337 2689 lici

747 2699 881 2771 conqueri
905 2706 1011 2773 posset,
1039 2703 1132 2774 ipsum
1146 2718 1230 2760 reum
1245 2705 1338 2761 Domi·

747 2786 814 2827 num
822 2770 899 2828 illius
913 2772 1050 2829 iecitesse
1063 2773 1227 2832 sententiae.
1239 2776 1339 2843 Quem·

747 2841 912 2912 admodum,
938 2843 1040 2915 inquit,
1061 2850 1091 2901 tu
1114 2845 1175 2917 ipse
1191 2846 1339 2918 judicave-

746 2912 796 2981 ris,
812 2913 852 2970 ita
867 2915 917 2971 tim
932 2917 1018 2971 etiam
1035 2915 1182 2987 judicabo.
1205 2918 1235 2975 Si
1261 2919 1336 2975 onim

746 2983 888 3042 dimiseris
902 3002 1039 3042 conservo
1055 2993 1115 3055 tuo,
1132 3004 1209 3045 ame
1224 3005 1336 3062 quoqne

746 3058 875 3113 eamdem
886 3057 1337 3130 gratiamconsequerislitcerte

745 3143 927 3199 nequaquam
937 3128 1013 3185 istud
1024 3132 1134 3201 aequale
1146 3135 1190 3186 est
1203 3149 1210 3187 ε
1221 3138 1251 3189 tu
1262 3133 1338 3189 enim

745 3199 877 3269 remittis,
887 3216 950 3256 eum
960 3199 1022 3272 ipse
1037 3217 1152 3273 quoque
1166 3204 1338 3261 remissione

745 3270 890 3342 indigeas3
906 3274 980 3328 Deus
995 3288 1146 3340 vero,cum
1159 3274 1268 3332 nullius
1278 3292 1337 3332 um·

745 3357 829 3413 quam
845 3342 981 3413 indigeat,
996 3342 1136 3416 ignoscit;
1154 3351 1185 3402 tu
1200 3362 1338 3404 conservo

744 3412 875 3483 remittis,
903 3416 978 3473 [leus
996 3431 1095 3485 serro;
1118 3422 1147 3473 et
1169 3422 1201 3474 tu
1224 3417 1339 3490 quidem

745 3483 823 3541 mille
837 3492 1019 3558 peccatorum
1034 3503 1110 3556 reus,
1127 3489 1203 3544 Deus
1215 3504 1285 3547 vero
1303 3491 1338 3547 ali

744 3557 822 3612 omni
845 3562 960 3630 peccato
989 3562 1149 3616 extraneus.
1178 3561 1214 3617 Et
1231 3566 1337 3627 tamen,

745 3625 786 3682 sic
804 3644 917 3711 quoque
932 3630 1136 3687 abundantiam
1149 3631 1275 3704 propriae
1288 3632 1338 3689 mi·

745 3700 898 3757 secationis
928 3700 1062 3758 ostendit.
1083 3704 1145 3769 Quo
1165 3718 1225 3759 non
1252 3703 1338 3776 igitur

745 3768 823 3841 digni
833 3771 970 3843 supplicio
984 3771 1102 3841 erimus,
1116 3789 1181 3830 cum
1195 3774 1248 3831 tali
1261 3773 1337 3832 enim

744 3856 762 3898 a
788 3844 846 3898 Deo
860 3848 999 3914 potestate
1016 3845 1133 3913 donata,
1158 3844 1214 3972 ipsi
1238 3846 1338 3904 salutis

745 3913 1166 3988 uostraeellicimurproditores
1190 3917 1337 3985 Quomodo

745 3986 841 4041 autem
869 3984 979 4043 inaliis
998 4004 1051 4043 nos
1078 4003 1097 4044 a
1122 3989 1181 4045 Deo
1207 3987 1335 4047 exaudiri

744 4071 890 4127 rogamus,
912 4072 983 4185 im
1005 4058 1139 4140 nolimus,
1159 4059 1230 4116 dum
1247 4075 1335 4141 penes

745 4143 799 4184 nos
811 4133 865 4195 est,
878 4144 915 4185 no
937 4136 1091 4202 ismetipsrs
1107 4132 1248 4202 parceret
1260 4130 1334 4188 Nihil

744 4199 876 4270 estquod
889 4199 930 4257 sic
945 4200 995 4258 Dei
1008 4201 1116 4258 similes
1125 4208 1212 4273 atque
1223 4203 1335 4260 consor

744 4285 809 4328 mes
818 4286 872 4329 nos
882 4270 978 4344 saciat,
991 4279 1022 4330 ut
1036 4272 1171 4347 malignis
1184 4278 1274 4349 atque
1290 4274 1335 4332 lae·
