2790 4912
83 275 131 336 112
470 275 580 331 tutum
606 275 723 332 rtnttt
750 273 854 329 elcut
881 270 933 326 XX

84 399 177 453 sumo,
193 398 251 440 non
272 397 323 439 ros
342 381 420 450 lallo,
438 397 496 438 non
537 397 668 439 raesumo.
726 395 817 462 spem,
828 376 911 434 multi
925 374 1121 449 decipiuntur,
1133 377 1289 451 etpceniteu·

84 454 190 513 Fidelis
200 454 272 511 bene
283 453 380 510 vivens
395 398 587 509 securusssinc
598 453 669 521 exit3
725 452 1195 532 tramquamexspectantmonoe
1216 520 1223 532 ε

84 526 243 609 baptizatus
270 524 306 581 ad
333 525 434 580 horam
463 539 578 581 securus
604 524 671 580 hinc
726 526 782 579 tur.
798 521 877 603 Unde
887 521 1195 602 ‚chrysostomuszellr
1242 526 1290 580 tut·

84 602 155 665 ent;
169 611 257 667 agens
270 594 465 668 poenitentiam
479 595 515 650 ad
528 594 670 663 ultimum,
726 597 787 650 tum
803 593 908 663 decipit
925 591 1067 660 homines,
1124 598 1220 648 antum
1234 607 1293 653 raus

84 672 114 725 et
127 666 337 736 reconciliatus,
352 665 374 722 si
392 681 508 722 securus
522 667 589 721 hinc
603 665 670 735 exit,
726 680 792 738 spes
807 661 1034 754 longiorisuvitae.
1050 683 1066 714 u
1108 662 1163 720 nde
1177 665 1293 746 Augusti·

84 753 210 810 egenen
229 754 290 793 sum
311 752 437 793 securus.
455 737 535 792 Unde
554 752 671 793 securus
725 751 777 793 uus
790 755 799 790 ε
812 757 827 786 «
843 733 1067 806 bxpertrsumus
1077 734 1295 807 multosexptras·
1333 762 1337 769 ·

85 823 160 879 sum,
177 814 207 864 et
232 809 268 864 do
295 807 492 876 securitatem
510 809 586 864 unde
612 824 671 863 non
726 823 768 875 se,
784 810 979 879 exspectantes
992 804 1184 863 reconciliari.
1200 826 1215 856 »

84 894 148 937 sum
167 894 293 947 securus,
309 878 506 950 poenitentiam
522 879 590 935 dare
605 894 670 951 pos·
761 879 967 946 deurrnnrns
974 893 1296 935 rsurusrsournnrmm·

84 966 159 1020 sum,
175 950 356 1006 securitatem
379 950 446 1006 dare
466 966 522 1006 non
542 966 669 1021 possum.
725 946 1295 1030 resnou-iltpositoquodhomocettttt

84 1023 146 1079 tion
160 1020 235 1090 dico,
250 1020 446 1090 damnabitur;
462 1021 512 1077 sed
528 1038 581 1078 nee
595 1020 670 1090 dico,
726 1026 801 1076 esset
825 1020 860 1076 de
888 1023 947 1076 vita
972 1019 1069 1091 longe,
1097 1019 1192 1077 adbuc
1215 1024 1296 1079 uun

82 1091 669 1161 liberabitur.VistedubioliberaretVis,
725 1091 893 1165 poenitentia
905 1106 963 1147 non
976 1095 1053 1148 esset
1067 1106 1159 1163 usque
1177 1090 1214 1147 ad
1231 1106 1295 1148 sene·
1345 1114 1347 1121 ·

83 1164 162 1236 quod
190 1163 327 1219 incertum
354 1169 413 1231 est,
440 1163 585 1221 evadere?
612 1165 671 1234 Age
725 1167 830 1219 ctutem
846 1167 875 1218 et
889 1161 999 1219 senium
1015 1161 1228 1234 prolonganda;
1273 1162 1280 1174 '

85 1235 294 1306 poenitentiam,
311 1237 376 1291 dum
394 1250 535 1291 sanuses.
552 1234 671 1292 sienim
724 1240 793 1290 tunc
813 1232 928 1315 invalidi
947 1237 1015 1290 sunt
1030 1232 1162 1291 homines
1179 1176 1296 1291 stiffi

83 1305 146 1378 ogis
163 1322 259 1363 veram
277 1305 484 1379 peonitentiam,
502 1307 569 1362 dum
584 1322 671 1362 sanus
725 1321 796 1373 rem,
812 1309 841 1360 et
857 1305 900 1359 rix
915 1320 945 1360 ιιι
961 1305 1006 1361 his
1022 1303 1155 1361 aetadbus
1170 1311 1294 1377 reperitur

85 1392 128 1446 es,
144 1382 172 1434 et
198 1376 338 1433 invenerit
365 1383 393 1433 te
421 1377 591 1433 nouissimus
611 1376 671 1433 dies
726 1375 857 1448 quis,qui
868 1391 898 1432 se
911 1391 929 1432 o
941 1374 1065 1447 peccatis
1077 1391 1141 1447 quae
1154 1375 1292 1445 consuerit,

84 1454 245 1505 currentem
256 1454 288 1505 ut
298 1447 538 1516 reconcilieris35i
550 1447 669 1529 sieagis,
724 1447 827 1503 evellat
853 1462 905 1518 per
931 1445 1140 1519 poenitentiam.
1167 1447 1293 1519 Optimum

84 1534 202 1577 securus
226 1536 267 1590 es,
283 1519 349 1589 quia
373 1519 455 1590 egisti
477 1519 670 1591 penitentiam
725 1534 793 1590 ergo
809 1517 969 1586 consilium,
983 1533 1095 1575 summa
1108 1518 1293 1590 prudentia,et

85 1605 118 1646 eo
133 1594 273 1662 tempore,
289 1606 345 1662 quo
361 1595 388 1646 et
411 1606 527 1661 peccare
544 1589 668 1660 potuisti.
725 1592 847 1645 maxima
860 1588 1040 1661 providentia
1054 1588 1083 1644 in
1097 1589 1153 1645 hoe
1170 1588 1291 1656 consistit,

85 1661 115 1721 Si
127 1666 221 1717 autem
236 1668 301 1717 tunc
312 1663 353 1717 vis
365 1677 448 1732 agere
462 1661 670 1734 poenitentiam,
725 1666 755 1717 ut
767 1676 818 1733 per
834 1676 928 1716 reram
943 1659 1158 1729 contritionem,
1170 1665 1199 1717 et
1210 1674 1293 1733 puram

83 1732 197 1803 maudo
209 1733 269 1802 jam
284 1747 402 1802 peccare
420 1749 477 1788 non
497 1740 588 1803 potes,
624 1749 669 1789 ec·
724 1747 758 1787 ac
777 1731 944 1812 integralem
968 1730 1194 1799 contessionem,
1212 1735 1240 1788 et
1255 1745 1292 1804 per

83 1807 189 1860 catate
204 1804 381 1872 dimiserunt,
396 1819 455 1859 non
475 1808 504 1859 tu
527 1803 584 1859 illa.
603 1748 670 1859 ssuae
724 1801 946 1859 satisfactionem
964 1801 1147 1884 condignam,
1160 1803 1244 1858 homo
1259 1816 1292 1858 se·
1338 1784 1345 1875 Ι

83 1888 130 1930 res
145 1878 222 1941 sunl,
237 1879 286 1929 aut
302 1873 456 1944 ignoscitur
470 1873 532 1941 tibi,
548 1880 669 1930 autnon
726 1890 780 1930 nus
799 1880 827 1930 et
843 1873 924 1930 lortis
943 1888 974 1929 se
992 1873 1136 1945 disponat,
1154 1877 1293 1945 cunctaque
1341 1886 1344 1929 t

83 1941 250 2013 ignoscitur.
267 1944 347 2009 Quod
361 1944 464 1999 borum
479 1944 528 1999 tibi
545 1944 581 2000 sit
595 1945 669 2000 lutu·
726 1944 819 2013 noxia,
833 1960 897 2001 eum
909 1959 927 2001 a
939 1943 1031 2001 salute
1043 1948 1153 2001 aeterna
1167 1945 1294 2001 retrubsn·
1342 1948 1344 1959 '

82 2028 158 2082 rum,
173 2029 225 2083 ego
241 2013 346 2069 nescio.
364 2016 437 2084 Ergo
453 2014 563 2070 dimitte
577 2015 669 2071 incer·
723 2016 764 2072 tia
789 2032 822 2073 ac
846 2014 1032 2088 impedientia
1058 2015 1203 2088 projiciat,
1225 2020 1252 2072 et
1272 2028 1295 2071 st

81 2087 154 2154 tum,
163 2090 191 2139 et
206 2089 273 2139 tene
285 2090 393 2141 certum
408 2101 415 2139 ε
428 2105 442 2134 »
460 2086 519 2141 brec
532 2088 668 2156 Augusti·
726 2086 828 2158 'ugiter
842 2086 920 2143 omni
933 2091 1062 2158 tempore
1073 2086 1114 2143 sic
1126 2082 1296 2155 teneatue

81 2170 143 2212 nus.
160 2154 226 2211 ideo
246 2161 341 2211 autem
362 2158 538 2224 Augustinus
557 2157 669 2213 dubitat
720 2103 808 2214 lindie
823 2158 867 2214 rel
884 2173 957 2226 cras,
971 2157 1015 2213 rel
1030 2157 1067 2214 ad
1084 2157 1197 2229 lougius
1214 2158 1296 2214 iubat

81 2225 117 2282 de
131 2225 176 2282 bis
187 2226 234 2297 qui
246 2225 387 2298 poenitent
401 2226 429 2282 in
445 2227 590 2296 extremis,
601 2228 668 2299 quia
723 2230 892 2301 septimana,
922 2228 1099 2285 discessurus
1127 2229 1166 2285 sit
1192 2229 1228 2286 de
1256 2229 1298 2286 boc

80 2297 152 2354 tales
167 2297 261 2368 potius
272 2296 401 2354 uidentur
412 2298 551 2381 pcenitere
565 2299 667 2356 timore
723 2301 840 2356 mundo.
858 2302 890 2355 ln
909 2306 1034 2357 extremo
1049 2299 1155 2372 quippe
1170 2299 1236 2357 uitae
1250 2313 1298 2357 sua

79 2382 182 2441 poenae,
198 2385 284 2441 quam
303 2384 400 2426 amore
411 2370 540 2441 Justitiae,
557 2376 585 2426 et
604 2371 667 2427 ideo
722 2371 1299 2445 potesthomopoenitere,quiausquetunc

80 2455 178 2497 eorum
192 2441 361 2512 poenitentia
374 2441 485 2498 videtur
498 2442 665 2499 essedubia.
722 2448 816 2513 potest
860 2459 970 2511 eccere,
985 2447 1014 2498 et
1036 2459 1104 2515 ergo
1127 2458 1218 2514 usque
1244 2447 1301 2499 tunt

79 2511 141 2567 tion
164 2527 231 2584 ergo
258 2513 354 2569 tardes
378 2513 421 2569 rel
449 2513 621 2582 dissimules,
639 2513 667 2568 in
722 2519 816 2586 potest
847 2513 1009 2586 epeccatis,
1023 2529 1075 2596 per
1087 2513 1215 2596 divinam
1229 2513 1302 2595 mise⁴

78 2581 200 2639 sanitate
223 2583 419 2654 poeniteutiam
441 2601 543 2655 agere,
560 2591 588 2641 et
611 2584 666 2640 cito

81 2652 189 2722 peceati
212 2670 283 2710 onus
307 2655 459 2726 deponere.
481 2656 563 2724 Quia,
579 2662 609 2712 ut
628 2656 668 2712 ait

77 2724 263 2803 augustinus,
279 2724 397 2781 stultum
416 2730 460 2781 est
475 2728 504 2782 iu
526 2728 573 2782 illo
592 2732 667 2784 statu

79 2808 184 2861 rivere,
200 2793 229 2848 in
246 2809 301 2864 quo
322 2795 385 2865 quis
406 2813 463 2852 non
482 2797 568 2853 audet
582 2800 664 2854 mori.

78 2864 114 2918 Et
127 2862 262 2918 audacior
276 2869 329 2932 est,
341 2865 388 2935 qui
404 2882 467 2921 cum
481 2884 536 2923 uno
551 2879 666 2938 peccato

80 2933 193 2988 mortali
208 2933 416 3005 dormit,quam
425 2937 471 3008 qui
481 2953 545 2992 cum
558 2944 667 3009 septem

76 3002 216 3060 hostibus.
246 3004 326 3075 Saepe
359 3006 474 3076 quidem
499 3009 666 3078 promittunt

78 3073 133 3131 sibi
159 3074 291 3131 homines
317 3075 404 3133 vitam
428 3077 553 3149 longam,
573 3096 606 3135 ex
632 3098 666 3137 eo

78 3145 156 3218 quod
171 3152 236 3203 sunt
247 3148 379 3218 Juvenes,
392 3149 436 3205 vel
449 3150 531 3207 bonae
545 3152 666 3222 comple·

79 3216 183 3287 xionis,
205 3224 254 3276 aut
279 3219 381 3290 tortes3
412 3221 570 3278 nescientes
599 3223 666 3294 quid

77 3298 286 3362 superventura
300 3292 393 3365 pariat
415 3293 487 3362 dies,
502 3309 554 3349 nee
574 3300 665 3351 atten-

77 3360 177 3419 dentes
192 3364 267 3443 quod
283 3380 347 3420 raro
363 3363 427 3436 quis
441 3365 561 3421 moritur
574 3371 664 3423 morte

76 3433 211 3500 naturali,
223 3434 274 3489 sed
288 3435 453 3506 frequenter
468 3453 501 3492 ex
514 3437 666 3493 accidenti·

78 3501 131 3558 bus
148 3519 155 3557 :
172 3509 240 3573 puta
259 3504 349 3574 febre,
364 3513 550 3578 apostemate,
567 3513 595 3564 et
612 3509 664 3565 hu-

73 3571 212 3643 jusmodi,
221 3573 262 3628 vel
277 3578 449 3654 quandoque
460 3587 551 3634 morte
562 3579 666 3650 impre

723 2583 885 2653 ricordiam,
901 2585 1303 2657 consequruemem,quiam1·

722 2655 877 2712 sericordia
892 2658 941 2712 Dei
958 2655 1045 2712 vincit
1058 2656 1218 2713 humanam
1232 2655 1304 2712 mali·

722 2725 801 2782 tiam.
812 2727 866 2783 Sed
881 2727 945 2783 talis
959 2726 1128 2799 poenitentia
1140 2727 1235 2797 tarda,
1245 2741 1304 2785 raro

722 2803 765 2853 est
780 2814 846 2854 veru
861 2803 889 2854 et
903 2799 1062 2867 fructuosa,
1078 2797 1145 2870 quia
1160 2798 1190 2854 in
1205 2814 1241 2855 ea
1254 2812 1306 2856 nou

722 2869 843 2926 habetur
868 2869 1029 2926 distinctiva
1052 2873 1081 2925 et
1104 2869 1252 2927 sulliciens
1275 2868 1306 2926 de

722 2946 838 3012 peccato
861 2939 1049 3012 displicentia.
1073 2940 1212 2998 Contritio
1235 2939 1307 2997 enim

722 3011 867 3067 sufficiens
891 3011 1046 3082 requiritur
1062 3011 1139 3083 quod
1163 3017 1308 3084 peccatum

722 3083 897 3150 dimittatur;
917 3083 968 3139 sed
982 3084 1138 3139 vehemens
1156 3082 1266 3153 passio,
1282 3085 1309 3139 et

723 3153 1308 3234 dolorinpartesensitiva,qualemhabent

722 3225 911 3281 communiter
927 3224 969 3281 illi
992 3223 1024 3281 iu
1051 3224 1170 3282 articulo
1198 3227 1308 3296 mortis,

723 3294 841 3366 impedit
860 3295 889 3351 in
909 3295 1063 3366 poenitente
1078 3312 1162 3352 usum
1177 3295 1307 3364 rationis,

722 3383 757 3423 ne
771 3369 843 3423 bene
857 3367 995 3424 deliberet
1007 3368 1042 3423 de
1055 3367 1191 3439 peccatis.
1204 3370 1244 3424 be
1254 3383 1310 3440 poe·

723 3437 844 3493 nitentia
857 3454 925 3509 ergo
938 3438 1076 3511 inJunctu,
1088 3442 1138 3495 aut
1150 3437 1308 3496 voluntarie

722 3514 878 3580 assumpta,
891 3511 994 3581 gaude,
1009 3514 1038 3566 et
1050 3512 1107 3566 beo
1123 3510 1233 3592 gratias
1247 3525 1307 3583 age,

743 3580 769 3635 ui
784 3586 810 3635 te
825 3581 860 3636 ad
872 3580 1001 3637 eamdem
1013 3580 1138 3638 decrerit
1151 3581 1310 3638 misericor·

76 3640 666 3777 visaetcasuabmttamencrediturguod
721 3596 796 3706 giler
819 3657 998 3734 exspectare;
1023 3669 1081 3709 non
1107 3651 1146 3708 sis
1168 3652 1307 3734 ingratus,

98 3712 318 3772 urlrbetrnstatu
328 3719 436 3775 meliori
447 3720 578 3777 moritur.
612 3722 666 3777 ude
721 3722 789 3792 quia
808 3723 978 3779 hodiernum
997 3723 1073 3780 diem
1090 3723 1190 3792 habes,
1207 3740 1238 3780 tn
1254 3739 1308 3796 quo

104 3799 157 3852 ugo
170 3785 315 3841 desoluto
333 3792 442 3845 Victore
457 3811 466 3846 ε
483 3813 497 3842 «
514 3792 666 3848 Sciendum
721 3793 884 3864 corrigaris.
906 3794 971 3850 Heri
992 3795 1084 3850 malus
1107 3794 1203 3864 luisti;
1224 3795 1308 3851 hodio

75 3854 151 3925 quod
165 3857 327 3927 necjustus,
336 3876 387 3915 nee
404 3861 517 3934 impius,
526 3880 576 3919 nec
584 3879 664 3935 puer,
721 3865 813 3921 bonus
825 3871 897 3921 esto.
910 3865 1067 3922 Considera
1078 3864 1216 3937 quoniam
1229 3864 1308 3922 multi

79 3939 132 3980 nec
147 3940 232 4006 senex
245 3933 319 4008 ‘ante
340 3930 488 3989 solvuntur
503 3951 520 3989 a
536 3951 665 4006 corpore,
721 3936 806 3991 modo
823 3936 993 4006 moriuntur,
1003 3935 1115 4009 quibus,
1128 3937 1150 3993 si
1166 3952 1224 3995 unu
1238 3938 1309 3994 hora

75 4002 229 4078 quamnsrnt
244 4014 273 4053 tn
288 3999 335 4055 rtlo
349 4007 453 4072 puncto
465 4004 610 4074 bonitatis,
623 4005 665 4062 vel
721 4007 757 4063 ad
771 4007 912 4078 agendam
927 4008 1121 4079 poenitentiam
1137 4008 1307 4065 concedere·

77 4067 206 4137 mahtim,
223 4069 396 4140 ultraquam
417 4073 445 4154 si¹
461 4091 573 4146 semper
587 4076 665 4132 vire·
720 4085 777 4146 tur,
794 4095 856 4150 quae
873 4078 924 4134 tibi
941 4095 1077 4136 concessa
1092 4084 1146 4148 est,
1164 4079 1308 4152 quomodo

79 4141 154 4208 rent,
173 4156 328 4213 numquam
356 4148 511 4201 transirent
532 4163 538 4201 :
567 4166 580 4198 o
604 4149 666 4204 haec
720 4164 772 4221 per
785 4150 897 4218 altaria,
911 4157 939 4207 et
956 4166 1042 4221 quam
1059 4150 1229 4208 festinanter
1243 4167 1307 4208 eur·

79 4210 171 4281 Hugo.
186 4213 242 4270 Sed
253 4219 369 4287 propter
381 4231 483 4272 vanam
496 4217 588 4290 longae
601 4218 665 4276 vita
720 4227 826 4291 rerent,
836 4227 865 4278 et
876 4221 926 4292 ibi,
937 4221 1016 4279 tlexis
1030 4221 1162 4294 genibus,
1171 4221 1216 4280 vel
1231 4226 1307 4280 certe
