2790 4912
76 282 123 340 δω
413 276 523 330 rllllll
550 275 670 329 Plltrls
696 275 812 328 ullor·
827 269 959 326 XXXVII

80 387 160 445 dicas
176 387 253 458 :Ego
277 384 364 441 istum
382 382 497 439 beatum
517 381 663 438 hominem
715 379 791 452 quod
805 380 977 458 reverterer.
989 368 1202 438 Sihaeosentis,
1216 367 1237 424 si

82 460 216 531 putabam
234 460 262 513 et
276 454 427 512 eruditum.
444 454 594 509 Erexeram
612 470 662 510 au·
715 450 842 522 loqueris
856 445 965 519 aliquid
972 460 1026 528 per
1034 451 1064 501 te
1080 442 1245 522 proiectum
1320 464 1325 524 s

82 546 140 599 res,
155 527 307 585 destitutus
321 541 401 582 sum:
417 523 488 580 nihil
508 523 575 593 vidi,
591 524 662 581 nihil
717 522 790 580 llalo
806 521 938 593 ignoscas
962 521 1020 574 otro
1043 530 1111 573 meo
1134 528 1245 586 quami
1270 578 1276 589 .

83 600 177 659 audivi
194 599 269 673 quod
286 594 533 670 concupiscerem,
563 597 607 653 vel
625 596 662 653 ad
717 595 807 653 deas:
826 613 840 646 u
857 593 920 649 hec
932 591 1048 648 Senem.

630 797 759 856 ORATIO

120 967 239 1027 Domine
266 973 335 1027 Jesu
362 967 482 1038 Christe,
502 967 551 1040 qui
576 965 659 1023 nohis
685 964 715 1022 in
743 964 876 1046 omnihus
901 961 1035 1036 operibus
1062 956 1235 1041 tuisnhumili

86 1041 246 1113 exemplum
264 1039 423 1106 ostendisti,
437 1055 471 1096 ac
495 1054 596 1096 vanam
618 1042 646 1094 et
664 1037 776 1094 inanem
792 1037 911 1108 gloriam
929 1036 1027 1105 lugere
1049 1030 1181 1093 docuisti,
1279 1098 1283 1103 Ι

86 1129 143 1181 me,
156 1128 264 1183 quaeso,
283 1111 360 1168 intus
388 1117 416 1167 et
436 1111 504 1168 loris
527 1117 625 1166 contra
645 1109 763 1165 insidias
789 1106 940 1180 superbiae,
954 1110 987 1162 ut
1003 1100 1231 1186 nulluspateatl
1278 1178 1281 1184 Ι

86 1183 211 1240 inimicis
236 1183 338 1240 auimae
353 1198 435 1250 mere,
448 1189 476 1239 et
499 1182 536 1238 da
550 1180 620 1237 mihi
639 1184 670 1237 ut
688 1179 717 1236 in
734 1180 924 1251 eleemosyna,
941 1183 1083 1243 oratione,
1096 1188 1215 1245 Jepumo,
1228 1168 1285 1229 eti

87 1255 196 1312 cunetis
222 1255 304 1311 honis
328 1254 461 1325 operibus
481 1253 595 1310 laudem
611 1253 776 1321 humanam,
789 1257 819 1308 et
836 1248 935 1306 muudi
956 1249 1082 1305 favorem
1100 1259 1157 1326 nou
1172 1254 1290 1317 quamq.

86 1327 136 1383 sed
152 1342 222 1398 pure
237 1332 353 1409 propter
373 1324 423 1381 Dei
446 1324 578 1451 floriam,
594 1327 623 1380 et
636 1322 756 1395 proximi
775 1320 994 1378 edificationem
1018 1333 1053 1374 aa
1078 1316 1189 1384 faciam,
1204 1329 1247 1371 nes
1255 1311 1290 1379 tas

89 1397 132 1456 eis
146 1413 280 1469 umquam
290 1396 414 1454 inaniter
426 1412 444 1467 g

456 1396 546 1453 oriam
559 1410 741 1468 praesumam,
756 1410 793 1450 ne
811 1392 970 1450 mercedem
989 1389 1035 1449 hic
1049 1386 1198 1459 recipiens,
1211 1385 1236 1440 in
1249 1383 1289 1441 hi

86 1475 151 1526 turo
165 1484 232 1526 vera
249 1469 379 1526 mercede
400 1483 513 1525 merear
526 1465 667 1536 evacuari,
684 1472 712 1522 et
725 1464 908 1522 nihilominus
925 1463 1017 1537 poenis
1033 1458 1151 1517 eternis
1168 1452 1278 1529 deputed
1294 1496 1306 1527 ,-

80 1542 180 1598 Amen.

542 1823 678 1898 CAPUT
692 1821 850 1897 XXXVII

211 2034 355 2081 seruulus
371 2036 401 2081 Ili
428 2034 530 2081 honre
548 2033 750 2081 cohrmuu'rlo
768 2035 777 2081 ἰ
799 2034 838 2078 DE
855 2030 1003 2078 emmone
1021 2030 1175 2077 nomeu.

552 2198 678 2257 llalthaei
692 2215 754 2273 cap.
763 2201 809 2255 VI.

125 2410 134 2444 1
156 2385 303 2444 Onnmorus
322 2388 461 2444 Doumrcn
481 2404 670 2444 menenensis.

86 2487 117 2500 —
139 2461 216 2515 luter
237 2464 332 2515 cetera
358 2464 453 2516 autem
480 2474 542 2530 quae
557 2460 593 2515 de
608 2475 672 2516 ora·

87 2527 164 2586 tione
185 2530 328 2598 dicuntur,
351 2530 442 2588 oratio
464 2530 612 2588 Dominica
632 2530 673 2587 in-

88 2601 246 2671 terseritur,
267 2617 330 2672 quur
345 2602 440 2658 multis
458 2618 489 2658 ex
506 2602 598 2658 causis
610 2617 673 2658 ura-

88 2671 214 2729 tionihus
237 2675 338 2729 ceteris
363 2673 515 2741 antecellit,
538 2674 670 2729 scilicet:

12 2744 16 2751 '
86 2744 256 2800 auctoritate
270 2744 404 2813 doctoris,
419 2744 486 2816 quia
504 2744 592 2817 ipsius
611 2743 671 2802 Sal-

85 2814 266 2894 vatorisnore
295 2816 407 2895 prolata
436 2817 505 2883 luit;
531 2815 671 2872 brevitate

86 2898 237 2950 sermonis,
254 2900 320 2954 qum
342 2886 423 2941 facile
437 2886 550 2955 dicitur,
565 2893 593 2943 et
616 2887 671 2943 cito

86 2955 254 3032 profertum
282 2955 451 3011 sufficientia
482 2956 670 3028 petitionum,

88 3036 154 3092 quia
173 3023 321 3092 utriusque
343 3025 407 3079 vitae
426 3026 551 3081 continet
572 3046 670 3084 neces-

83 3094 178 3174 saria3
208 3098 236 3148 et
256 3094 439 3151 loecnuditate
460 3097 670 3167 mysteriorum,

85 3179 152 3234 quia
171 3180 310 3220 immensa
333 3165 458 3222 continet
482 3176 669 3226 sacramenta.

84 3236 162 3294 Unde
178 3239 384 3306 chrysostomus
402 3256 410 3292 :
430 3238 598 3296 «Dominus
618 3243 670 3298 suh

84 3309 251 3381 compendio
264 3309 415 3365 verborum
435 3310 553 3366 formam
569 3311 669 3368 orandi

83 3381 199 3437 madeus
210 3379 366 3452 discipulis,
378 3386 407 3437 el
418 3397 557 3438 summam
571 3388 600 3440 el
614 3383 669 3439 sul·

84 3450 237 3508 licienliam
251 3452 376 3508 omnium
392 3454 590 3524 petendorum,
609 3460 669 3510 tum

84 3520 315 3592 beatitudinum,
345 3528 404 3579 tum
438 3525 579 3581 donorum
607 3540 668 3581 om·

86 3591 177 3659 nium,
192 3593 321 3651 videlicet
340 3595 376 3650 ad
395 3593 481 3651 vitam
499 3601 668 3667 praesentem

85 3662 242 3718 etluturam
252 3665 452 3734 pertinentium
462 3667 666 3739 complectitur.

85 3731 116 3810 ln
133 3730 186 3787 hac
198 3734 334 3791 orationis
350 3736 470 3794 formula
490 3738 583 3794 hrevis
598 3755 667 3810 pau·

86 3805 157 3881 citas
168 3810 210 3883 est
218 3807 379 3875 verborum,
389 3809 438 3864 sed
449 3808 593 3865 sullieiens
601 3826 667 3866 eon·

84 3874 667 4004 irnenlraomuiumpetendoruminomni

84 3949 212 4023 oratione
228 3953 348 4017 spiritua
359 3949 428 4006 ioris
451 3956 479 4007 et
497 3952 664 4008 sanctioris:

85 4028 191 4084 quises
199 4032 248 4073 ore
262 4019 398 4075 Altissimi
406 4023 553 4093 processit,
562 4026 591 4079 et
600 4022 668 4094 quia

84 4090 255 4157 petunturel
270 4087 452 4148 includuntur
465 4092 494 4149 iu
505 4109 549 4161 ea,
561 4110 623 4165 quae
638 4094 667 4150 in

85 4156 665 4222 omnihusaliisorationihuseontinentur.

82 4226 106 4285 0
123 4245 208 4301 quam
225 4229 318 4286 fidelis
343 4231 405 4288 haec
429 4240 457 4288 et
483 4235 567 4292 beata
583 4235 667 4294 nobis

725 2387 816 2444 oratio
834 2391 887 2457 est,
903 2386 984 2458 eujus
1006 2384 1138 2442 ordinem
1158 2379 1273 2465 nobisllu

725 2465 787 2515 ctor
797 2459 874 2527 vilae,
889 2474 922 2514 ac
936 2455 1069 2529 Magister
1091 2457 1206 2512 ccelesiis
1221 2453 1273 2508 ium

725 2530 797 2587 luit!
828 2531 916 2598 Quam
944 2527 1020 2585 beati
1049 2526 1136 2584 etiam
1163 2541 1216 2582 non
1234 2533 1275 2600 ml

724 2617 885 2673 possumus,
903 2600 927 2657 si
947 2600 1031 2671 hujus
1055 2597 1192 2656 orationis
1212 2597 1276 2674 Dum*

725 2672 898 2730 nicae'verha
913 2687 971 2728 non
995 2674 1107 2726 tantum
1127 2668 1217 2726 ultlcio
1231 2677 1276 2743 om,

725 2745 775 2801 sed
791 2743 877 2800 etiam
895 2741 1069 2798 fidelissime
1085 2737 1278 2797 conversations

725 2820 789 2871 actu
808 2813 966 2871 servemusl
984 2815 1062 2869 Hanc
1077 2812 1174 2884 itaque
1187 2812 1280 2866 lormtu
1319 2808 1325 2873 l

725 2885 861 2942 Dominus
876 2883 1021 2956 discipulis
1041 2883 1101 2940 suis
1123 2884 1159 2940 ad
1174 2891 1281 2965 spemsqe

724 2957 793 3013 lulis
807 2959 941 3013 humanae
954 2953 1054 3011 orandi
1067 2956 1213 3010 constituit
1225 2970 1232 3008 ε
1242 2962 1283 3007 uu·

724 3044 807 3084 versa
821 3027 977 3099 igiturque
993 3026 1102 3082 lidciac
1112 3024 1196 3082 saluti
1205 3029 1284 3080 noem

724 3104 789 3155 suut
804 3098 965 3155 necessaria
983 3097 1014 3153 in
1025 3098 1079 3152 hac
1090 3096 1228 3153 brevitate
1241 3106 1285 3151 ort·

723 3169 809 3226 tionis
823 3169 976 3227 Dominicae
993 3167 1198 3224 continentur:
1216 3186 1230 3217 u
1245 3167 1289 3221 huo

725 3243 940 3311 chrysostomus.
956 3243 996 3297 De
1012 3239 1184 3295 sullicientia
1197 3247 1290 3318 quoqu}

723 3311 805 3369 istius
823 3311 960 3369 orationis
987 3309 1157 3379 benedictae,
1173 3310 1214 3366 sic
1240 3307 1292 3363 mut

723 3385 897 3452 Aupustiuus
908 3401 914 3441 :
925 3405 940 3434 u
950 3383 1143 3453 Quaecumque
1155 3380 1212 3437 alio
1223 3377 1294 3436 serit

723 3454 861 3524 dicamus,
876 3469 939 3536 que
963 3454 1080 3510 atlectus
1110 3451 1221 3509 orantis
1249 3450 1293 3531 lor

723 3531 791 3594 mot,
807 3526 846 3582 nil
860 3524 937 3581 aliud
949 3524 1078 3592 dicimus,
1092 3539 1179 3594 quam
1194 3520 1298 3594 quodu

723 3596 778 3654 ista
792 3597 923 3653 oratione
938 3594 1086 3652 [lominica
1108 3594 1237 3666 positum
1255 3596 1299 3670 cst,

723 3668 746 3724 si
759 3672 834 3725 reete
849 3672 878 3723 et
891 3670 1081 3738 congruenter
1093 3678 1222 3722 oramus.
1238 3666 1301 3720 Etsi

723 3754 775 3811 per
800 3738 897 3794 omnia
922 3736 1117 3810 precationum
1146 3741 1304 3794 sanctarum

721 3809 972 3878 verbodiscurras,
985 3807 1054 3864 nihil
1083 3806 1215 3864 inuenies
1234 3803 1304 3878 quod

721 3879 750 3937 in
769 3883 821 3937 ista
835 3879 962 3936 oratione
983 3877 1130 3936 Dominica
1149 3895 1207 3935 nun
1222 3875 1305 3935 conti

722 3957 838 4020 neatur;
854 3950 983 4023 quisquis
994 3955 1090 4007 autem
1105 3949 1135 4005 id
1151 3946 1307 4022 dicitquod

722 4023 757 4079 ad
781 4022 863 4079 istam
885 4021 1082 4093 Evangelicsm
1103 4036 1221 4093 precem
1244 4035 1306 4093 per·

722 4094 814 4150 tinere
841 4110 900 4150 non
923 4092 1023 4166 possit,
1052 4092 1211 4149 carnaliter
1234 4093 1307 4159 orat,

722 4165 797 4292 Ἱυοά
818 4165 914 4222 nescio
943 4163 1086 4236 quomodo
1115 4179 1176 4220 non
1199 4162 1309 4220 dicatur

721 4236 729 4291 i
743 4235 828 4305 licite,
843 4236 956 4307 quaudo
967 4239 1082 4293 renatos
1098 4233 1238 4292 Dominus
1251 4247 1308 4290 non
