2790 4912
101 347 135 402 tt)
495 348 605 402 latura
632 345 751 401 staats
779 348 883 402 clrur
908 350 944 401 lx

101 471 151 527 per
168 471 229 510 sum
245 471 303 524 eqo,
319 460 345 511 et
359 457 389 510 in
402 454 552 517 laboribus,
568 453 693 523 ejuren-

101 532 160 584 tute
174 543 243 582 meu.
258 525 308 582 llic
327 542 395 598 ergo
415 525 589 581 damnantur
608 525 692 594 hujus

102 597 199 655 mundi
216 599 340 654 honores
353 613 386 654 ae
400 611 523 668 pompae,
539 600 568 651 et
582 594 691 651 vanita-

102 672 185 735 tates,
196 668 321 740 itemque
335 667 443 725 deliciae
457 683 490 723 ac
504 665 648 734 mollities,
663 669 692 722 et

101 739 197 796 carnis
212 738 428 807 delectationes;
448 738 564 814 insuper
584 736 690 793 divitiae

100 810 329 878 etabundantiae,
338 827 370 867 ac
379 809 598 883 superfluitates.
611 809 690 865 Unde

101 882 269 937 Ansctmus:
285 882 331 938 «0
344 881 468 937 amanda
477 887 506 936 et
521 879 690 936 admiranda

101 951 241 1034 dignatio!
259 955 333 1010 Deus
347 952 494 1008 immensae
508 950 617 1022 gloria,
630 967 691 1007 rer-

100 1039 155 1080 mis
182 1022 403 1096 contemptibilis
425 1022 487 1079 lieri
514 1039 571 1078 non
593 1022 692 1093 despe-

100 1094 182 1162 xisti;
213 1095 349 1152 Dominus
377 1093 514 1162 omnium,
538 1109 691 1150 conservus

101 1181 239 1238 apparere
260 1164 389 1222 voluisti!
408 1168 510 1221 Parum
531 1163 581 1221 tibi
599 1165 690 1220 risum

100 1243 144 1294 est
160 1253 256 1308 parem
272 1236 355 1293 nobis
369 1253 442 1304 esse,
454 1241 482 1291 et
495 1236 691 1291 fraternoster

99 1324 163 1365 esse
180 1309 313 1381 dignatus
329 1325 369 1364 es.
384 1311 419 1364 Et
436 1313 477 1375 tu,
492 1305 611 1363 Domine
627 1306 690 1362 uni·

100 1395 259 1461 versorum,
276 1379 323 1461 qui
337 1380 442 1435 nullam
459 1379 548 1434 babes
562 1377 691 1459 indigen-

99 1454 179 1519 tram,
195 1451 271 1507 inter
283 1467 345 1522 rpsa
359 1450 515 1507 nativitatis
530 1454 586 1505 tuae
597 1449 688 1519 initia,

100 1537 158 1578 non
181 1521 317 1579 horruisti
341 1522 541 1594 abjectissimae
567 1536 690 1592 pauper·

100 1592 166 1649 tatis
179 1594 330 1663 degustare
347 1593 538 1649 incommoda.
556 1594 590 1647 Ut
602 1592 697 1662 enim,

98 1662 140 1721 ait
155 1664 312 1735 Scriptura,
332 1663 383 1720 tibi
401 1679 457 1719 non
477 1662 614 1731 nasceris,
631 1678 690 1718 uon

100 1734 155 1792 erit
182 1735 261 1791 locus
280 1734 309 1790 in
335 1732 504 1802 diversorio,
527 1749 580 1789 nec
600 1749 688 1790 cuna·

100 1805 177 1872 bula,
193 1822 255 1877 qnae
276 1804 496 1862 teneritudinem
516 1809 594 1860 tuam
611 1803 687 1861 aeci-

97 1882 210 1949 perent,
227 1875 366 1943 habuisti,
383 1876 474 1932 sedin
487 1874 533 1931 rili
548 1875 687 1948 praesepio

98 1947 240 2004 sordentis
260 1947 374 2015 stabuli,
389 1952 420 2002 tu
440 1946 489 2019 qui
503 1953 610 2003 terram
625 1948 686 2019 pal·

98 2034 144 2075 mo
169 2017 325 2086 concludis,
351 2018 496 2074 insolutus
514 2017 686 2088 panniculis,

98 2088 252 2146 reclinatus
273 2105 317 2157 es;
335 2095 363 2145 et
384 2090 438 2146 boc
457 2088 549 2160 ipsum
565 2090 686 2146 abrutis

95 2159 279 2228 animalibus,
295 2166 387 2216 mater
397 2164 552 2217 luamuluo
565 2160 684 2232 accepit.

96 2230 308 2300 Consolamini,
335 2230 545 2299 consolamini,
578 2231 625 2314 qui
656 2231 683 2288 in

96 2302 230 2359 sordibus
242 2302 418 2374 paupertatis
432 2301 686 2374 enutrimiu1,quia

96 2373 243 2431 vobiscum
272 2380 315 2430 est
344 2376 419 2431 Deus
447 2375 475 2430 in
506 2380 683 2445 paupertate.

96 2447 159 2503 Non
173 2446 259 2501 cubat
272 2446 302 2500 in
323 2445 433 2502 deliciis
449 2444 591 2516 splendidi
606 2446 685 2503 cubi·

96 2517 146 2585 lis;
167 2533 215 2573 nec
242 2520 384 2573 inuenitur
409 2520 439 2572 in
463 2523 538 2573 terra
560 2520 685 2573 suaviter

94 2592 256 2646 viventium.
286 2588 358 2656 Quid
390 2586 475 2658 igitur
504 2587 683 2660 gloriaris,0

95 2659 186 2728 dives,
213 2676 259 2716 res
285 2660 362 2716 lutea
384 2658 412 2715 in
442 2659 588 2716 volutabro
618 2658 683 2716 lecti

94 2730 162 2803 picti
178 2737 206 2786 et
223 2730 347 2798 delicati,
362 2745 425 2785 eum
441 2732 497 2786 Rex
513 2746 613 2801 regum
631 2747 682 2787 suo

94 2801 234 2867 recubitu,
251 2805 406 2857 stramenta
423 2817 579 2872 pauperum
594 2801 681 2857 bone-

95 2877 172 2929 stare
185 2871 334 2928 maluerit?
344 2870 415 2938 Quid
426 2872 498 2927 dura
507 2877 597 2928 strata
607 2873 683 2929 dete·

94 2941 191 3010 staria,
202 2958 266 2998 cum
278 2948 359 2998 teuec
372 2942 543 3007 infantulus,
560 2941 589 2998 in
600 2945 682 3012 cuius

97 3029 184 3070 manu
199 3019 266 3069 sunt
280 3011 377 3068 omnia
389 3028 488 3082 regna,
503 3013 560 3068 tuis
572 3013 681 3082 sericis,

94 3083 217 3157 plumeis
231 3082 321 3149 lectis,
331 3083 417 3139 duras
428 3084 624 3155 jumentorum
635 3084 682 3140 sti-

93 3154 175 3282 pulas
198 3152 502 3227 praelegendum
525 3157 680 3211 anselmus.

119 3226 175 3282 nde
184 3232 213 3283 et
226 3226 403 3282 Bernordus:
420 3248 434 3278 κ
447 3228 507 3284 Non
522 3227 684 3283 consolatur

93 3296 196 3355 Christi
213 3297 332 3354 infantia
347 3297 491 3368 garrulos;
508 3313 565 3353 non
584 3314 684 3354 conso-

92 3367 188 3426 lantur
200 3368 304 3428 Cbristi
315 3369 445 3442 lacryma}
461 3368 680 3437 cachinnantes;

93 3455 149 3497 uon
163 3443 347 3497 consolantur
361 3440 446 3512 panni
460 3441 522 3510 eius
536 3441 683 3497 ambulan-

92 3511 680 3579 tesinstolis3nonconsolanturstabulum

92 3586 121 3637 et
135 3597 262 3653 praesepe
277 3586 405 3638 amantes
417 3582 523 3653 primas
531 3582 681 3639 cathedras

91 3650 122 3707 iu
137 3651 297 3724 synagogis.
314 3652 500 3722 Vigitaunnus
517 3652 679 3724 pastoribus

92 3723 278 3779 annuntiatur
302 3724 436 3793 gaudium
464 3724 545 3792 lueis,
567 3729 595 3780 et
622 3724 679 3780 illis

92 3791 196 3850 dicitur
215 3809 277 3849 esse
295 3800 392 3850 natum
407 3795 592 3862 Salvatorem,
607 3810 677 3866 pau·

92 3864 207 3935 peribus
220 3870 305 3935 atque
316 3865 520 3934 laborantibus,
530 3882 587 3921 nou
600 3865 677 3923 vobis

91 3935 235 4003 divitibus
252 3933 299 4006 qui
316 3940 437 3991 vestram
453 3935 564 3992 habetis
575 3953 676 3993 conso·

92 4005 240 4073 lationem,
255 4022 313 4061 non
329 4005 464 4063 divinam.
480 4027 494 4060 n
509 4010 542 4063 Et
552 4007 674 4064 iterum:

91 4095 106 4130 n
126 4076 257 4133 Nascitur
273 4076 322 4133 Dei
338 4076 440 4145 Filius,
460 4077 489 4133 in
505 4079 584 4150 euius
599 4078 676 4135 arbi·

91 4146 147 4204 trio
164 4153 226 4203 erat
246 4147 444 4219 quodcumque
464 4149 547 4205 vellet
570 4149 675 4221 eligere

90 4223 218 4301 tempus;¹
239 4217 325 4289 elegit
347 4219 423 4346 ‹puod
450 4220 598 4277 molestius
620 4225 675 4292 est,

89 4296 250 4362 prasertim
267 4305 353 4362 parsu
366 4306 394 4360 ο,
410 4296 439 4347 et
457 4291 591 4363 pauperis
612 4307 675 4349 ma·

60 4546 108 4634 ι..

747 452 800 508 tris
815 453 884 522 lilio,
900 470 963 526 qua
978 452 1022 509 vix
1037 468 1150 524 pannos
1167 452 1289 509 baberet
1302 451 1340 508 ad

747 522 960 593 involvendum,
982 540 1110 596 praesepe
1132 523 1169 580 ad
1190 523 1338 579 reclinan-

748 595 826 652 dum.
842 598 876 652 Et
892 613 956 652 cunr
975 601 1056 652 tanta
1073 601 1148 652 esset
1167 593 1337 660 necessitas,

747 667 856 724 nullam
892 667 980 723 audio
1008 666 1070 723 lteri
1105 666 1224 738 pellium
1253 681 1336 720 meu-

747 737 854 794 tiouem
870 756 877 794 :
893 737 1022 795 Christus
1033 737 1130 807 utique
1140 736 1187 808 qui
1205 752 1267 793 non
1283 736 1336 792 lal-

747 808 825 879 litur,
834 809 921 882 elegit
934 809 1011 880 quod
1021 809 1100 864 carni
1117 807 1266 864 molestius
1281 811 1335 863 est.

747 879 778 936 ld
793 897 862 952 ergo
882 881 993 950 melius,
1009 879 1036 936 id
1060 878 1167 946 utilius,
1183 879 1212 935 id
1235 878 1337 950 potius

746 951 921 1022 eligendum,
939 956 968 1008 et
986 950 1114 1022 quisquis
1129 949 1205 1006 aliud
1220 949 1335 1017 doceat,

746 1023 791 1078 rel
805 1023 935 1091 suadeat,
951 1023 987 1079 ab
1006 1038 1039 1078 eo
1054 1027 1198 1092 tamquam
1217 1037 1234 1077 a
1249 1020 1336 1076 sedu-

746 1097 824 1150 etore
846 1094 1012 1150 cavendum.
1029 1096 1063 1148 Et
1089 1098 1196 1158 tamen,
1219 1092 1336 1158 iratres,

746 1163 807 1291 &³⁰
823 1171 866 1222 est
878 1165 1034 1237 promissus
1049 1163 1117 1219 olim
1137 1179 1187 1234 per
1203 1162 1310 1218 isaiam
1327 1179 1334 1215 :

770 1237 885 1293 arvulus
896 1238 990 1292 sciens
1005 1235 1160 1306 reprobare
1171 1234 1291 1300 malum,
1308 1238 1337 1289 et

746 1306 851 1379 eligere
864 1309 980 1364 bouum.
999 1306 1103 1362 Malum
1119 1321 1187 1376 ergo
1203 1305 1336 1386 voluptas

746 1379 874 1450 eorporis
897 1384 955 1446 est;
978 1379 1084 1434 bonum
1108 1391 1187 1445 vero,
1214 1375 1335 1431 alllrctio

746 1456 799 1506 est.
817 1449 962 1521 Siquidem
975 1456 1004 1505 et
1017 1450 1091 1504 banc
1102 1447 1198 1517 elegit,
1209 1451 1239 1503 et
1254 1445 1336 1502 illam

746 1520 910 1593 reprobarit
920 1523 994 1576 Puer
1008 1519 1133 1591 sapiens,
1149 1519 1277 1575 Verbum
1293 1516 1337 1573 in-

745 1592 820 1661 laus,
836 1609 901 1649 caro
914 1591 1021 1648 scilicet
1034 1591 1161 1659 infirma,
1172 1587 1336 1645 infantulus

744 1666 836 1734 tener,
858 1679 925 1720 earo
943 1661 1036 1719 omnis
1052 1660 1159 1718 laboris
1176 1662 1334 1731 impotens,

744 1734 838 1791 omnis
860 1752 876 1792 o
898 1733 955 1790 eris
969 1732 1130 1806 impatiens.
1147 1735 1245 1803 ltaque
1257 1731 1333 1802 jam,

744 1805 866 1862 carnalis
876 1751 972 1871 Kome,
984 1804 1049 1876 luge
1061 1805 1233 1874 voluptatem
1244 1800 1335 1883 squia

743 1876 836 1959 posita
863 1882 906 1934 est
921 1892 998 1932 mors
1025 1891 1106 1932 secus
1135 1874 1335 1954 delectationis

743 1948 903 2005 introitum.
931 1949 989 2019 Age
1017 1945 1231 2019 poenitentiam,
1262 1959 1335 2015 qura

742 2019 884 2091 perillam
901 2017 1110 2090 appropinquat
1124 2030 1253 2088 reguum.
1272 2016 1335 2070 lloc

742 2091 883 2147 stabulum
904 2089 974 2146 illud
997 2088 1153 2162 praedicat3
1180 2088 1234 2142 hoc
1258 2101 1334 2158 prae

742 2178 809 2243 sepe
824 2162 943 2229 clamat;
960 2162 1013 2216 boc
1031 2160 1160 2215 membra
1169 2157 1218 2214 illa
1236 2156 1332 2213 iulan-

742 2233 803 2289 tilra
830 2232 994 2314 manifeste·
1007 2230 1176 2287 annuntiant
1185 2247 1197 2310 ;⁴
1213 2229 1269 2285 hoe
1292 2227 1333 2284 la·

1145 2317 1162 2342 (7

739 2320 845 2431 tlte
860 2307 1042 2432 ,titali
1056 2299 1331 2451 dillaff'biffiqss

739 2446 812 2503 sicut
839 2446 962 2502 Verbum
987 2461 1052 2501 caro
1082 2443 1184 2500 lactum
1210 2447 1265 2509 est,
1290 2446 1332 2497 ita

739 2532 874 2574 carneum
889 2517 941 2572 siat
950 2521 978 2572 et
988 2533 1038 2572 cor
1050 2531 1143 2572 meum
1156 2515 1163 2570 l
1180 2511 1330 2585 Siquidem

738 2594 767 2645 et
780 2589 834 2644 hoe
853 2587 996 2659 pollicitus
1011 2604 1043 2644 es
1065 2603 1116 2659 per
1130 2586 1306 2712 prophetam
1321 2599 1328 2638 :

737 2661 884 2728 Auserem,
905 2658 1047 2730 inquiens,
1065 2674 1129 2713 evo
1149 2660 1234 2712 tscor
1255 2657 1331 2727 tupi·

737 2732 827 2789 deum.
841 2735 867 2785 et
886 2731 957 2785 dubo
980 2731 1057 2786 uobis
1076 2746 1121 2785 cer
1144 2742 1273 2783 cerneum
1286 2745 1296 2782 ε
1311 2748 1327 2776 n

738 2801 981 2859 haecBernordus.

773 2897 789 2947 9
805 2875 969 2931 Conuarmnr
983 2873 1115 2929 Cnarsrus
1135 2884 1327 2926 rsuranrarmr

736 2961 1054 3012 aanunu‚nuu1urrnrcn
1066 2958 1176 2998 srnaum
1190 2956 1327 2999 murare.

736 3033 977 3072 nourrncarrouau
1008 3030 1136 3070 conanus
1173 3026 1327 3068 usurario-

736 3105 826 3143 ruaus.
845 3119 876 3127 -
907 3085 1008 3144 Vidisti
1034 3090 1128 3141 ortum
1153 3079 1327 3139 sanctissimi

738 3157 898 3229 Principis3
925 3156 1020 3212 vidisti
1048 3156 1132 3212 simul
1159 3162 1187 3210 et
1212 3156 1328 3225 partum

738 3228 853 3300 Reginae
875 3227 1010 3296 coelestis,
1034 3232 1062 3283 et
1087 3226 1259 3295 inutraque
1282 3238 1329 3279 ar

737 3299 893 3356 ctissimam
908 3303 1105 3371 paupertatem
1115 3295 1263 3353 attendere
1277 3308 1329 3375 po-

736 3371 825 3428 tuisti.
843 3373 908 3427 llaec
924 3370 1014 3426 virtus
1033 3375 1076 3425 est
1096 3368 1145 3424 illa
1160 3365 1328 3437 evangelica

737 3441 902 3514 margarita,
916 3456 968 3512 pro
987 3457 1043 3511 qua
1062 3439 1183 3496 emenda
1200 3440 1229 3494 et
1245 3451 1326 3493 com·

735 3513 874 3584 paranda,
902 3511 998 3568 omma
1023 3516 1090 3568 sunt
1117 3507 1268 3566 vendenda
1297 3511 1326 3588 et

735 3584 840 3641 danda.
857 3586 972 3640 Haecest
987 3583 1075 3640 totius
1089 3579 1246 3652 spiritualis
1258 3577 1327 3635 aedr-

734 3654 790 3711 licii
819 3653 986 3726 primarium
1012 3653 1237 3710 tundamentum.
1258 3651 1326 3706 llaec

733 3732 777 3782 est
799 3742 812 3782 s
833 3724 953 3781 iritualis
976 3725 1022 3781 ria
1045 3723 1155 3792 salutis,
1176 3728 1325 3792 tamquam

732 3741 901 3852 humifitatis
925 3796 1153 3863 tundamentum,
1178 3797 1207 3850 et
1231 3790 1327 3874 perte·

731 3867 832 3924 ctionis
847 3867 936 3936 radix,
953 3868 1034 3938 cuius
1049 3870 1093 3923 est
1106 3865 1215 3921 tructus
1229 3861 1326 3944 multr-

730 3939 803 4010 plex,
820 3939 870 3995 sed
889 3938 1024 3995 occultus.
1043 3968 1072 3978 -
1093 3934 1212 3993 Potuisti
1234 3939 1325 3991 elram

730 4012 878 4066 attendere
892 4008 922 4066 in
934 4016 1055 4081 utroque
1069 4004 1324 4081 proluudissimam

730 4080 929 4137 bumilitatem.
944 4083 1004 4137 Non
1016 4079 1090 4136 enim
1100 4082 1165 4135 sunt
1176 4076 1323 4135 stabulum

730 4151 887 4223 dedignati,
898 4167 955 4209 non
968 4166 1106 4224 praesepe,
1122 4165 1180 4206 non
1201 4149 1322 4217 imnum,

730 4238 786 4279 non
799 4229 894 4280 cetera
907 4221 985 4291 vilia,
995 4223 1031 4279 ad
1043 4221 1168 4279 dandum
1178 4220 1263 4278 nobis
1277 4235 1324 4276 ex·

729 4293 994 4367 emplumperleetae
1005 4289 1184 4351 humilitatis.
1192 4291 1322 4351 Sinebac
