2790 4912
454 404 493 457 us
521 406 789 462 nusrouslrluun
816 406 941 460 utute.
1281 404 1312 457 23

80 502 222 578 nibnsque
237 507 267 563 in
286 509 430 566 communi
454 508 561 581 placuit
579 511 673 568 Domi·

85 587 153 632 num
177 592 263 650 super
283 579 339 636 hoc
364 595 427 637 esse
453 581 670 640 consulendum.

92 642 125 699 Et
147 648 244 728 ceteris
272 648 388 731 quidem
413 650 534 708 orationi
564 651 672 710 incum-

96 713 227 787 beamus,
243 720 371 777 Pontifex
384 737 416 778 ex
430 738 510 779 more
523 722 671 781 adconsu·

98 781 198 846 lendum
207 790 359 848 Dominum
368 793 497 850 amessit.
509 795 565 851 Nec
578 810 669 865 mora,

106 860 237 940 etcunctis
259 861 451 933 audientibus,
470 864 507 922 de
532 865 669 938 propitia-

106 929 158 1010 tom
178 929 238 989 loco
256 948 310 990 vox
328 934 404 991 facta
425 942 478 1003 est,
503 934 582 992 lsaiae
599 936 669 994 veti-

67 1054 69 1061 ,
110 1012 166 1056 nuo
256 1005 386 1086 [rendum
406 1021 481 1074 esse,
509 1005 554 1062 cui
583 1006 668 1080 Virgo

67 1086 70 1093 ·
111 1083 210 1153 omnen
296 1080 325 1132 et
353 1075 521 1148 desponsari
540 1078 667 1148 deberet,

111 1137 264 1226 ilauscrlicet
292 1162 300 1201 :
333 1148 498 1216 Epredietar
526 1152 607 1218 nirpa
635 1151 669 1206 de

113 1211 180 1268 rade
200 1216 283 1278 fasae,
303 1221 358 1274 ete.
379 1218 502 1276 Cunctos
522 1217 609 1291 igitur
632 1221 669 1278 de

66 1350 68 1355 Ι
112 1278 328 1368 donoetfamilia
340 1288 429 1370 [levid
444 1288 550 1363 nuptiis
558 1290 668 1348 habiles

66 1409 71 1421 ,
115 1362 330 1483 pon'coryugatos,
340 1375 435 1431 urges
448 1361 667 1420 suasadaltare

110 1429 362 1580 Jmilitriatjuufficiseru
392 1520 516 1560 rnonma.
545 1505 667 1560 -Erat

115 1568 179 1623 wan
201 1575 278 1651 mter
303 1576 415 1630 ceteros
438 1575 522 1631 homo
551 1574 667 1632 nomine

66 1692 73 1705 ,
112 1633 197 1713 loseph,
212 1654 260 1722 qm
277 1657 342 1698 cum
360 1643 469 1719 virgam
492 1660 572 1702 suam
592 1651 667 1702 attu-

112 1703 223 1776 faetet
245 1727 321 1795 rpsa⁸
335 1713 410 1772 illico
437 1717 538 1774 florem
565 1717 668 1789 germi-

112 1784 187 1848 unet,
203 1787 288 1854 atque
312 1800 342 1840 ru
367 1787 429 1859 ejus
452 1787 599 1845 cacumine
618 1803 666 1843 co·

111 1843 178 1930 daia
193 1851 228 1908 de
245 1853 317 1934 caelo
340 1857 458 1915 ueniens
479 1857 665 1927 consedisset,

109 1913 185 1988 lando
198 1926 330 1982 omnibus
343 1928 433 1998 patuit
450 1928 504 2001 ipsi
519 1928 665 1999 Virginem

109 1985 306 2061 fanneam
328 1997 398 2055 fore.
424 2000 503 2057 Unde
527 1997 558 2056 in
586 1999 666 2056 libris

110 2056 267 2150 llunerorum
294 2066 303 2122 l
342 2066 422 2139 tur,
452 2070 529 2142 qnod
555 2071 665 2142 Moyses

108 2139 302 2206 menapum
347 2156 415 2197 aron
433 2144 610 2211 perminasse,
627 2145 663 2206 et,

108 2202 248 2291 matilas
272 2213 400 2277 ommis,
427 2216 506 2282 peres
531 2215 662 2283 mpisse,

63 2272 69 2403 ι
107 2277 664 2426 ιιιιιιιιιιιιιιιιιιι

108 2413 217 2498 attera
225 2420 275 2476 Vir
295 2424 419 2503 oldaria,
432 2440 495 2497 quae
506 2425 596 2481 instar
610 2425 664 2481 vir-

106 2484 192 2610 izfifut
208 2506 285 2562 gracr
297 2508 321 2548 rs
339 2509 391 2565 per
409 2500 615 2568 paupertatem,
636 2501 663 2552 et

155 2557 208 2637 irlrs
234 2577 287 2644 per
311 2564 511 2636 humilitatem,
535 2571 564 2622 et
585 2572 663 2624 recta

108 2634 339 2744 wotennonem
354 2640 383 2692 et
408 2637 585 2694 charitatem.
606 2640 664 2695 lsta

127 2708 290 2786 sauromata
301 2708 346 2761 est
354 2710 468 2775 commis
480 2709 662 2777 tumentibus,

110 2769 192 2846 tendo
205 2775 307 2831 Frlrum
324 2777 374 2834 Dei
388 2777 417 2834 in
432 2783 513 2849 utero
531 2795 582 2836 suo
596 2795 663 2836 con·

112 2843 169 2909 illd,
180 2859 210 2900 ex
226 2861 284 2917 qua
298 2849 385 2905 flores
407 2848 544 2907 fructiferi
561 2865 663 2922 erupe-

110 2912 163 2975 ΝΜ,
179 2916 291 2998 quando
315 2919 365 2975 Dei
391 2919 489 2989 Filius,
511 2920 520 2976 i
541 2936 573 2978 sa
602 2937 662 2978 ma·

112 2983 171 3037 nante
185 3001 304 3059 urgrne,
320 2993 406 3047 natus
423 2990 485 3048 fuit.
530 3006 577 3048 am
592 2990 664 3048 sicut

111 3042 204 3137 lunen
225 3057 313 3139 violat
331 3061 474 3129 arborem,
494 3062 545 3119 sed
563 3067 662 3131 ornat;

109 3126 138 3170 ¹¹⁰
148 3120 184 3181 uo
199 3128 286 3186 Filrus
301 3146 360 3187 non
378 3131 494 3189 violavit
507 3132 663 3204 Virginem,

110 3187 231 3269 sldetegis
246 3200 330 3257 donis
346 3207 375 3258 et
388 3203 489 3274 gratiis
503 3203 662 3260 adornavit.

111 3254 156 3317 flue
169 3274 207 3325 est
220 3269 301 3352 virga
316 3278 391 3343 quae,
407 3275 563 3331 secundum
579 3276 665 3346 cary-

108 3336 238 3421 thuat,
255 3358 286 3398 rn
305 3343 489 3402 tabernaculo
510 3345 664 3402 testimonii

109 3409 185 3485 mla,
203 3427 268 3493 erne
291 3413 413 3473 humore
433 3420 517 3472 terrae
545 3416 665 3473 fructum

109 3481 166 3553 llus
179 3483 363 3563 germrnarit3
383 3486 451 3567 quia
471 3485 532 3543 sine
551 3486 604 3542 viri
621 3504 666 3544 se·

107 3552 170 3631 turre⁸
192 3552 293 3610 Frlrum
307 3555 422 3635 edida,
446 3557 494 3628 qui
521 3562 667 3629 tamquam

106 3625 146 3673 tux
155 3619 228 3749 lrgno
239 3625 379 3696 passronis
389 3628 519 3684 adhaesit.
535 3631 569 3685 ut
582 3630 667 3698 bene,

727 511 767 569 tia
781 517 810 569 et
824 512 943 570 raritate
952 530 959 581 ;
968 513 1021 569 flos
1035 512 1064 568 in
1098 509 1166 567 riori
1182 510 1314 568 taberna-

725 584 801 653 culo,
814 583 922 641 fructus
937 584 968 640 in
984 526 1127 649 secundm
1144 582 1198 638 flos
1214 579 1244 636 in
1261 582 1313 639 ob·

726 653 888 711 servatione
913 654 1070 712 carnalium
1095 650 1312 720 sacrificiorum,

725 725 833 783 fructus
847 725 877 781 in
892 724 1031 853 spirituali
1045 722 1233 794 intelligentia
1252 739 1312 795 my·

725 796 886 853 steriomm.
920 796 977 853 ient
989 794 1064 852 enirn
1077 794 1107 850 in
1120 795 1191 850 flore
1205 794 1314 851 fructus

725 866 941 996 praenuntiatur,
959 865 1000 923 sic
1019 864 1122 922 inillis
1144 864 1313 922 ceremoniis

747 937 853 995 hristus
865 943 1000 995 venturus
1011 936 1238 1008 significabatur.
1259 936 1313 992 Pa·

725 1013 766 1066 tet
783 1009 822 1066 ita
844 1025 878 1066 ue
899 1008 975 1080 quod
992 1008 1119 1066 Christus
1137 1009 1191 1064 flos
1208 1005 1314 1063 dicitur

724 1078 753 1136 in
767 1095 838 1152 prop
860 1078 933 1137 elica
942 1079 1053 1137 Veteris
1065 1077 1237 1136 Testamenti
1247 1092 1313 1149 pro·

725 1149 871 1220 missione,
894 1149 941 1223 qui
967 1156 997 1207 et
1013 1150 1120 1208 fructus
1138 1153 1256 1206 vocatur
1282 1147 1311 1204 in

724 1221 793 1278 Novi
813 1220 986 1279 Testamenti
1006 1221 1105 1293 gratiae
1123 1218 1309 1292 perfectione.

724 1291 780 1349 Sed
809 1291 880 1348 sicut
905 1292 1014 1348 fructus
1038 1308 1096 1349 non
1114 1294 1244 1373 apparet,
1272 1289 1311 1345 vi·

723 1366 805 1419 rente
832 1365 921 1429 flore3
945 1362 984 1418 ita
1006 1379 1058 1419 nec
1076 1360 1180 1419 Chmsti
1205 1359 1311 1417 veritas

723 1432 825 1506 patuit,
834 1432 941 1490 carnali
952 1431 1310 1502 observationemanen103

723 1509 872 1561 arescente
879 1519 947 1559 vero
963 1504 1045 1573 flore,
1054 1504 1164 1559 fructus
1176 1500 1289 1558 videtur
1304 1519 1312 1559 z

722 1575 801 1647 quia,
817 1574 966 1631 decidente
983 1575 1067 1646 Lege,
1084 1576 1179 1643 pratia
1193 1577 1220 1628 et
1237 1575 1310 1628 aea·-

723 1652 767 1703 tas
776 1663 828 1718 per
840 1648 932 1702 tesam
944 1646 1082 1703 damatam
1095 1647 1174 1713 sacta
1186 1647 1309 1701 tenetur.

759 1722 776 1774 ὅ
791 1719 978 1774 Dnsrorrsnrro
994 1718 1100 1774 iduma.
1114 1747 1149 1756 -
1162 1714 1246 1796 Virgo
1257 1713 1311 1796 ,igl-

722 1792 770 1845 tur
788 1787 901 1844 Domini
922 1803 986 1844 cum
1006 1784 1310 1860 quibusdam-rrrgrni·

721 1860 776 1916 bus
792 1857 974 1916 collactaneis
991 1857 1061 1928 suis,
1080 1872 1151 1930 ques
1168 1858 1205 1914 ob
1222 1855 1309 1913 mira·

721 1928 776 1987 culi
805 1929 1023 1999 ostensionem,
1052 1934 1081 1986 et
1119 1927 1238 2001 pudoris
1265 1926 1309 1984 sui

721 2000 880 2058 custodiam
899 2016 917 2057 a
936 2000 1084 2058 sacerdote
1104 2003 1254 2071 acceperat
1271 1998 1309 2055 ad

720 2072 836 2129 domum
850 2077 1000 2145 parentum
1016 2070 1046 2128 in
1060 2071 1309 2138 Nazareth,rerer-

720 2158 753 2200 sa
779 2147 833 2212 est,
862 2143 972 2200 habens
999 2157 1094 2199 secum
1120 2157 1200 2198 more
1224 2139 1308 2197 solito

720 2213 763 2271 sui
782 2212 900 2285 pudoris
915 2213 1048 2270 custodes
1067 2218 1096 2270 et
1118 2217 1216 2277 testes,
1245 2211 1307 2267 sine

719 2301 775 2357 quo
789 2299 944 2355 numquam
955 2283 1104 2357 processit.
1118 2282 1198 2338 Unde
1209 2284 1306 2338 fliero-

719 2371 837 2437 aymus:
852 2377 867 2406 u
881 2357 994 2413 cumea
1006 2369 1119 2427 semper
1130 2352 1306 2424 singularum

719 2431 855 2484 virtutum
882 2425 1019 2497 pudicitia
1045 2440 1139 2481 comes
1169 2422 1307 2480 irremota

720 2496 833 2578 mansit,
856 2497 923 2577 quia
947 2496 1064 2553 omnino
1090 2493 1305 2622 {udorindivi-

719 2567 793 2624 dnus
807 2566 962 2637 rrrgrnrtnti
981 2582 1044 2623 esse
1058 2565 1093 2621 de
1114 2569 1153 2634 et,
1172 2579 1235 2620 srne
1250 2578 1305 2635 quo

719 2637 835 2696 castitas
855 2652 923 2693 vera
945 2635 1052 2693 servari
1078 2651 1136 2691 non
1163 2638 1267 2707 potest.
1290 2655 1305 2684 a

719 2710 879 2778 Numquam
906 2706 993 2778 igitur
1013 2707 1098 2763 beata
1126 2704 1212 2762 Maria
1244 2704 1307 2760 sine

718 2777 836 2852 pudoris
848 2776 891 2835 sui
906 2778 1022 2835 custode
1034 2775 1186 2905 (processit.
1201 2775 1307 2847 loseph

719 2865 832 2978 guoque
856 2849 971 2906 secessit
994 2847 1032 2906 ibi
1054 2863 1111 2918 em,
1141 2852 1180 2917 et,
1208 2851 1307 2903 mutua

739 2919 940 2994 esponsatione
963 2920 1047 2990 facta,
1070 2917 1178 2977 recedit
1196 2917 1226 2975 in
1254 2918 1306 2974 do·

720 3007 798 3050 mum
828 3007 920 3061 suam,
953 3007 1018 3049 eam
1046 2989 1247 3064 dispositurus,
1278 2990 1307 3044 et

718 3062 825 3136 nuptiis
835 3061 995 3121 necessaria
1004 3059 1307 3135 provisurusfuitita·

719 3150 774 3206 que
784 3136 868 3192 beata
880 3134 964 3207 Virgo
975 3130 1305 3204 MariaJosephvirosuae

719 3205 809 3262 tribus
827 3205 1010 3278 desponsata,
1031 3203 1097 3277 qnia
1115 3201 1219 3259 mulier
1243 3199 1304 3257 viro

720 3275 836 3333 alterius
860 3276 952 3333 tribus
974 3277 1080 3332 nubere
1099 3289 1157 3330 non
1180 3275 1304 3344 poterat,

721 3346 833 3419 quando
854 3346 891 3402 ad
910 3347 1002 3472 igaam
1024 3343 1305 3423 hereditaspaterna

720 3417 891 3490 pertinebat.
940 3420 1005 3472 eata
1029 3419 1125 3471 autem
1146 3414 1232 3483 Vrrgo
1252 3410 1305 3467 furt

723 3488 807 3545 unica
826 3486 954 3545 toachim
974 3483 1046 3569 patri
1066 3500 1129 3553 suo,
1150 3482 1305 3541 succedens

723 3558 751 3615 in
765 3557 968 3627 hereditatem
980 3557 1044 3613 rdeo
1054 3571 1088 3613 ex
1100 3557 1173 3628 Lege
1188 3555 1306 3626 cogeba-

724 3636 771 3686 tur
796 3627 856 3685 viro
882 3644 941 3686 snae
965 3627 1057 3686 tribus
1073 3629 1191 3684 nubere.
1216 3624 1307 3681 Ambo

105 3697 161 3746 tunc
189 3709 233 3762 os,
248 3710 325 3752 nunc
337 3696 445 3755 fructus
458 3698 561 3755 dicitur
574 3699 668 3770 :qnia
724 3706 819 3757 autem
845 3699 880 3758 de
899 3699 999 3758 eadem
1026 3698 1103 3755 tribu
1128 3702 1220 3766 erant,
1239 3695 1308 3768 quia

101 3763 240 3844 &mudum
249 3765 437 3833 Ambrosiam,
448 3769 535 3826 veluti
548 3768 616 3826 boni
626 3786 670 3827 ar·
725 3773 809 3828 ambo
837 3786 855 3829 a
883 3771 972 3828 David
1002 3769 1230 3836 descenderant3
1258 3767 1309 3824 sed

99 3826 163 3889 lons
175 3834 283 3893 fructus
297 3853 348 3909 pro
361 3845 466 3895 nostrae
480 3839 591 3897 uirtutis
604 3856 670 3912 pro·
726 3841 814 3899 ttaria
828 3858 880 3915 per
893 3844 1015 3914 Nathan,
1028 3846 1056 3899 et
1071 3841 1177 3913 loseph
1192 3856 1244 3912 per
1258 3839 1309 3896 Sa·

96 3915 177 3986 assu,
191 3921 268 3963 nunc
277 3908 376 3991 floret,¹
386 3926 460 3966 nunc
475 3910 627 3968 fructifrcat
641 3911 672 3968 in
726 3912 877 3970 lamonem.
891 3916 926 3970 Et
940 3913 1005 3970 licet
1018 3912 1124 3984 ioseph
1133 3911 1219 3968 etiam
1230 3924 1311 3980 coge·

95 3974 184 4057 nobas,
197 3991 274 4033 nunc
288 3979 415 4037 redrvrva
434 3981 561 4054 corporis
575 3998 670 4039 resur·
725 3983 846 4040 retnrad
857 3980 1309 4048 matrimoniumcontrahendum,

93 4051 213 4129 rectione
232 4054 391 4129 reparatur.
416 4052 482 4133 ldeo
500 4052 586 4109 etiam
603 4053 671 4111 alibi
725 4056 881 4111 secundum
906 4054 1043 4129 temporis
1066 4053 1142 4111 illius
1169 4051 1309 4117 modum,

88 4116 148 4199 dns,
172 4117 241 4175 alrbr
270 4120 379 4178 fructus
400 4122 504 4179 drcrtur
525 4140 532 4178 ι
558 4124 624 4195 quia
642 4123 671 4179 in
725 4129 820 4181 tamen
841 4127 964 4184 habebat
978 4124 1171 4197 virginitatem
1188 4122 1217 4178 in
1234 4119 1309 4177 desi·

87 4193 234 4270 sinusque
244 4191 417 4274 Testamenti
429 4192 541 4266 paginis
553 4193 593 4250 ita
601 4210 672 4267 prae·
724 4196 804 4253 derio
824 4201 853 4253 et
874 4196 1032 4271 proposito,
1049 4195 1100 4252 sed
1118 4193 1248 4272 nondum
1261 4204 1309 4244 ex·

84 4260 206 4343 deame,
236 4261 292 4318 flos
319 4279 349 4319 ιιι
373 4264 477 4335 lrttera,
506 4264 614 4322 fructus
642 4265 672 4322 in
724 4274 866 4339 presserat
890 4268 920 4325 in
948 4272 1023 4324 roto.
1041 4264 1185 4323 Contraxit
1212 4267 1309 4338 ltaque

78 4334 201 4403 spantu3
219 4331 320 4389 flotin
339 4334 422 4408 tege,
436 4334 544 4391 fructus
564 4336 590 4391 in
608 4352 672 4410 gra·
725 4338 937 4396 matrimonium
956 4351 1020 4394 cum
1036 4334 1163 4406 Virgine,
1183 4332 1311 4388 commu-

998 4446 1284 4636 's
