2790 4912
468 107 557 216 IN
629 107 906 218 VITAM

170 473 499 648 insu
599 473 1233 648 canisii

518 966 862 1054 PROOEMIUM.

10 1247 81 1299 ²⁴⁴.-
156 1251 256 1310 ritimis
266 1270 463 1312 murinam
474 1254 663 1311 Cumanus.—

10 1330 81 1389 Ξςει
125 1313 291 1382 Minorem
316 1326 398 1381 aliud
420 1341 497 1381 nemo
510 1330 600 1397 potest
617 1341 664 1397 po·

10 1431 61 1469 :x-
78 1450 86 1473 ;
123 1396 203 1458 rau
213 1396 246 1453 ait
257 1396 418 1470 Apostolus,
432 1402 532 1468 prater
544 1396 576 1451 id
591 1395 664 1467 qaod

111 1466 206 1592 w
216 1473 251 1525 est
268 1488 277 1524 .·
294 1468 369 1540 quod
383 1474 423 1524 est
438 1469 563 1526 Cametas
574 1470 662 1524 lesus.

15 1538 70 1611 ὲιῗ
178 1536 241 1597 dicat
251 1541 424 1610 depactione
436 1538 512 1611 quod
529 1541 603 1596 Deus
621 1544 665 1595 est

10 1638 69 1698 233
105 1605 149 1662 les
162 1623 253 1668 mnne
274 1610 436 1681 sufficiens,
456 1615 485 1667 et
510 1610 597 1667 homo
621 1613 665 1667 est

97 1675 147 1734 ‘tis
163 1694 257 1739 summe
281 1681 430 1750 delicians,
455 1686 483 1738 et
508 1680 585 1754 quod
607 1681 665 1738 tale

10 1761 47 1824 ι’,
92 1730 190 1808 ltturrim
200 1755 268 1811 Deus
282 1758 377 1823 est,ut
390 1752 497 1809 nemini
508 1768 573 1810 eum
585 1752 666 1809 dese·

87 1818 165 1901 renti
181 1824 246 1882 hene
273 1825 310 1881 sit
337 1841 344 1880 :
366 1823 473 1881 idcirco
494 1823 664 1896 quicumque

84 1889 194 1950 hunam
212 1897 372 1954 defectuum
394 1910 511 1951 suorum
533 1895 664 1964 evadere,

10 1983 31 2028 ;;ν
74 1960 124 2013 ¹²¹
140 1965 265 2036 spiritura
285 1966 362 2025 arari
378 1965 531 2032 desiderat,
548 1982 666 2024 necesse

74 2036 141 2088 est
151 2037 244 2105 chuta
266 2038 444 2095 undamento
458 2036 594 2109 praedicto
608 2053 666 2095 non

10 2128 19 2137 ·
77 2106 211 2181 rectit:
224 2110 291 2183 qnia
302 2109 334 2166 in
349 2125 384 2165 eo
397 2107 561 2166 omnimoda
572 2125 666 2166 reme·

76 2165 145 2231 dna
153 2181 200 2239 ruis
212 2178 432 2239 necessitatibus
446 2179 582 2238 inveniet.

136 2251 284 2311 ’Pmmron
298 2269 444 2308 nsrrrarma
463 2269 497 2307 ao
515 2269 616 2308 taurin
635 2268 668 2307 er

78 2322 250 2382 ἱῐπιποκιειι
263 2326 385 2382 Cnmsrr.
401 2354 440 2374 -.
450 2322 546 2379 Primo
560 2322 668 2394 itaque,

80 2390 210 2476 peccatu
222 2396 341 2524 cppiens
355 2398 537 2467 peccatorum
550 2408 667 2475 suorum

75 2461 667 2612 {titlhmhlthdtdhldttl

74 2601 191 2668 catores
207 2610 375 2668 invitantem
391 2608 427 2665 ad
443 2607 566 2679 reniam,
582 2613 611 2664 et
625 2606 668 2664 di·

73 2671 191 2739 celllem
212 2699 220 2737 :
242 2685 341 2741 Venite
369 2681 407 2736 ad
433 2682 670 2752 mucronesque·

74 2727 224 2818 ²⁰⁶0rctia
254 2752 363 2811 scilicet
391 2752 489 2808 labore
513 2751 667 2821 ritiomm;

67 2808 107 2918 ξ’
117 2828 225 2881 t>coerciti
235 2828 311 2889 estis,
327 2821 436 2881 scilicet
446 2823 560 2888 sarcina
572 2838 670 2896 pecca-

86 2887 191 2963 ⁰¹trm3
217 2901 243 2952 ct
266 2912 315 2965 epo
337 2897 460 2966 reficiam
486 2911 545 2960 voa,
563 2893 669 2951 scilicet

61 2949 209 3055 {Quando
226 2983 260 3024 ac
281 2965 455 3036 refovendo;
480 2972 506 3021 et
524 2968 670 3023 invenietis

63 3030 202 3096 -tsnam
223 3039 371 3095 animabus
394 3040 508 3096 cestris.
521 3041 551 3095 et
575 3036 620 3094 hic
641 3043 669 3093 ct

57 3088 100 3203 ξ
120 3104 230 3167 tuturo.
249 3109 352 3168 Audiat
366 3124 435 3180 ergo
454 3113 578 3180 aegrotus
591 3107 670 3181 pium

65 3160 98 3226 st
118 3181 276 3239 sollicitum
297 3180 451 3248 medicum,
466 3185 495 3237 et
516 3179 612 3237 veniat
633 3179 670 3237 ad

62 3231 175 3308 ¹98um
197 3269 250 3325 per
266 3250 438 3325 profundam
456 3250 670 3321 contritionem,

61 3307 106 3360 ἂρ
129 3323 279 3381 sollicitam
290 3322 508 3392 contessionem,
525 3326 553 3380 et
566 3321 673 3380 studio·

63 3379 147 3450 δι111]
162 3394 339 3522 propositum
349 3409 462 3467 semper
477 3392 639 3451 declinandi
654 3410 672 3452 a

68 3450 160 3523 11¹talo
172 3472 200 3523 et
223 3465 334 3522 acrendr
349 3466 466 3523 honum.
480 3496 515 3510 ·-
530 3465 671 3535 Secundo,

71 3524 226 3606 Peccator,
249 3537 299 3594 sed
325 3535 427 3609 jamin
441 3536 553 3594 Christo
578 3536 672 3594 tidelis

74 3596 214 3678 illectus,
228 3612 376 3680 tamquam
391 3606 444 3680 ipsi
462 3623 514 3680 per
528 3607 672 3681 peaniten-

78 3658 155 3735 ¹lam
169 3678 377 3746 reconciliatus,
391 3677 505 3736 studeat
515 3679 672 3752 diligentis-

156 3765 223 3816 tiri
235 3765 300 3820 tiso
313 3768 432 3826 Cnersm,
444 3780 529 3820 rencs
544 3769 563 3817 l.

720 1250 791 1310 sime
804 1253 915 1311 medico
932 1268 983 1312 suo
1002 1254 1160 1324 adhaerere,
1178 1260 1207 1313 et
1224 1271 1308 1314 suam

720 1323 941 1406 familiaritatem
950 1325 1108 1399 acquirere,
1117 1328 1308 1400 ojussanctls·

720 1411 821 1453 simam
836 1395 923 1453 vitam
947 1398 1131 1470 recogitando
1153 1398 1309 1472 omniqua

720 1467 824 1539 poterit
839 1467 998 1526 devotione.
1015 1471 1119 1527 Caveat
1130 1474 1227 1528 tamen
1241 1486 1308 1542 pro·

720 1537 795 1607 vide,
810 1554 846 1596 ne
856 1539 1080 1623 cursorieipsam
1090 1541 1177 1598 vitam
1187 1541 1309 1613 legendo

721 1612 866 1680 transeat;
885 1610 935 1668 sed
952 1611 1081 1669 serratim
1098 1613 1205 1685 aliquid
1220 1614 1255 1670 de
1274 1627 1310 1668 ea

720 1696 773 1752 per
786 1681 862 1738 diem
876 1682 1017 1755 accipiat:
1034 1683 1063 1740 in
1082 1700 1139 1754 quo
1159 1685 1309 1742 sabbatum

721 1751 881 1810 dedicatum
901 1753 958 1880 piae
981 1754 1174 1811 meditationis
1198 1754 1310 1813 Christo

721 1823 849 1896 quotidie
868 1840 899 1881 ce
911 1825 1050 1893 ebrando,
1073 1841 1106 1881 ac
1124 1824 1311 1896 cogitationes

722 1899 750 1951 et
770 1894 951 1962 allectiones,
971 1895 1115 1952 orationes
1138 1902 1166 1951 et
1193 1897 1310 1967 laudes,

721 1970 869 2037 totumque
895 1981 967 2037 opus
991 1964 1048 2021 diei
1072 1966 1108 2021 ad
1131 1965 1200 2022 illud
1225 1966 1310 2022 redu·

723 2035 824 2104 condo,
840 2034 868 2090 iu
886 2034 948 2108 ipso
965 2035 1135 2104 delectetur,
1150 2052 1167 2093 a
1190 2037 1311 2095 tumultu

723 2107 906 2177 exteriorum,
920 2112 949 2164 et
967 2107 1177 2164 mundanorum
1194 2107 1312 2180 impedi·

723 2182 885 2236 mentorum
913 2178 1102 2251 requiescere,
1132 2184 1160 2237 et
1187 2182 1312 2238 suaviter

723 2249 887 2332 obdormire
895 2268 904 2323 ;
928 2257 956 2308 et
974 2250 1011 2308 ad
1034 2250 1121 2320 illud,
1140 2251 1312 2324 ubicumque

724 2323 819 2392 luerit,
835 2323 960 2380 velutad
977 2327 1085 2379 certum
1101 2322 1219 2395 atpium
1234 2325 1311 2380 relu-

723 2392 812 2463 eium,
831 2399 930 2451 contra
948 2393 1065 2451 vitiosas
1080 2395 1212 2451 humana
1229 2395 1311 2451 luttr-

724 2464 831 2522 mitatis
844 2465 1006 2535 varietates,
1015 2465 1147 2522 continue
1160 2465 1208 2522 Dei
1222 2466 1312 2523 famu·

724 2535 767 2593 los
796 2535 1019 2610 impugnantes,
1050 2553 1125 2609 saepe
1152 2553 1310 2595 recurrere.

725 2606 833 2680 Saepius
851 2613 947 2665 tamen
965 2614 1093 2665 recurrat
1112 2608 1148 2664 ad
1168 2608 1313 2681 praecipua

724 2678 827 2738 Christi
858 2678 1047 2747 memorialia,
1078 2678 1208 2735 videlicet
1238 2697 1245 2735 :
1275 2679 1312 2736 ad

723 2750 959 2819 incarnationem,
983 2751 1172 2817 nativitatem,
1195 2749 1313 2807 circum-

724 2820 879 2891 cisionem,
898 2821 1097 2894 epiphaniam,
1116 2821 1313 2892 praesentatio·

724 2908 789 2949 nem
811 2891 972 2965 intemplo,
990 2891 1164 2965 passionem,
1181 2909 1311 2951 resurre-

725 2964 859 3035 ctionem,
868 2964 1074 3033 ascensionem,
1086 2964 1206 3038 Spiritus
1217 2964 1313 3023 Sancti

725 3035 908 3104 effusionem,
932 3036 1085 3093 adventum
1102 3037 1138 3093 ad
1149 3036 1310 3119 judicium:

725 3123 810 3166 causa
824 3106 955 3190 specialis
965 3107 1183 3174 recordationis,
1198 3114 1227 3166 et
1236 3126 1314 3168 excr-

725 3178 878 3248 citationis,
889 3178 1311 3253 acspiritualisrecordationis,

725 3267 759 3308 ac
789 3250 1000 3309 consolationis.
1034 3251 1079 3310 Sic
1107 3253 1193 3309 etiam
1219 3252 1313 3326 ipsam

727 3323 812 3399 citam
838 3321 941 3380 Christi
969 3324 1056 3395 legat,
1074 3329 1107 3381 ut
1134 3340 1229 3381 mores
1251 3326 1314 3398 ejus

726 3410 778 3466 pro
806 3409 891 3466 posse
919 3393 1024 3451 imitari
1053 3395 1176 3454 studeat.
1209 3398 1337 3453 Parum

727 3464 803 3523 enim
818 3465 943 3593 prodest
964 3466 987 3524 si
1007 3466 1118 3538 legerit,
1137 3465 1193 3523 nisi
1207 3473 1237 3524 et
1252 3466 1316 3523 imi·
1336 3524 1338 3530 ,

727 3542 804 3595 tatus
830 3539 915 3596 uerit.
936 3539 1015 3596 Unde
1026 3540 1185 3595 Bernartius
1200 3558 1209 3593 r
1222 3560 1236 3590 a
1245 3537 1320 3605 Quid

728 3608 779 3666 tibi
800 3611 928 3682 prodest,
947 3610 1025 3693 pium
1044 3609 1199 3668 Salvatoris
1213 3623 1320 3664 nomen

729 3681 856 3739 lectitare
881 3682 910 3738 in
936 3682 1025 3749 litiis,
1055 3680 1107 3737 nisi
1131 3681 1238 3735 hahere
1264 3683 1323 3733 stu-

1218 3767 1226 3816 l
