2790 4912
235 354 273 408 DE
298 354 489 409 saltitantis
516 356 553 409 et
580 356 843 411 ctncttttctstos'e
872 355 1012 408 toabtts
1040 354 1219 408 battitstn.
1316 359 1343 410 at

130 454 171 538 Sic
179 456 309 518 Elisabeth
324 457 494 517 miraculum
516 466 545 518 et
562 462 697 520 tncarna·

130 532 222 589 ttonem
228 531 308 590 Verbi
321 531 455 604 cognorit
464 538 493 589 et
503 533 617 591 ldariam
634 551 697 593 esse

133 606 232 661 matmn
248 602 408 675 Domini,et
423 605 479 660 ileo
487 604 601 677 plenam
615 605 698 663 intel-

135 670 201 731 lexit.
215 675 342 732 intellexit
367 674 436 747 quip
495 692 547 747 per
561 677 696 750 Spiritum

139 744 350 818 Sanctamque
386 751 496 829 repete
523 754 600 816 erat;
628 748 698 820 qnia

140 818 259 875 exsultatio
278 816 396 875 infantis
418 818 505 902 iliius,
522 819 697 903 significaret

142 889 227 946 venioe
240 896 354 946 matrem
370 890 444 962 ejus,
461 907 608 1018 cippusrpse
623 908 695 964 prac-

142 966 280 1018 enrsorerat
294 960 417 1018 tuturus.
427 964 462 1018 Et
474 961 483 1017 i
505 978 539 1019 eo
553 979 615 1034 qnae
628 969 696 1020 ante

63 1092 65 1098 ,
141 1032 291 1090 embescebat
313 1048 386 1089 onus
403 1033 541 1105 parentis,
561 1036 629 1091 dum
644 1034 695 1091 ad-

65 1144 72 1167 .,
143 1101 185 1158 buc
205 1104 309 1161 nesciret
341 1104 506 1176 mysterium
534 1105 694 1176 religionis,

69 1230 72 1234 .
142 1173 188 1242 jam
198 1175 321 1232 benedicit
330 1194 339 1245 ;
356 1181 385 1232 et
400 1192 462 1248 quae
478 1193 509 1234 se
523 1178 694 1247 occultabat,

145 1244 195 1314 qrda
206 1247 467 1321 conceperatiliinm‚
472 1250 564 1322 jactat
579 1250 699 1321 se,quia

77 1344 80 1378 ;
146 1319 264 1387 generabat
277 1320 456 1391 prophetam.

63 1424 80 1449 t.
171 1389 325 1459 7Eussasru
351 1408 467 1448 sacrari
490 1411 541 1450 ren
566 1395 694 1451 Srrnrrun

147 1475 262 1519 proruens
277 1481 369 1519 rvovrr.
389 1495 424 1504 —
442 1463 586 1522 Elisabeth
606 1465 693 1522 eliam

63 1556 75 1589 :-.
146 1544 191 1611 qne
209 1532 231 1589 in
254 1535 362 1592 occulto
385 1540 414 1591 et
439 1541 549 1593 secreta
572 1536 695 1609 inspira-

63 1627 73 1660 22
146 1605 236 1661 beneco
254 1613 380 1674 noverat,
397 1607 443 1662 his
457 1607 506 1678 qni
525 1606 608 1665 simul
629 1608 696 1666 ade·

63 1696 72 1733 :⁴
145 1623 295 1747 salamiam
320 1678 546 1749 evangelizabat,
565 1679 662 1736 dicens
689 1697 695 1735 τ

63 1769 69 1784 ψ·
145 1744 313 1820 ltlrotoqaae
336 1751 491 1814 credidisti,
512 1751 620 1807 scilicet
639 1754 696 1807 An-

64 1850 67 1861 ,
145 1813 198 1883 8²¹0.
224 1820 330 1892 quando
362 1836 414 1893 per
446 1837 594 1879 assensum
629 1822 696 1879 fidei

63 1923 67 1928 -
145 1890 272 1972 concepisti,
292 1895 423 1964 quoniam
441 1897 621 1964 perficientur
635 1910 695 1951 arn-

144 1954 197 2023 plns
207 1977 230 2019 tn
242 1965 333 2021 futuro
348 1981 390 2029 ea,
407 1967 550 2036 praedicto
565 1972 629 2021 suat
644 1966 697 2021 tibi

143 2042 157 2105 q
166 2031 264 2101 mnino,
280 2035 388 2092 scilicet
402 2052 453 2108 per
469 2037 608 2108 Angelum
625 2053 697 2093 nun-

143 2100 248 2175 nantem,
277 2112 304 2163 et
325 2107 532 2180 perspiritum
560 2110 696 2165 Sanctum

143 2178 236 2254 mentem
249 2185 326 2235 tuam
342 2178 541 2249 illustrantem,
557 2186 585 2236 et
602 2185 628 2237 te
646 2180 697 2236 im-

63 2250 70 2295 ἱ-
140 2243 694 2322 medratedocentem.Apertebicindicat,

139 2316 195 2376 quoa
209 2322 288 2378 verba
306 2321 407 2393 Angeli
426 2323 462 2379 ad
482 2322 600 2379 biarianr
620 2323 696 2380 dieta

135 2390 175 2462 pop
188 2390 312 2462 Spiritum
335 2399 500 2464 agnoverat.
524 2397 620 2464 Beata,
650 2395 694 2450 in-

132 2459 188 2533 bat,
203 2479 259 2535 qnae
279 2465 440 2533 credidisti;
456 2465 506 2521 sed
520 2471 548 2522 et
563 2466 638 2523 beati
654 2465 695 2521 illi

124 2528 166 2591 qn
190 2535 298 2592 audiunt
323 2543 352 2593 et
382 2538 510 2594 credunt.
538 2537 694 2594 Considera

120 2589 291 2679 '‘dausquam
301 2625 411 2680 magum
423 2609 535 2665 virtutis
548 2617 591 2665 est
603 2612 693 2666 beatae

111 2650 203 2735 Milia
215 2680 490 2752 Virginissalutatio,
508 2698 570 2752 quae
586 2683 695 2737 conlert

95 2734 247 2850 gaudium,
268 2752 378 2808 confert
405 2759 432 2809 et
457 2752 595 2825 Spiritum
623 2756 694 2810 San-

126 2817 194 2892 um,
217 2824 327 2880 confert
345 2824 548 2881 revelationem
573 2829 695 2880 secreto-

77 2871 174 2983 Jusss
186 2895 354 2964 divinorum,
371 2897 479 2952 confert
494 2901 523 2952 el
536 2897 694 2969 prophetiae

95 2950 208 3022 etum,
222 2970 255 3025 nt
269 2967 333 3024 ideo
351 2983 464 3040 semper
474 2974 517 3025 est
532 2969 694 3036 salutanda,

71 3011 220 3109 pmther
247 3039 459 3096 resalutationis
488 3040 597 3098 lucrum
629 3040 694 3096 inde

67 3081 288 3167 sn§trandum

63 3223 79 3263 p
128 3177 162 3234 ὃ
175 3185 307 3238 Cisrranu
324 3186 429 3237 linars.
447 3214 482 3223 -
495 3183 596 3238 .-tmtira
610 3182 694 3251 igilur

63 3235 289 3335 ,Emporitana-
310 3255 464 3310 lilisabotb.
482 3271 534 3304 surr
555 3271 616 3308 carn
635 3271 693 3308 vna-

63 3299 176 3434 ἔξω
190 3324 306 3381 Domini
322 3325 364 3382 sni
383 3325 563 3398 appellando,
579 3342 611 3382 ac
626 3326 693 3381 bea-

68 3426 80 3485 p
119 3398 161 3452 ἢ]
187 3396 385 3468 praedicando,
416 3405 445 3454 ct
473 3397 558 3454 fidem
591 3398 693 3453 sortern

72 3454 257 3564 elidendo,
270 3471 460 3542 prophetavit,
476 3469 596 3541 atnplins
607 3468 694 3524 biania

93 3534 198 3596 &ecre
219 3556 279 3596 non
299 3541 389 3613 potuit
416 3542 490 3597 dona
515 3557 579 3611 quae
596 3556 692 3612 perce-

78 3594 198 3728 Rerau
212 3618 241 3668 ct
257 3627 320 3683 qum
336 3611 465 3684 virginali
483 3613 601 3684 pudore,
618 3618 646 3667 et
661 3628 693 3667 ex

120 3683 265 3740 unrititate
284 3691 432 3757 acceptum
450 3684 594 3741 oraculum
611 3683 694 3739 silen-

93 3740 140 3811 ito
154 3760 278 3825 texerat,
290 3757 350 3829 Jam
366 3773 492 3828 congruo
507 3762 633 3826 tempore
646 3771 694 3826 pa-

103 3821 207 3884 tetecic.
240 3828 320 3884 Unde
347 3828 490 3884 exsultans
510 3826 637 3898 prorupit
665 3828 693 3881 in

108 3899 247 3955 canticum
273 3899 389 3967 laetitia,
420 3899 495 3970 qnod
528 3915 545 3954 a
572 3898 692 3953 Donriuo

107 3970 238 4035 adlatret
252 3974 294 4026 oa't
303 3974 393 4027 Μανία
408 3973 586 4040 :diripuissent
599 3973 692 4024 uniatur

107 4058 160 4097 inca
187 4045 345 4105 llominara,
370 4047 439 4112 etc.;
467 4047 556 4098 lntmn
587 4041 692 4095 ibidem

107 4112 250 4186 complens
262 4114 449 4184 jucunditatis
462 4121 490 4170 ot
509 4113 613 4169 letitiae
629 4129 694 4167 ratr-

104 4187 199 4243 ticutn.
217 4186 431 4242 Consuevernnt
446 4185 520 4241 eninr
536 4184 646 4241 ilclnvci
664 4185 692 4238 in

102 4273 167 4315 casn
182 4273 287 4327 magno
303 4256 413 4313 crantira
428 4272 597 4328 compluere
612 4262 638 4311 ct
654 4254 693 4309 di-

102 4345 164 4386 cere
180 4329 314 4399 ttonnno,
330 4329 444 4402 qnando
460 4331 533 4384 [letas
552 4326 693 4384 mirabilia

111 3744 117 3753 ι

751 461 818 519 lecit
830 462 906 518 circa
919 459 1005 533 ipsos.
1016 462 1049 517 Et
1061 461 1124 532 plns
1137 461 1269 519 omnibns
1278 468 1344 535 pot·

751 539 795 591 est
807 535 868 590 haec
883 531 968 616 Virgo
981 533 1164 604 magnificare
1180 533 1342 591 Dominum.

751 608 839 662 Beata
866 603 1006 675 siqnidem
1032 603 1127 675 Virgo,
1146 608 1257 661 tantum
1286 621 1345 678 my-

751 678 870 733 sterium
895 675 949 732 sibi
972 691 1034 732 esse
1063 675 1286 745 manifestatum,
1315 681 1344 734 et

751 754 916 820 qnantaper
926 748 979 803 hoc
993 752 1079 815 esset,
1090 763 1169 804 more
1182 747 1344 819 humilium,

752 836 810 876 non
834 818 930 875 statim
956 818 1103 888 revelavit,
1124 820 1174 876 sed
1195 834 1345 902 quousque

751 907 803 962 per
822 891 968 947 Elisabeth
992 890 1146 959 reveletur,
1165 891 1315 947 abscondit
1335 909 1342 947 :

752 979 837 1034 quarn
858 962 925 1034 quia
952 961 1086 1034 cognovit
1104 962 1270 1035 mysterium
1292 978 1344 1034 per

752 1034 887 1107 Spiritum
901 1036 1033 1091 Sanctum
1048 1033 1226 1102 cornevisse,
1242 1034 1344 1090 intelli·

750 1123 821 1177 gens
844 1105 996 1163 Dominum
1024 1075 1098 1161 illuri
1118 1105 1238 1163 revelari
1258 1105 1342 1173 velle,

750 1178 864 1235 tandem
880 1182 908 1232 et
922 1177 977 1233 boe
991 1176 1052 1248 ipsa
1064 1177 1182 1244 revelat,
1196 1179 1342 1248 Deumque

750 1248 925 1320 magnificat,
941 1247 1037 1316 idest,
1055 1263 1187 1318 magnum
1203 1249 1232 1304 in
1247 1248 1341 1320 operi·

751 1322 803 1377 bus
833 1321 895 1391 ejus
922 1318 1018 1374 laudat
1043 1325 1073 1374 ct
1099 1319 1246 1389 praedicat.
1279 1321 1341 1376 Non

751 1407 885 1462 magnum
914 1389 990 1457 facit,
1015 1391 1081 1460 quia
1106 1389 1134 1445 in
1167 1407 1197 1446 se
1217 1390 1340 1461 grande·

751 1479 830 1520 scere
843 1465 1011 1533 nonpotest,
1022 1467 1050 1517 ot
1063 1477 1114 1517 nec
1126 1460 1340 1530 detrimentum,

751 1551 802 1590 nee
818 1537 1002 1605 angmentum
1028 1532 1138 1604 recipit,
1155 1532 1239 1603 quasi
1267 1531 1343 1588 dicat

752 1605 841 1662 biacia
857 1623 863 1661 :
881 1607 902 1663 0
929 1603 1083 1674 Elisabeth,
1102 1609 1131 1660 tu
1149 1620 1194 1660 me
1211 1603 1341 1675 magnili-

752 1694 800 1734 cas
819 1679 854 1733 de
874 1675 957 1733 bonis
975 1693 1038 1748 qnae
1065 1675 1143 1731 vidos
1169 1675 1200 1731 in
1220 1691 1275 1742 me,
1292 1674 1342 1731 sed

753 1748 847 1804 anima
861 1764 924 1804 mea
938 1747 1059 1803 Domino
1072 1754 1099 1803 ct
1112 1747 1252 1816 Creatori,
1267 1745 1342 1802 ride-

752 1821 818 1876 liret
835 1821 890 1875 Deo
906 1821 993 1888 Patri,
1012 1836 1046 1874 ex
1072 1835 1128 1889 qno
1154 1824 1219 1875 sunt
1233 1819 1341 1890 omnia,

752 1890 920 1959 attribuens,
937 1892 1027 1962 ipsum
1044 1890 1071 1946 in
1089 1890 1142 1946 boc
1159 1892 1268 1946 cantico
1283 1892 1343 1945 bio-

750 1967 876 2033 qaifieot,
893 1969 920 2019 et
936 1964 997 2034 ejus
1013 1961 1253 2044 magnificentiam
1268 1977 1340 2033 prar-

752 2035 837 2097 dicat,
854 2050 912 2090 non
926 2039 1034 2090 tanturn
1048 2034 1145 2104 lingua
1164 2033 1271 2090 laudat.

788 2130 804 2180 9
820 2109 986 2162 Ensrnrnrto
1000 2123 1119 2161 scrutans
1135 2107 1241 2161 blnntn.
1256 2133 1290 2145 -
1304 2107 1341 2160 El

752 2181 904 2234 exsultarit
920 2181 1037 2248 spiratus
1052 2193 1126 2232 metas
1150 2180 1180 2231 ia
1194 2180 1247 2231 ileo
1264 2177 1340 2231 solu-

751 2254 817 2314 tnri,
847 2255 876 2306 et
900 2250 1046 2305 Salvatoro
1074 2264 1143 2311 arco,
1175 2248 1282 2303 scilicet
1310 2246 1341 2302 in

752 2321 831 2389 Filio,
863 2337 913 2392 per
942 2336 1026 2391 quem
1057 2327 1123 2376 sunt
1145 2319 1261 2387 omnia,
1290 2333 1342 2390 per

751 2408 836 2463 quern
854 2392 929 2447 salus
943 2391 1047 2447 inundo
1063 2396 1224 2462 reparatur.
1242 2393 1273 2446 ln
1287 2392 1343 2446 hoe

749 2470 846 2520 autem
856 2462 984 2530 salutari,
995 2462 1076 2534 virgo
1087 2464 1160 2518 bene
1172 2462 1259 2518 habet
1273 2477 1340 2517 cau-

749 2552 811 2591 sam
831 2533 1038 2601 exsultationis,
1057 2533 1120 2604 plns
1140 2548 1225 2603 quam
1240 2548 1341 2588 omncs

749 2610 901 2672 creaturam
919 2604 985 2675 quia
1004 2609 1137 2676 parentes
1156 2603 1184 2658 in
1202 2602 1268 2658 titiis
1291 2619 1339 2658 so-

749 2679 809 2734 lent
818 2677 968 2733 exsultare.
981 2678 1013 2731 Et
1025 2674 1090 2731 lieet
1099 2675 1159 2746 ipse
1169 2673 1205 2729 sit
1214 2674 1339 2730 salutare

749 2749 877 2807 omnium
898 2747 1057 2813 hominurn,
1082 2745 1266 2818 singulariter
1295 2751 1338 2801 ta·

751 2838 813 2877 rnen
826 2820 879 2877 fuit
891 2817 1150 2891 salutareVirginis
1164 2816 1339 2890 praecunctis

749 2892 924 2962 hominibus,
954 2897 1071 2964 propter
1096 2889 1255 2962 singulares
1275 2889 1337 2945 Vir-

749 2965 825 3038 ginis
856 2963 1073 3036 praerogativas.
1120 2961 1241 3034 Spiritus
1278 2960 1339 3032 ipse

750 3043 793 3094 est
808 3036 914 3104 anima,
929 3035 1074 3091 interdum
1090 3039 1187 3091 tamen
1202 3032 1341 3105 accipitur

751 3126 801 3180 pru
824 3111 926 3164 animm
949 3106 1172 3164 rationabilitate
1193 3111 1221 3162 et
1246 3104 1339 3161 excel-

751 3175 1340 3249 teritianiuirnanarnquovivirnns,spiritn

750 3252 938 3306 tlisret‘nirnus
966 3258 993 3306 ei
1019 3249 1232 3317 intelligimus:
1262 3247 1339 3303 uncle

749 3321 966 3394 comprehendit
975 3336 1077 3376 omncs
1090 3320 1165 3375 vires
1179 3319 1231 3373 sub
1242 3318 1339 3373 anima

748 3400 776 3450 ct
789 3393 901 3466 spiritu.
916 3394 973 3450 Sub
983 3391 1079 3447 anima
1090 3389 1338 3461 cornprcbendnn-

748 3471 796 3523 tur
811 3465 886 3520 vires
901 3463 1062 3530 interiores,
1081 3461 1109 3517 in
1125 3458 1339 3532 comparatione

749 3538 785 3594 ad
816 3552 929 3607 corpus.
957 3534 1079 3606 Spiritus
1107 3549 1175 3589 vero
1204 3532 1339 3603 importat

749 3608 880 3665 capsidem
900 3605 1088 3663 substantiam
1108 3605 1212 3663 animan
1238 3619 1339 3660 secun-

749 3682 817 3736 dnrn
831 3679 907 3734 vires
921 3677 1094 3749 superiores,
1111 3678 1214 3749 quibus
1229 3675 1340 3747 rapitur
1364 3701 1366 3705 v

749 3768 836 3825 snpra
854 3767 884 3807 se
909 3749 1059 3806 dulcedine
1078 3747 1339 3821 corrtenrplationis.

750 3824 839 3881 ltaria
858 3839 925 3893 ergo
941 3821 1039 3877 anima
1054 3827 1082 3878 ct
1096 3821 1196 3893 spiritu
1214 3823 1270 3877 Deo
1290 3820 1339 3875 de-

749 3906 825 3961 vota,
842 3896 878 3952 de
890 3893 1178 3953 ornnibnshenetiriis
1191 3892 1341 3948 circaeam

750 3968 886 4024 divinitus
902 3966 1047 4035 exhibitis,
1060 3982 1159 4022 ornnes
1173 3963 1249 4020 vires
1261 3979 1339 4026 snas,

749 4040 777 4094 in
798 4040 954 4109 gratiarnm
983 4038 1105 4105 artirjrne,
1127 4042 1155 4093 cl
1179 4036 1262 4091 laude
1289 4034 1337 4090 [lei

749 4111 897 4182 itnpcndil.
932 4111 1017 4177 Quasi
1051 4110 1146 4174 dicat,
1180 4107 1337 4163 secundum

748 4184 945 4237 „tristi-ratum:
962 4186 1053 4238 'lanto
1069 4194 1186 4235 vrrtrncre
1203 4194 1247 4233 nte
1264 4179 1337 4255 [leus

747 4254 919 4322 sublimavit,
948 4259 977 4308 nt
1010 4253 1087 4308 rrrtllo
1112 4249 1216 4315 linguar
1242 4247 1336 4301 obiero

748 4327 888 4399 explicare
911 4325 1030 4398 possint,
1057 4319 1107 4375 sed
1131 4322 1223 4371 totrrnt
1250 4315 1337 4372 animi

985 4494 1365 4628 ,Ν
