2790 4912
363 368 402 419 bs
429 363 652 417 coicirrmll
679 363 882 419 SALVATORIS
910 365 1042 419 destiti.
1286 368 1316 417 33

80 484 197 542 cialiter
217 496 250 537 ei
270 470 464 537 meditatione,
479 486 567 551 super
585 468 675 525 salute

81 553 201 627 generis
214 546 343 614 humaui,
359 542 482 615 qualiter
499 540 606 597 scilieet
619 554 675 621 'per

82 622 231 698 Virginem
240 619 362 676 debebat
373 612 485 669 salvari.
498 612 578 668 Unde
588 615 674 668 etiam

84 699 204 772 quidam
232 692 339 753 diruiit,
365 701 429 742 eam
456 690 521 767 tunc
545 687 610 738 actu
633 681 674 767 le·-

84 770 161 843 gisse
179 765 249 823 illud
271 759 375 818 lsaiae:
399 760 466 812 Ecce
487 758 570 823 Virgo
589 769 675 835 coraci-

82 846 153 914 piet,
169 844 223 895 etc.
242 839 273 892 ln
292 833 346 888 hec
365 828 452 900 igitur
466 831 530 882 actu
553 829 610 880 tam
630 839 674 879 in·

84 912 163 969 timae
178 898 439 975 contemplationis
456 912 516 979 'quo
535 901 597 952 erat
616 897 675 952 Deo

81 982 212 1041 totaliter
242 975 420 1038 coadunata,
455 983 600 1050 ingressus
632 970 676 1048 est

80 1052 209 1125 Angelus
238 1049 274 1106 ad
304 1059 377 1101 eain.
400 1039 578 1097 Rationabile
599 1052 674 1119 enim

81 1126 214 1188 ridetur,
241 1116 316 1192 quod
347 1112 460 1184 quando
488 1109 676 1181 corporaliter

82 1196 135 1255 sibi
165 1193 256 1250 voluit
283 1185 357 1246 uniri
381 1183 504 1263 Verbum
523 1187 673 1263 aeternum,

83 1274 148 1326 tunc
160 1267 224 1338 ipsa
234 1256 418 1335 spiritualiter
428 1253 481 1310 sibi
491 1253 574 1309 luerit
584 1256 674 1319 unita,

83 1341 112 1398 in
125 1329 375 1406 contemplationis
394 1330 468 1383 actu.

118 1411 243 1485 qbiinii
262 1418 389 1468 ecouono
406 1413 504 1452 enimi
521 1394 676 1479 rinsi‘ln-

83 1487 226 1552 lnqressus
236 1477 276 1532 ita
298 1490 332 1530 ue
349 1470 472 1539 Angelus
486 1468 524 1522 ad
537 1467 675 1547 eani'lir-

85 1555 192 1625 ginem,
221 1549 251 1604 in
279 1552 289 1601 t
310 1543 404 1602 alamo
429 1544 458 1596 et
477 1536 676 1617 conclaude-

84 1622 224 1682 munculae
252 1634 309 1675 suae
332 1616 508 1679 manentem,
535 1613 564 1665 et
590 1623 616 1664 ei
640 1606 676 1662 ad

84 1709 199 1753 sensum
219 1685 360 1761 corporali
375 1682 493 1749 visione,
509 1685 538 1737 et
551 1681 678 1762 humana

85 1766 179 1839 specie
204 1775 345 1835 apparens
371 1756 446 1811 dicit
466 1772 474 1808 ε
495 1753 563 1814 Ave,
583 1754 677 1834 pratee

83 1841 176 1911 plena,
192 1836 323 1899 Dominus
336 1836 420 1885 tecum
428 1846 437 1891 ς
452 1824 592 1905 benedicta
608 1826 637 1876 tn
648 1836 678 1875 tn

84 1907 256 1966 mulieribus.
270 1901 394 1970 Angelus
406 1897 435 1952 iii
450 1896 574 1974 hominis
586 1892 678 1947 forma

84 1993 227 2053 apparens
242 1973 323 2046 quasi
336 1968 464 2048 exemplo
479 1966 585 2047 docuit,
601 1961 677 2035 quod

85 2055 175 2109 Deum
195 2043 350 2111 incarnari,
370 2046 398 2097 et
419 2041 555 2120 Spiritum
573 2049 675 2116 coope-

84 2122 140 2180 rari
154 2119 337 2177 nuntiaturus
348 2116 409 2170 erat
420 2128 426 2166 :
437 2122 587 2191 quiauenuim
597 2105 676 2161 illum

85 2190 240 2259 nuntiarit,
254 2187 301 2260 qui
314 2188 342 2242 iu
357 2201 386 2240 se
400 2178 561 2246 invisibilis,
574 2192 677 2248 corpus

85 2264 197 2322 risibile
208 2259 297 2317 voluit
306 2274 339 2314 er
351 2254 465 2321 Virgine
475 2264 596 2332 somere,
609 2263 676 2305 con-

139 2332 263 2393 edebuit
274 2325 413 2400 corporali
424 2334 674 2450 speeieapparere.

85 2353 229 2466 {amarit
245 2405 341 2459 autem
358 2401 437 2524 Ange
451 2411 483 2451 us
501 2394 555 2450 sibi
574 2406 676 2476 eorpus

85 2474 297 2546 lucidum,quia
307 2485 393 2527 secun
416 2481 464 2523 um
477 2466 674 2543 degustabam,

86 2550 156 2607 iacie
169 2546 301 2610 rutilans,
311 2548 339 2599 et
353 2544 430 2596 veste
444 2548 598 2618 coruscans
611 2534 675 2589 Vir-

87 2621 142 2694 gini
183 2615 325 2691 apparuit.
361 2613 571 2669 convenienter
608 2618 675 2685 vero

87 2690 273 2750 annuntiatur
280 2682 388 2768 Virgini
401 2677 561 2763 incarnatio
575 2675 674 2757 Verbi,

87 2769 116 2821 nt
150 2762 260 2819 scilieet
298 2770 378 2829 prius
411 2767 502 2823 ipsum
536 2750 677 2818 concipiat

88 2841 182 2893 mente
197 2845 283 2904 quam
298 2842 395 2885 carne.
409 2826 603 2903 Mutqnsergo
618 2819 675 2873 lln·

88 2907 166 2989 gelus
180 2907 246 2961 Eua
257 2915 364 2959 nemea.
376 2895 444 2954 dicit
455 2896 566 2977 yirgim
584 2889 674 2953 :doe

88 2977 217 3035 indicans
241 2988 303 3030 eam
330 2970 366 3026 ab
386 2982 463 3025 omni
482 2981 524 3019 vce
543 2962 673 3018 liberam.

731 484 843 541 quoquo
861 470 886 527 ei
906 488 912 526 :
929 473 1060 527 Dominus
1081 477 1177 535 tecum,
1200 474 1317 544 scilicet,

730 540 809 596 sitin
829 548 909 598 utero
928 543 974 613 qui
991 549 1140 599 esttecum
1157 544 1185 600 in
1202 546 1317 615 anim03

729 611 883 683 adimpleat
920 620 1059 683 ventrem,
1097 615 1143 687 qui
1182 617 1318 690 adimplet

730 690 870 753 mentem;
885 689 977 741 tecum
999 701 1055 741 non
1074 690 1184 743 tantum
1206 704 1257 759 per
1272 698 1316 745 es·-

730 754 863 824 seutiam,
887 755 1043 826 potentiam
1070 760 1099 814 et
1124 759 1317 830 presentiam,

731 825 852 897 qualiter
876 831 919 882 est
940 826 969 882 in
989 828 1122 886 omnibus
1140 832 1244 899 rebus;
1266 847 1319 889 neo

731 896 822 953 solum
836 911 888 968 per
903 898 1035 970 gratiam,
1052 916 1086 956 eo
1102 902 1186 957 modo
1202 918 1257 972 quo
1275 910 1319 960 est

730 967 759 1024 in
779 967 885 1025 sanctis
903 969 1083 1040 hominibus;
1100 973 1149 1028 sed
1166 972 1252 1029 eliani
1268 989 1319 1046 per

730 1038 825 1096 caruis
843 1040 1077 1112 assumptionem,
1098 1043 1207 1099 deluis
1225 1045 1318 1115 puris·

730 1110 810 1167 simis
838 1111 1032 1183 sanguinibus.
1063 1113 1114 1170 Ubi
1137 1120 1216 1184 nota,
1242 1116 1317 1188 qued

730 1184 759 1238 et
777 1181 801 1237 si
820 1187 880 1239 tota
898 1183 1029 1239 salutatio
1049 1186 1182 1257 angelica
1204 1187 1239 1244 sit
1260 1188 1320 1245 Vir·

730 1252 788 1325 gini
804 1253 976 1323 gratissima,
992 1255 1046 1312 ista
1068 1262 1162 1313 tamen
1182 1259 1319 1329 clausula,

731 1322 838 1380 scilicet
852 1328 982 1380 Dominus
994 1332 1080 1382 tecum
1094 1328 1241 1398 potissime
1254 1347 1318 1388 eam

732 1394 863 1463 delectat,
885 1401 912 1451 et
932 1395 996 1452 ideo
1016 1397 1151 1468 singulari
1168 1401 1318 1458 devotione

732 1465 853 1522 dicenda
875 1471 973 1522 esset:
993 1466 1060 1525 licet
1082 1469 1157 1525 enim
1173 1471 1233 1541 jam
1257 1480 1319 1530 erat

732 1552 795 1593 cuni
824 1536 951 1609 Virgine,
983 1554 1087 1594 novum
1116 1546 1211 1597 tamen
1242 1543 1320 1600 misit

733 1610 875 1677 nuntium,
896 1608 962 1679 quia
980 1611 1065 1665 modo
1079 1610 1215 1682 singulari
1231 1615 1320 1672 voluit

732 1696 795 1738 esse
809 1695 914 1737 secum.
931 1682 996 1736 llaee
1010 1680 1096 1738 etiam
1108 1682 1169 1740 sola
1183 1701 1242 1756 prae
1257 1702 1318 1743 oiu-

732 1751 815 1808 nibus
828 1750 993 1808 mulieribus
1005 1757 1034 1808 et
1048 1770 1133 1836 super
1147 1771 1247 1813 omnes
1262 1774 1320 1815 mu-

732 1822 817 1879 lieres
835 1822 984 1879 benedicta
1009 1825 1204 1891 praedicatur:
1225 1830 1319 1887 omnis

732 1894 808 1950 enim
838 1894 941 1950 mulier
968 1894 1094 1966 subjacet
1127 1899 1320 1958 maledictioni

732 1965 793 2034 Dei,
815 1965 857 2022 vel
875 1964 964 2037 Legis.
982 1968 1051 2047 llam
1067 1977 1211 2051 corrupta,
1225 1973 1320 2045 subja-

731 2042 775 2093 cet
802 2036 991 2093 maledictioni
1021 2038 1082 2108 Dei,
1111 2056 1158 2111 qui
1182 2042 1221 2097 ait
1251 2061 1257 2098 ε
1287 2048 1319 2101 la

731 2108 823 2164 dolore
834 2111 940 2180 partem
956 2108 1046 2180 virge,
1062 2110 1253 2170 maledictioni
1268 2117 1319 2171 Le-

731 2180 785 2252 gis,
810 2178 839 2234 in
864 2186 1003 2251 quaerat
1026 2182 1175 2239 maledicta
1199 2186 1318 2254 sterilis3

731 2251 782 2308 sed
794 2251 881 2307 llaria
894 2256 1044 2322 utrumque
1056 2254 1237 2313 maledictum
1253 2256 1320 2314 vita·

730 2322 769 2377 rit
785 2339 792 2377 :
809 2322 989 2378 maledictum
1005 2322 1065 2391 Dei,
1078 2324 1144 2395 quia
1160 2327 1243 2398 l'irgo
1256 2344 1320 2401 per-

732 2393 855 2456 mansit:
901 2392 1081 2450 maledictum
1122 2396 1213 2468 legis,
1252 2399 1318 2472 quia

731 2465 820 2521 fllium
837 2463 944 2519 liabuit.
960 2464 1038 2520 Unde
1053 2465 1144 2537 prima
1156 2468 1320 2539 primiceria

731 2534 890 2606 Virginum,
917 2534 984 2590 dum
1010 2535 1100 2604 primo
1126 2537 1318 2609 virginitatem

731 2621 811 2662 suam
826 2607 883 2660 Deo
905 2603 1017 2673 obtulit,
1041 2606 1221 2664 maledictum
1238 2613 1320 2684 Legis

731 2674 869 2743 abolevit;
885 2681 914 2731 et
926 2672 1027 2731 merito
1040 2678 1190 2735 benedicta
1203 2680 1318 2754 dicitur,

750 2764 782 2803 er
810 2762 896 2818 quam
924 2746 1047 2804 mundus
1074 2764 1091 2805 a
1121 2751 1317 2812 maledictione

730 2764 867 2875 liberatus
876 2823 928 2874 est.
940 2820 973 2874 Et
982 2820 1137 2877 notandum
1146 2824 1221 2894 quod
1233 2842 1320 2898 super

730 2892 804 2946 hanc
829 2888 1027 2947 salutationem
1055 2908 1208 2964 numquam
1232 2897 1318 2955 bomo

730 2960 880 3033 pervenire
899 2961 1014 3031 valebit,
1034 2979 1086 3020 nee
1105 2965 1207 3037 aliquis
1226 2970 1318 3024 excel-

88 3050 153 3116 Quae
172 3048 246 3104 bene
264 3041 356 3117 gratia
375 3036 460 3112 plena
479 3033 590 3101 dieitur,
609 3030 676 3102 quia
731 3033 844 3102 leutius,
855 3032 964 3089 dulcius
972 3038 1057 3105 atque
1066 3036 1185 3107 gratius,
1202 3041 1318 3096 Beatam

88 3120 149 3177 aij
163 3118 201 3175 ad
214 3127 376 3172 mensuram
392 3107 484 3181 gratia
498 3107 599 3171 datur3
615 3104 676 3159 baec
731 3104 877 3176 Virginem
892 3104 1016 3162 salutare
1032 3106 1146 3177 poterit,
1162 3125 1246 3180 quam
1266 3111 1318 3168 liac

88 3197 182 3248 autem
197 3188 269 3254 sola,
285 3182 417 3249 aratiam,
434 3193 519 3250 quam
529 3175 606 3232 nulla
619 3172 676 3230 alia
731 3175 912 3244 salutatione,
937 3192 1022 3247 quam
1049 3179 1109 3248 ipse
1133 3182 1207 3236 Deus
1234 3183 1319 3239 Pater

90 3264 229 3319 meruerat
257 3247 409 3313 co'usecuta
435 3256 487 3317 est,
517 3253 548 3304 ut
577 3244 675 3318 gratiae
730 3247 858 3315 dictavit,
877 3249 1124 3318 etperitngelum
1144 3251 1168 3306 ei
1188 3252 1315 3311 destina·

89 3300 247 3406 repleretui‘
262 3331 394 3385 Auctore.
415 3324 482 3390 Qua
502 3334 567 3375 cum
583 3316 676 3399 gratia
731 3319 779 3374 vit.
797 3322 828 3375 ln
843 3319 924 3387 cujus
941 3317 1168 3399 vorbisnsingulis
1183 3322 1318 3381 dulcitlua

89 3406 171 3476 plena
181 3401 219 3461 sit
232 3399 311 3473 prius
320 3396 406 3454 etiam
419 3407 504 3465 quam
519 3405 597 3446 conci
620 3388 674 3455 iat,
731 3389 914 3462 implicantur
928 3392 1071 3458 mysteria.
1089 3392 1158 3446 llam
1178 3394 1251 3450 Dens
1269 3397 1319 3453 Pa-

88 3482 149 3547 pest
162 3469 380 3543 conceptionem
395 3469 503 3537 quanta
519 3460 568 3518 Dei
583 3405 675 3517 assun·
731 3466 776 3517 ter
792 3475 843 3516 sua
860 3457 1065 3542 omnipotentia
1079 3476 1142 3519 eam
1159 3464 1318 3546 conforma·

88 3541 247 3619 deigratia,
259 3540 322 3613 quis
335 3537 458 3608 cogitare
473 3531 582 3606 possit‘l
595 3530 675 3588 Unde
731 3531 781 3600 vit,
797 3535 827 3587 ut
846 3534 922 3586 esset
943 3544 1078 3612 immunis
1102 3534 1140 3590 ab
1159 3551 1235 3591 omni
1259 3554 1315 3607 vae3

86 3622 270 3685 Hieronymus
294 3631 302 3666 :
324 3632 339 3663 «
361 3612 393 3666 lit
409 3609 481 3665 bene
497 3604 593 3674 plena,
609 3601 676 3674 quia
751 3603 807 3658 uod
824 3601 987 3671 importavit
1004 3603 1079 3659 istud
1099 3606 1227 3675 verbum,
1246 3610 1316 3666 Aue.

88 3688 190 3747 ceteris
214 3700 266 3757 pe„
284 3684 379 3755 9„qu
398 3681 549 3750 ppaestatnr
567 3673 674 3756 gratian
731 3619 821 3756 (illilus.
837 3687 950 3754 quoque
968 3671 1029 3741 Dei,
1049 3689 1100 3731 sua
1119 3677 1260 3749 sapientia
1278 3682 1318 3738 sic

87 3760 182 3818 llariae
203 3772 272 3813 sero
296 3752 380 3810 simul
407 3766 437 3806 se
466 3753 555 3804 totam
575 3745 676 3801 inludit
731 3761 794 3802 eam
815 3745 975 3813 illustrarit,
994 3749 1025 3800 ut
1051 3752 1125 3803 esset
1150 3751 1316 3820 praeclarum

87 3832 187 3906 tratiae
199 3825 356 3900 plenitudo·
367 3844 381 3873 n
395 3823 466 3877 Vere
475 3816 568 3890 gratia
579 3817 675 3898 plena,
730 3816 873 3888 sidusque
886 3816 987 3871 coelum
999 3821 1027 3872 et
1037 3821 1113 3875 terra
1123 3818 1317 3892 illustrantur;

88 3919 137 3975 per
149 3915 236 3972 quam
248 3897 327 3969 largo
343 3891 437 3952 Sancti
452 3886 572 3962 Spiritus
584 3889 675 3943 imbre
731 3888 806 3959 quod
831 3892 910 3943 notat
931 3888 984 3943 boc
1004 3904 1107 3945 nomen
1123 3893 1222 3961 Maria,
1241 3896 1316 3967 quod

87 3973 239 4046 superfusa
262 3975 305 4026 est
327 3964 421 4024 omnis
442 3966 592 4027 creatura;
613 3974 675 4030 quie
730 3958 1183 4045 sonatideiiiquodmnrtsstalla.
1197 3965 1317 4037 Spiritus

87 4043 168 4103 coelis
196 4039 275 4098 dedit
318 4037 430 4104 loriam,
460 4030 545 4090 terris
573 4032 674 4096 Deum,
730 4032 1088 4088 Sanctusetiamtotasua
1109 4034 1316 4095 divinadulce·

87 4128 244 4189 pacemque
263 4055 367 4167 refudit
392 4102 566 4171 bominibus,
590 4101 676 4157 tidem
730 4102 796 4157 diue
808 4117 870 4157 eam
879 4101 1069 4184 penetrando,
1084 4120 1135 4160 sua
1146 4107 1238 4187 gratia
1252 4122 1315 4187 eam

87 4187 230 4260 gentibus,
247 4183 334 4238 smem
349 4177 435 4247 vitiis,
454 4176 517 4232 vitae
535 4172 676 4241 ordinem,
731 4180 788 4230 tam
813 4178 967 4244 gratiosam
987 4174 1139 4256 ellecit,·ut
1156 4194 1248 4234 omnis
1262 4192 1315 4259 ‚qui

86 4258 217 4317 moribus
231 4251 421 4326 disciplinam,
730 4243 874 4316 quesierit
887 4258 939 4316 per
951 4259 1014 4301 eam
1050 4251 1162 4313 ratiam,
1176 4247 1315 4314 inveniat;

124 4352 157 4388 ιο
177 4330 302 4386 Dorimcs
327 4341 379 4380 ceu
404 4322 505 4377 llinii.
522 4348 553 4359 -
570 4315 679 4372 Dicitur
729 4316 806 4387 quod
828 4315 955 4372 innuitur
978 4314 1009 4372 in
1053 4315 1077 4371 's
1097 4318 1201 4387 verbis,
1220 4320 1313 4386 pratia

1156 4448 1323 4630 ,Α
