2790 4912
430 392 469 446 ul
495 391 753 448 circuncisionis
781 394 914 449 iioiiiiii.
1255 403 1286 457 8³

55 501 87 558 iu
101 501 160 558 lioc
171 499 232 558 soio
247 497 364 557 nomine
378 496 499 556 salutem
515 497 643 557 obtinere
735 517 866 574 requam
880 501 1063 577 Baptismaiis
1077 503 1182 563 debere
1201 516 1285 563 mun·

57 585 221 643 possumus.
243 568 323 627 Unde
342 568 378 628 de
403 585 435 626 se
456 569 518 643 ipso
542 569 610 628 dicit
635 588 643 626 r
719 571 832 644 ari,qui
842 573 956 646 quidem
970 577 1129 649 Baptismus
1139 576 1287 636 habiturus

58 646 117 713 llpo
132 660 196 700 cmii
214 667 231 701 α
247 647 273 697 et
291 643 507 770 mptncipi‘um
526 646 552 699 et
570 646 644 714 puis.
700 649 761 701 erat
778 644 934 703 efficaciam
947 647 1113 719 asauguine
1125 647 1239 707 Christi.
1252 679 1288 693 -

57 714 130 783 Quia
152 713 227 772 sicut
251 728 303 785 per
349 713 449 771 erbum
475 714 647 771 aeternaliter
700 717 755 772 Per
764 715 886 790 primum
896 717 1032 775 docemur
1041 735 1093 776 nos
1103 719 1291 792 spiritualiter

59 785 177 855 dimum,
193 783 289 843 omnia
306 782 515 858 producuntur;
535 784 575 843 sic
596 801 648 858 per
700 787 919 858 circumcidere,
948 794 977 845 et
1002 794 1121 861 peccata
1146 792 1285 864 abjicere;

58 858 184 915 Verbum
208 854 288 914 carni
319 855 441 939 unitum,
464 861 645 930 reparantur,
700 875 752 932 per
766 859 933 929 secundum,
946 860 1049 917 mentis
1063 864 1288 936 angustiampro

59 934 263 1000 promoventur
276 932 306 984 et
320 927 465 984 finiuntur.
701 929 790 987 salute
805 935 904 987 nostra
918 931 1073 1000 sustinere;
1089 949 1141 1005 per
1159 934 1287 1005 tertium,

92 1001 269 1059 ostensiori
286 1014 437 1056 iirsriuumi
458 1015 539 1056 nnius
562 1016 617 1055 nisi
638 1015 645 1056 :
701 1005 962 1084 carnemnnostram
978 1003 1111 1073 domarc;
1130 1021 1183 1078 per
1206 1021 1290 1078 quar·

61 1088 139 1129 eiius
163 1088 307 1128 sisennus
335 1071 444 1129 Cunisri
467 1087 587 1127 nurnero.
612 1100 648 1113 -
701 1080 771 1142 tuin,
785 1089 910 1130 unimam
927 1079 1055 1131 nostram
1072 1075 1225 1134 virtutibus
1244 1092 1291 1134 or·

53 1142 235 1211 Secundum,
260 1140 337 1215 qnod
354 1140 439 1199 liodie
466 1142 572 1199 factum
592 1147 646 1210 est,
700 1160 787 1214 nare,
810 1159 862 1218 per
880 1146 1021 1217 quintum,
1041 1149 1171 1205 membra
1190 1152 1289 1206 nostra

54 1212 647 1288 quiacoepithodiefiominuslesussuum
701 1215 843 1273 mandatis
869 1216 920 1273 Dei
948 1216 1052 1287 ligare3
1084 1233 1136 1290 per
1166 1223 1287 1289 sextum,

49 1285 286 1343 amatissimum
304 1283 469 1358 sanguinein
493 1300 546 1357 pro
564 1284 647 1342 nobis
701 1287 881 1343 vulneratum
898 1302 949 1343 cor
963 1289 992 1343 in
1006 1288 1145 1346 charitate
1163 1289 1214 1346 Dei
1239 1291 1290 1346 lia·

44 1356 191 1427 fundere,
206 1372 271 1414 cuni
291 1354 377 1429 ipsius
391 1370 458 1412 caro
473 1355 587 1412 cultello
602 1355 646 1412 iii·
701 1356 1288 1429 bere.VidesergoquotiesCliristussuum

38 1428 206 1487 cideretur
225 1426 347 1500 lapideo.
368 1425 544 1500 tempestiue
563 1429 648 1498 coepit
702 1427 775 1486 fudit
800 1427 988 1499 sanguinem,
1017 1434 1133 1510 propter
1159 1436 1289 1487 nostram

35 1501 121 1571 pati
135 1514 191 1573 pro
206 1501 300 1569 nobis,
315 1504 344 1555 et
362 1497 409 1570 qui
424 1503 571 1570 peccatum
590 1515 647 1555 non
702 1498 929 1572 redemptionem
945 1516 953 1555 :
982 1500 1030 1557 ubi
1048 1506 1143 1557 tamen
1156 1505 1225 1558 sunt
1236 1516 1290 1558 no-

29 1571 139 1641 secit,
162 1586 279 1645 poenaiu
301 1567 388 1628 hodie
441 1574 517 1626 rtare
543 1570 647 1652 incepit
702 1569 1289 1644 straeiacrymae,ubigemitusubifletus,

25 1658 116 1713 pro
127 1642 379 1725 peccatisnostris.
417 1640 647 1699 onsoiumenim
700 1642 750 1699 ubi
770 1643 928 1716 gratiarum
941 1642 1081 1713 actiones,
1097 1659 1148 1715 pro
1166 1649 1225 1701 tam
1243 1658 1290 1700 co·

29 1731 51 1766 ι
69 1731 95 1770 u
109 1713 193 1784 rii-ili,
208 1710 361 1771 sedetiam
377 1714 406 1769 in
422 1711 545 1769 infantili
563 1718 647 1770 etate
701 1713 783 1786 piosa
811 1712 960 1785 sanguinis
986 1713 1150 1772 effusione?
1181 1717 1290 1781 Vertite,

16 1782 646 1857 sauguinemsuumpronoliisvoluitfun·
701 1787 846 1842 odoremus
869 1790 895 1841 et
921 1787 1100 1857 procidamus
1123 1793 1191 1843 anie
1211 1801 1290 1857 eum,

10 1856 143 1914 (lere.
159 1856 285 1913 Pioravit
303 1861 398 1913 autern
416 1871 487 1929 puer
499 1857 582 1912 lesus
594 1856 646 1912 ho·
702 1859 1290 1929 etploremuecoromllomino,quilecituos,

10 1924 123 1997 die,
136 1932 255 2001 propter
276 1927 404 1984 dolorem
420 1942 505 1999 qoem
518 1926 547 1982 in
561 1942 647 1984 carne
702 1934 731 1985 et
744 1935 802 1986 tarn
821 1927 935 2000 copiose
954 1928 1093 1998 redemit;
1108 1935 1140 1986 ut
1158 1928 1291 1987 enimait

10 1999 169 2068 'Sensim
185 2013 253 2055 nam
270 2013 367 2055 seram
381 2013 498 2055 carnem
511 2003 540 2056 et
558 1997 648 2070 passi·
702 2001 881 2057 liemardus:
904 2021 918 2051 «
939 2000 1102 2058 Suffecisset
1119 2001 1156 2058 ad
1180 2000 1291 2058 redem-

10 2059 161 2141 brien,
184 2069 257 2126 sicut
275 2068 362 2127 ceteri
384 2069 516 2126 homines
536 2070 646 2126 habuit.
702 2071 829 2144 ptionem
844 2071 922 2129 ociis
936 2089 992 2129 una
1025 2071 1205 2130 retiosissimi
1225 2087 1290 2128 sen-

10 2130 131 2212 Sed,
141 2157 175 2199 eo
184 2139 461 2214 plorante,credisnc
469 2140 544 2212 quod
556 2146 648 2199 mater

10 2209 188 2271 notuerit
199 2212 339 2285 iacrymas
351 2210 514 2269 contineret
523 2211 649 2270 Plorarit

10 2286 71 2329 ⁸>-
82 2300 144 2358 rpo,
159 2288 189 2341 et
203 2283 273 2354 ipsa.
290 2285 468 2357 eompaieie,
484 2288 513 2339 et
523 2288 566 2351 tu,
582 2283 648 2353 sibi,

11 2356 94 2419 §tt
109 2356 192 2430 piore
216 2355 303 2413 etiam
328 2370 393 2411 cuin
412 2370 457 2424 eo,
477 2354 544 2426 quia
563 2355 649 2412 hodie

17 2422 40 2463 ¹
57 2436 123 2498 lise
138 2426 251 2484 fortiter
264 2425 396 2499 ploravit.
412 2427 482 2483 llam
501 2425 529 2481 iu
547 2427 649 2484 solem-

21 2494 200 2557 Qitatilius
214 2497 275 2555 istis
289 2497 410 2555 multum
425 2497 550 2569 gaudere
564 2497 648 2554 delie-

27 2566 135 2641 ¹sius,
142 2574 270 2653 propter
281 2569 402 2626 salutern
418 2573 546 2625 nostram
561 2585 647 2640 quain

29 2640 207 2711 (παππία
224 2640 274 2697 sed
288 2639 409 2697 muitum
424 2639 547 2711 compati
557 2646 586 2696 et
599 2638 649 2696 do

702 2143 797 2226 guinis
816 2148 907 2216 gutia,
927 2145 977 2201 sed
1014 2147 1062 2201 ata
1081 2149 1124 2201 est
1150 2142 1241 2214 copia,
1257 2149 1290 2200 ut

703 2232 732 2271 iii
748 2213 879 2272 beneficii
894 2215 1126 2272 recordationem
1141 2215 1232 2271 virtus
1246 2213 1290 2270 di·

703 2285 818 2358 ligentis
851 2287 1044 2355 claresceret,
1074 2289 1184 2358 copioso
1214 2285 1290 2342 enim

703 2357 780 2429 apud
794 2373 854 2412 eum
872 2358 1033 2428 redemptio.
1049 2375 1063 2407 u

739 2433 756 2495 lt
770 2427 827 2484 Curi
842 2444 1006 2483 circuncisio
1019 2444 1160 2483 iiisrirorii
1169 2428 1291 2484 suanir?

703 2530 739 2542 -
754 2500 789 2555 Ui
804 2503 898 2554 autem
918 2498 1023 2554 dictum
1043 2502 1097 2565 est,
1113 2497 1185 2553 ritus
1201 2502 1230 2553 et
1246 2514 1290 2554 re

704 2569 772 2638 ligio
788 2567 1011 2625 circumcisionis
1025 2569 1062 2624 ab
1077 2568 1223 2624 Abraham
1239 2584 1289 2639 pa-

703 2639 828 2697 triarcha
839 2637 961 2710 sumpsit
971 2637 1117 2695 exordium
1130 2655 1136 2705 ;
1154 2636 1221 2708 quia
1234 2638 1290 2710 pri·

704 2709 861 2768 musonius
872 2709 922 2766 Dei
936 2710 1083 2766 confessus
1094 2713 1137 2766 est
1148 2708 1246 2779 iidem,
1262 2715 1291 2767 et

704 2783 733 2839 in
751 2781 862 2865 signum
881 2781 966 2853 hujus
987 2780 1080 2853 primo
1102 2779 1212 2853 accepit
1236 2781 1290 2838 uir-

704 2852 988 2924 cumcisionem,quae
1003 2851 1055 2908 fuit
1065 2852 1179 2927 signum
1193 2851 1292 2910 distin-

704 2941 795 2998 gneus
809 2925 909 2983 fideles
922 2927 959 2982 ab
974 2924 1150 2982 infidelibus.
1165 2925 1292 2983 Gradena

705 2997 781 3054 enini
805 2997 960 3065 Abraham,
985 2995 1078 3054 adhuc
1095 2996 1125 3053 in
1151 2995 1291 3069 praeputio

704 3068 826 3140 positus,
849 3068 940 3126 filium
967 3084 997 3125 se
1014 3067 1189 3137 habiturum,
1206 3082 1291 3139 quem

705 3141 780 3222 Deus
804 3139 837 3222 ei⁸
855 3139 997 3222 promisit,
1012 3140 1099 3221 liujus
1113 3138 1155 3195 rei
1178 3138 1292 3266 sifinum

705 3227 952 3268 circumcisionem
964 3214 1084 3282 accepit,
1102 3217 1134 3265 ut
1145 3225 1201 3280 quo
1233 3224 1295 3264 cre·

705 3284 777 3339 dens
789 3282 961 3354 justificatus
984 3281 1021 3337 sit
1039 3284 1214 3336 cerneretur.
1228 3277 1293 3334 Fuit

35 2696 131 2783 lere,
155 2716 368 2794 propter'suas
393 2726 449 2838 cup

43 2790 110 2859 liro
124 2784 212 2841 uobis
222 2787 366 2840 sustinuit.
382 2783 430 2838 liu
442 2787 599 2839 tumetium
614 2799 647 2839 eii

41 2846 112 2913 hoc
128 2853 269 2912 admirari
282 2852 460 2911 debemusad
467 2854 648 2910 tolerandum

451 2713 551 2794 ustias,
576 2727 648 2783 quas

54 2939 162 3011 pierias
186 2941 240 3009 pro
270 2923 394 2998 peccetis
420 2925 553 3052 propriis,
584 2941 648 2982 cum

53 3012 207 3056 cernimus
219 3011 313 3069 ipsum
328 3001 422 3053 tantas
444 3002 474 3053 to
487 3012 582 3053 erasse
598 3013 649 3067 pro

57 3068 172 3128 alienis.
191 3068 270 3126 Unde
289 3067 330 3124 ait
346 3069 529 3125 Bmuordus:
548 3088 561 3122 u
582 3067 650 3136 Quis

60 3158 118 3199 non
128 3141 282 3198 erubescat
290 3139 516 3220 refugeremulto
525 3138 651 3197 minores

60 3227 163 3284 poenas
175 3227 230 3284 pro
243 3214 367 3282 peccatis
380 3209 450 3280 suis,
459 3226 523 3267 cuin
539 3211 651 3267 nouerit

60 3284 209 3342 comatum
234 3286 317 3339 tante
335 3281 496 3353 pertulisse,
517 3298 575 3339 non
598 3297 650 3356 pro

61 3355 130 3424 suis,
140 3353 195 3411 sed
207 3352 350 3411 alienisiu
363 3354 398 3409 Et
412 3354 560 3410 sciendum
575 3353 650 3425 quud

60 3427 195 3484 &luatur
207 3438 257 3481 sex
271 3423 382 3482 uicibus
396 3424 468 3480 fudit
483 3424 651 3496 sanguinem

59 3512 144 3555 suum
157 3510 212 3568 pro
225 3494 330 3553 nobis:
348 3494 450 3568 primo,
461 3494 491 3551 in
507 3494 652 3553 circumci-

59 3568 152 3638 sione,
160 3571 192 3624 et
202 3567 258 3623 hoc
270 3566 323 3622 fuit
333 3572 438 3623 nostrie
448 3567 652 3639 redemptionis

10 3688 13 3701 .
59 3638 192 3708 initium
206 3638 343 3708 secundo,
358 3637 388 3694 in
403 3639 542 3708 oratione,
556 3644 585 3696 ct
598 3639 653 3695 lioc

59 3710 113 3768 fuit
123 3714 234 3767 nostrae
242 3707 449 3793 redemptionis
462 3709 650 3779 desiderium

59 3782 158 3857 tertio,
173 3781 205 3837 in
221 3780 426 3854 flagellatione,
443 3786 472 3839 ct
490 3786 602 3853 quarto,
623 3781 653 3837 in

59 3850 262 3920 coronatione,
282 3856 312 3908 et
325 3853 379 3910 lioc
397 3853 449 3910 fuit
466 3861 570 3910 nostrae
587 3851 652 3910 red-

60 3922 218 3996 emptionis
232 3925 367 3980 meritum
383 3941 390 3980 :
410 3924 477 4007 quia
495 3927 580 3980 liuore
593 3924 653 3994 ejus

57 3996 158 4051 sonum
167 4010 282 4063 sumum
296 3996 444 4067 quinto,in
458 3995 651 4063 crucifixione,

58 4072 89 4123 ct
103 4067 162 4123 iioc
173 4064 228 4123 fuit
243 4071 349 4123 nostrae
364 4066 567 4139 redemptionis
586 4083 653 4138 pre·

58 4137 145 4206 tium,
160 4141 232 4193 tunc
247 4136 326 4194 enim
343 4153 406 4209 quie
426 4155 484 4195 non
499 4139 593 4210 rapuit
605 4154 653 4194 er-

57 4209 210 4276 solvebat3
229 4212 320 4278 serto,
335 4208 366 4264 in
380 4209 478 4266 lateris
493 4209 652 4281 apertione,

58 4286 89 4338 et
107 4283 165 4338 hoc
184 4278 239 4338 fuit
265 4286 371 4338 nostrae
392 4279 596 4353 redemptionis
612 4296 655 4336 sa-

57 4356 255 4422 cramentum,
269 4366 322 4425 per
339 4351 416 4425 quod
438 4350 582 4425 figuravit,
602 4367 655 4408 nos

706 3369 774 3435 ergo
793 3354 860 3409 data
879 3359 908 3409 et
929 3350 1058 3408 institute
1084 3347 1262 3405 circumcisio
1283 3364 1291 3403 :

726 3440 809 3492 rimo,
824 3429 942 3495 propter
961 3421 1093 3477 meritum
1113 3418 1182 3476 fidei
1200 3421 1293 3476 Abra·

705 3441 762 3565 iiae,
776 3500 808 3551 ut
824 3494 898 3552 sicut
921 3492 978 3548 fide
994 3491 1118 3551 distabat
1132 3506 1150 3547 a
1168 3489 1293 3572 nationi·

708 3562 1295 3635 busceteris,sicdistaretetiamsignocir·

707 3635 898 3695 cumcisionis.
917 3665 952 3677 -
970 3635 1111 3705 Secundo,
1128 3639 1158 3690 ut
1172 3635 1295 3708 populus

708 3705 1294 3789 quicieademprogenienascituruserat,

707 3796 759 3854 per
787 3779 1010 3836 circumcisionis
1036 3793 1148 3851 signum
1174 3779 1297 3850 peculiu-

708 3852 750 3908 ris
764 3853 822 3908 lieo
841 3855 1054 3932 agnosceretur,
1070 3854 1099 3906 et
1113 3851 1150 3906 ab
1169 3849 1234 3907 aliis
1250 3864 1299 3906 na·

708 3922 835 3978 tionibus
847 3921 1067 3989 discerneretur,
1075 3936 1107 3977 ac
1117 3937 1215 3978 semen
1223 3922 1296 3992 ejus,

708 3993 757 4065 qui
766 3993 887 4049 credens
897 3994 955 4049 Deo
968 3992 1021 4048 hoc
1032 3991 1125 4064 ipsum
1135 3995 1297 4064 acceperat,

708 4080 770 4122 osse
786 4063 917 4120 sciretur.
931 4093 967 4105 -
981 4063 1088 4133 Tertio,
1102 4068 1131 4120 ut
1157 4061 1181 4120 si
1200 4062 1247 4135 qui
1262 4078 1296 4118 ex

708 4137 810 4193 codem
824 4135 930 4207 populo
943 4134 972 4190 in
987 4135 1086 4217 praelio
1108 4133 1295 4202 corruissent,

708 4209 762 4264 iioc
773 4205 854 4288 signo
867 4204 1092 4263 circumcisionis
1103 4204 1179 4260 inter
1191 4205 1296 4259 Gentes

709 4278 826 4351 cogniti,
839 4277 907 4351 quia
920 4278 956 4334 de
971 4277 1058 4350 stirpe
1070 4278 1168 4333 sancta
1181 4274 1300 4331 descen·

709 4351 835 4419 derant,
864 4349 1015 4422 sepulturae
1043 4345 1235 4404 traderentur.
1263 4345 1297 4399 lit

1190 4556 1320 4634 ,-
