2790 4912
103 376 136 429 36
507 367 616 421 l'lllss
642 368 762 423 rlbtls
789 368 893 421 tlltl
920 369 939 418 l'

103 482 199 555 piena.
218 480 250 534 ln
269 478 324 533 boc
346 479 442 532 autem
458 475 546 531 verbo
564 476 696 531 Dominus
749 474 907 547 respondit,
923 474 1051 547 cogitans
1064 474 1140 532 intra
1155 475 1344 548 semetipsam

105 558 203 615 tecum,
236 549 408 605 admonetur
435 545 511 603 illius
543 544 697 604 ineffabilis
749 545 785 602 de
807 545 931 603 novitate
956 545 1021 601 talis
1041 545 1230 615 salutationis,
1248 553 1277 604 et
1297 548 1343 604 di-

104 621 222 681 unionis
247 619 385 692 operatio,
408 633 494 690 quam
520 620 579 673 tota
603 615 696 673 Trini-
749 620 825 673 etum
840 615 1024 673 examinans:
1043 633 1100 673 non
1115 617 1192 674 enim
1206 617 1248 674 sie
1263 618 1342 676 saln-

105 698 151 751 tas
179 692 209 748 in
234 706 268 747 ea
286 690 414 761 perierit,
435 704 499 745 eum
524 704 582 745 suae
602 686 697 745 earnis
749 692 810 744 tare
835 686 935 759 Angeli
960 694 1165 745 consueverant
1186 705 1261 757 eam,
1287 706 1343 747 nee

105 762 295 822 substantiam
318 760 421 816 divinae
447 765 568 829 naturae,
589 756 619 815 in
639 774 697 815 una
749 774 884 830 umquam
900 759 970 815 tales
989 759 1137 831 loquentes
1151 759 1292 818 audierat.
1310 764 1342 818 ln

127 849 231 893 ersona
246 849 279 889 co
302 830 398 899 ulavit,
417 830 457 888 ita
479 835 509 887 ut
525 832 600 887 Deus
614 830 697 887 lleret
751 846 807 901 qua
827 829 1009 898 salutatione,
1038 847 1102 887 cnm
1124 830 1235 888 rideret
1254 848 1285 888 se
1305 833 1341 890 de

105 850 204 973 Kenio,
231 909 260 961 et
281 848 368 959 Eume
392 904 476 958 Deus.
501 900 573 968 Quid
597 901 628 957 in
647 900 696 958 illa
750 899 841 958 tribus
862 901 1067 971 commendari,
1082 919 1140 959 non
1158 907 1271 975 poterat
1287 903 1340 961 bu·

105 978 179 1035 bora
206 975 302 1047 gaudii
321 980 350 1030 et
372 971 529 1030 dulcedinis
553 971 695 1041 babuerit,
751 971 826 1028 milis
841 972 963 1029 Domina
977 988 1033 1030 non
1053 972 1172 1031 turbari.
1189 975 1340 1032 Commen-

106 1048 201 1105 nullus
215 1060 351 1117 umquam
366 1043 513 1102 bominum
529 1043 695 1117 adplenum
751 1043 836 1100 datur
854 1042 929 1100 enim
952 1044 1029 1116 quod
1047 1050 1121 1102 esset
1137 1044 1230 1116 gratia
1243 1045 1341 1117 plena,

105 1117 229 1192 experiri
244 1117 344 1190 potuit.
362 1117 416 1173 Per
430 1116 504 1172 bane
515 1113 670 1172 clausulam
687 1133 694 1171 :
750 1119 780 1171 et
790 1114 864 1185 quod
878 1115 1014 1172 Dominus
1026 1121 1101 1172 esset
1109 1132 1215 1185 secum,
1226 1122 1256 1173 et
1263 1118 1340 1190 qued

106 1190 254 1247 Benedicta
285 1197 314 1243 tn
339 1191 371 1243 in
399 1188 571 1250 mutieribus,
604 1185 697 1242 omnis
751 1190 828 1242 esset
855 1186 1004 1243 benedicta
1032 1203 1118 1258 super
1145 1203 1244 1246 omnes
1276 1203 1340 1246 mu·

105 1266 238 1318 ereatura
253 1258 381 1315 mirando
392 1256 521 1330 agnoseit
537 1262 565 1313 et
576 1261 697 1315 testatur
751 1256 844 1314 lieres.
857 1258 893 1312 st
904 1257 1019 1314 humilis
1029 1258 1150 1316 Domina
1160 1275 1216 1315 non
1225 1264 1340 1332 poterat

107 1348 171 1389 eam
192 1330 380 1398 benedictam,
398 1334 428 1386 et
441 1329 591 1386 exaltatam
611 1344 697 1400 super
751 1344 831 1384 suam
854 1329 1129 1386 commendationem
1151 1330 1212 1386 sine
1232 1331 1340 1387 rubore

106 1418 223 1460 omnem
257 1407 429 1471 creaturam,
458 1404 516 1457 tam
552 1399 695 1457 eoelestem
751 1404 780 1455 et
796 1399 960 1457 turbatione
978 1399 1088 1465 audire,
1104 1399 1171 1473 quia
1185 1418 1270 1458 verus
1284 1404 1338 1459 hu-

106 1489 192 1602 guam
211 1479 396 1540 terrestrem
416 1486 469 1544 per
484 1471 567 1528 istam
586 1489 593 1527 ι
611 1474 696 1528 Bene·
751 1470 827 1526 milis
841 1471 875 1528 de
886 1471 1017 1528 laudibus
1029 1478 1058 1528 et
1069 1472 1226 1530 honoribus
1237 1473 1338 1530 erube·

127 1548 197 1602 intus
209 1548 319 1614 [ruebas
333 1548 437 1599 oenotris
451 1547 502 1605 tui,
519 1542 697 1599 benedicitur
752 1558 831 1598 scere
843 1544 915 1599 solet
925 1549 953 1599 et
962 1543 1068 1599 delere.
1077 1544 1155 1599 Unde
1164 1544 1339 1601 Romanius:

105 1621 135 1673 et
153 1616 296 1673 extollitur
318 1614 569 1671 excellentissimus
589 1614 697 1669 tructus
753 1613 862 1680 «Quod
885 1615 999 1671 turbata
1021 1618 1074 1683 est,
1093 1614 1146 1670 luit
1161 1614 1340 1672 verecundie

106 1687 214 1745 centris
229 1686 384 1758 virginalis,
400 1685 447 1756 qui
460 1700 576 1740 omnem
589 1689 697 1741 creatu·
752 1684 912 1755 virginalis3
928 1685 1003 1756 quod
1022 1701 1078 1741 nou
1093 1687 1261 1758 perturbata
1275 1685 1339 1753 luit,

107 1774 169 1815 ram
196 1756 358 1821 vivificavit,
387 1754 584 1825 sanctificarit,
612 1760 640 1811 et
665 1754 695 1811 in
752 1755 941 1824 l'orlit.udinis;
956 1756 1032 1827 qued
1044 1773 1111 1813 vero
1123 1757 1210 1815 tacuit
1224 1763 1255 1813 et
1266 1757 1340 1830 cogi·

109 1835 248 1887 aeternum
263 1825 417 1885 benedixit.
751 1825 831 1895 tacit,
843 1827 893 1883 luit
907 1826 1064 1900 prudentiae
1077 1833 1104 1884 et
1116 1827 1338 1885 discretionis.»

146 1922 173 1956 n
191 1900 325 1967 Quouono
340 1900 432 1953 llsnra
445 1915 566 1955 rennsrs
582 1899 696 1955 rusnrr‘l
790 1918 819 1954 ra
847 1899 906 1965 Quo
934 1917 1017 1956 sessu
1036 1915 1152 1955 onsrmn
1171 1916 1241 1955 mco
1262 1901 1340 1956 Dscu

107 1972 229 2039 -Qnae,
242 1970 305 2042 ipsa
316 1967 696 2041 scilieetVirgebtaria,cnm
751 1970 913 2026 ravennam?
927 2002 960 2011 -
985 1972 1060 2026 Tune
1079 1970 1202 2043 Angelus
1219 1969 1341 2028 intuitus

106 2043 231 2099 audisset
244 2040 445 2098 salutationem
458 2039 569 2111 Angeli,
584 2042 695 2098 turbata
750 2040 940 2123 virginemn
948 2041 1042 2098 varias
1049 2058 1113 2099 eam
1121 2058 1216 2099 secum
1223 2041 1340 2100 volvere

107 2120 157 2179 est,
167 2120 195 2169 et
206 2112 276 2169 nibil
285 2110 440 2184 respondit.
449 2112 509 2167 lton
520 2110 572 2167 luit
583 2113 696 2170 turbata
750 2113 937 2182 cogrtationes
957 2112 1090 2170 facillime
1109 2113 1339 2186 deprehendam,

108 2183 272 2241 turbatione
285 2181 501 2250 incredulitatis,
512 2182 697 2241 sicutZacba·
750 2186 779 2240 et
807 2199 920 2241 causam
949 2200 1007 2240 suae
1041 2184 1211 2241 turbationis
1231 2201 1339 2257 cogno·

107 2254 178 2324 rias,
198 2255 242 2311 rel
260 2254 316 2311 alia
338 2253 448 2310 ratione
469 2253 618 2325 culpabili3
643 2271 695 2313 nec
749 2269 842 2323 scens,
862 2256 1025 2312 consolatur
1039 2254 1179 2329 pavidam,
1196 2256 1340 2313 confortat

107 2323 695 2397 derisioneAngeli,quialtngelosridere
749 2324 950 2395 timentem‚ae
960 2327 1040 2397 quasi
1050 2332 1144 2384 notam
1158 2326 1340 2384 familiariter

107 2397 194 2455 solita
208 2404 279 2454 erat.
298 2398 353 2454 Sed
372 2397 485 2453 turbata
499 2396 550 2453 luit
568 2413 575 2452 ι
590 2396 694 2470 primo,
750 2413 782 2454 ex
797 2397 911 2455 nomine
928 2414 1040 2467 vocans,
1062 2415 1097 2455 ne
1119 2398 1219 2455 timere
1233 2398 1339 2455 debeat

106 2470 260 2526 seeundum
304 2470 532 2538 Gbnsostomum,
580 2475 696 2542 propter
749 2467 873 2539 benigne
890 2470 1044 2540 persuadet
1062 2475 1089 2526 et
1105 2470 1196 2541 jubet,
1213 2468 1339 2526 dicens:

105 2555 188 2597 norm
202 2538 388 2612 apparitionis
400 2538 541 2611 speciem;
558 2539 625 2611 quia
641 2541 694 2597 etsi
749 2542 790 2599 Ne
815 2543 922 2604 timeas,
950 2543 1052 2605 Maria,
1073 2556 1124 2597 nee
1148 2541 1183 2597 de
1205 2540 1340 2598 laudibus

107 2618 244 2670 eonsueta
263 2611 314 2668 tuit
332 2610 430 2669 sidere
448 2611 597 2682 Angelum,
621 2628 696 2669 nunc
750 2626 820 2682 quas
833 2611 883 2669 tibi
897 2611 951 2667 dixi
965 2611 1163 2669 verecunderis
1180 2629 1187 2669 :
1204 2618 1249 2668 est
1262 2610 1339 2668 enim

104 2687 201 2741 tamen
214 2700 287 2740 noro
297 2683 382 2739 modo
392 2682 524 2755 apparuit
533 2681 570 2751 ei,
582 2698 644 2739 sum
666 2688 695 2740 ta
750 2682 854 2739 veritas
878 2682 908 2738 in
934 2683 984 2739 eis.
1007 2684 1064 2740 Nee
1083 2683 1175 2740 selum
1193 2699 1224 2740 es
1244 2683 1340 2755 gratia

105 2754 199 2827 specie
224 2753 376 2827 corporali,
395 2758 425 2810 et
442 2769 506 2810 cum
523 2753 631 2835 ingenti
646 2698 694 2810 ῗυ-
749 2753 844 2825 plena,
861 2755 909 2811 sed
926 2753 1010 2811 etiam
1027 2759 1086 2811 teto
1100 2754 1197 2826 generi
1209 2754 1337 2812 hnmano

105 2826 182 2883 mine
196 2830 223 2882 et
237 2825 456 2897 splenderezex
466 2823 521 2880 boe
533 2824 695 2895 aliqualiter
749 2824 869 2894 gratiam
897 2825 1081 2898 multiplicem
1104 2826 1291 2897 recuperasti,
1310 2832 1340 2883 et

104 3039 210 3107 eundo,
228 3044 355 3165 ἱΡτοριον
378 3036 528 3119 virginalis⁸
549 3036 693 3119 pudicitia
747 3037 865 3107 diceret,
879 3040 1033 3096 secundum
1049 2984 1337 3112 ennsosconnnffil

104 3124 227 3167 verecun
248 3108 444 3177 iam:«Quia,
460 3108 694 3165 utdrcrtAmtro·
747 3110 823 3181 apud
851 3112 940 3167 Deum
967 3117 1091 3168 meretur
1115 3109 1248 3182 gratiam,
1278 3126 1338 3167 non

103 3183 174 3245 sins,
200 3179 343 3251 trepidare
368 3178 508 3250 virginum
536 3186 589 3249 est,
609 3181 692 3237 etad
747 3181 833 3238 habet
850 3181 918 3253 quid
938 3181 1045 3239 timeat.
1066 3180 1212 3250 Invenisti,
1231 3180 1337 3254 inquit,

104 3266 205 3309 omnes
219 3250 272 3305 riri
292 3250 438 3321 ingressus
460 3265 573 3323 parere,
593 3267 693 3309 omnes
747 3268 802 3334 quo
820 3251 944 3309 merito?
961 3255 1042 3311 Certe
1061 3252 1232 3322 humilitate,
1252 3251 1336 3334 pudi-

103 3322 207 3380 allatns
222 3321 274 3378 riri
288 3320 389 3378 vereri.
414 3340 429 3374 o
447 3351 483 3364 -
502 3321 608 3392 Tertio,
622 3337 691 3394 pre·
746 3323 1336 3395 ertiaecastitate,etconscientiaepumtate.

102 3399 168 3466 pter
187 3409 267 3450 nosce
290 3390 468 3449 salutationis
486 3393 618 3463 lemnam,
636 3408 693 3466 qua
746 3396 786 3450 lle
813 3394 905 3466 primo
924 3394 992 3451 dicit
1010 3395 1086 3452 idem
1106 3397 1335 3466 chrysostomus:

103 3480 198 3522 sermo
208 3465 269 3536 ejus
280 3463 438 3546 ingerebat.
450 3464 530 3546 tinde
541 3464 618 3522 idem
626 3466 692 3522 Am·
747 3465 902 3547 «dualiter
914 3466 1032 3539 quisque
1046 3466 1167 3549 gratiam
1184 3466 1335 3540 reperiret,

104 3536 234 3593 mestas:
251 3558 265 3585 α
281 3536 492 3592 Benedretronrs
510 3551 613 3593 novam
632 3538 690 3594 ier·
746 3536 801 3593 nrsi
816 3537 957 3594 mediante
977 3537 1145 3607 bumilitate,
1161 3552 1228 3593 nam
1243 3539 1336 3594 bumi-

103 3608 209 3665 mulam
233 3606 400 3673 mirabatur,
414 3621 478 3678 qum
493 3622 633 3679 nusquam
648 3614 692 3665 est
745 3609 818 3663 tibus
828 3610 902 3666 Dens
914 3610 963 3665 dat
976 3612 1107 3679 oratiam.
1118 3630 1132 3659 n
1144 3610 1184 3665 De
1194 3607 1337 3666 aliisduo-

102 3683 170 3735 ante
184 3684 297 3749 aperta;
311 3676 364 3733 soli
377 3677 472 3733 Marion
485 3678 617 3736 salutatio
628 3679 692 3736 haec
745 3679 798 3736 bus
808 3679 876 3736 dicit
886 3681 1032 3750 Gregorius
1044 3699 1052 3737 ε
1062 3703 1077 3732 «
1091 3679 1199 3737 invertit
1211 3679 1336 3750 gratiam

103 3749 303 3806 serrabatur.»
320 3779 352 3789 -
366 3748 482 3818 Quarto,
500 3754 617 3822 propter
631 3750 691 3807 lau·
745 3766 810 3808 vere
823 3767 919 3807 coram
936 3755 1003 3821 lieo,
1015 3752 1080 3823 quia
1092 3750 1244 3823 splendore
1255 3749 1338 3822 pudi-

101 3819 226 3877 dationis
252 3818 457 3889 excellentiam,
485 3835 542 3891 qua
567 3822 692 3894 Angelus
744 3821 818 3879 cilice
849 3823 992 3894 propriam
1025 3838 1166 3879 exornans
1196 3821 1336 3891 animam,

101 3888 132 3947 in
147 3906 198 3947 sue
213 3905 344 3948 sermone
357 3890 573 3971 eamlaudacit:
585 3897 690 3949 sunctae
744 3900 856 3964 gratum
878 3910 908 3950 se
927 3897 984 3951 Deo
1004 3893 1196 3951 babitaculum
1221 3908 1334 3965 praepa·

101 3961 179 4018 enim
198 3968 308 4019 mentes
329 3960 489 4030 humilium,
505 3968 611 4032 quanto
628 3978 689 4019 am·
744 3963 830 4032 rarit;
847 3970 875 4022 et
889 3981 947 4021 non
962 3965 1053 4022 solum
1070 3963 1229 4022 caelibatum
1244 3963 1336 4021 invio·

100 4031 177 4103 plius
222 4031 352 4089 laudibus
393 4032 570 4103 attolluntur,
612 4040 690 4090 tanto
744 4035 858 4092 labilem
873 4036 1003 4108 reliquit,
1024 4035 1073 4093 sed
1093 4034 1179 4091 etiam
1193 4034 1334 4092 immacu·

78 4096 195 4544 ἳείε
214 4104 326 4160 timent.
351 4103 476 4161 Turbata
495 4119 564 4175 ergo
586 4104 638 4161 luit
657 4121 690 4162 er
743 4105 1334 4233 latameonscientiamcustodicit.»ltaplue

103 2896 257 2968 perterrita
285 2895 347 2951 luit.
380 2893 459 2951 Unde
478 2898 611 2951 cantatur
631 2913 638 2951 :
658 2899 695 2953 m
747 2911 779 2952 re
789 2899 921 2953 invenisti
930 2898 1007 2969 apud
1015 2900 1099 2953 Deum
1110 2901 1240 2966 gratiam,
1250 2913 1337 3036 guam

104 2970 262 3039 expavescit
290 2970 376 3035 Virgo
400 2966 434 3021 de
458 2966 569 3023 iumine.
589 2994 624 3009 -
644 2968 694 3024 Se·
748 2966 971 3040 nullaumquam
982 2968 1087 3041 reperit
1101 2974 1240 3025 ereatura.

137 4175 272 4232 recundia
292 4174 418 4232 virtuosa
439 4181 468 4231 et
488 4176 621 4244 lronesta;
640 4176 691 4234 sed
743 4176 876 4235 invenisti
895 4178 1027 4251 gratiam,
1048 4177 1154 4234 scilicet
1169 4175 1220 4234 Dei
1239 4183 1268 4234 et
1303 4193 1334 4234 o-

139 4262 161 4305 n
179 4247 352 4319 perturbata.
371 4245 449 4303 tlnde
466 4252 610 4317 tamquam
624 4263 690 4319 pru·
743 4249 862 4318 minum,
873 4247 1333 4323 pacem,mortisdestructionem,

158 4324 212 4375 set
226 4322 319 4388 canta,
335 4323 364 4375 et
376 4321 435 4375 tola
450 4317 604 4390 pudorosa,
620 4317 689 4375 nihil
743 4325 771 4377 et
786 4321 849 4376 ritae
867 4320 1087 4393 reparationem,
1102 4326 1132 4377 ut
1145 4336 1198 4393 per
1212 4325 1241 4377 te
1257 4321 1334 4378 bens
