<?xml version="1.0" encoding="UTF-8"?>
<!DOCTYPE html PUBLIC "-//W3C//DTD XHTML 1.0 Transitional//EN"
    "http://www.w3.org/TR/xhtml1/DTD/xhtml1-transitional.dtd">
<html xmlns="http://www.w3.org/1999/xhtml" xml:lang="en" lang="en">
 <head>
  <title>
</title>
<meta http-equiv="Content-Type" content="text/html;charset=utf-8" />
  <meta name='ocr-system' content='tesseract 3.04.00' />
  <meta name='ocr-capabilities' content='ocr_page ocr_carea ocr_par ocr_line ocrx_word'/>
</head>
<body>
  <div class='ocr_page' id='page_1' title='image "./vitajesuchristi02ludogoog_0150.png"; bbox 0 0 2790 4912; ppageno 0'>
   <div class='ocr_carea' id='block_1_1' title="bbox 226 294 1341 358">
    <p class='ocr_par' dir='ltr' id='par_1_1' title="bbox 226 294 1341 358">
     <span class='ocr_line' id='line_1_1' title="bbox 226 294 1341 358; baseline 0.005 -7"><span class='ocrx_word' id='word_1_1' title='bbox 226 297 329 351; x_wconf 78' lang='lat' dir='ltr'><strong>lucra</strong></span> <span class='ocrx_word' id='word_1_2' title='bbox 355 294 492 349; x_wconf 79' lang='lat' dir='ltr'>CHRISTI</span> <span class='ocrx_word' id='word_1_3' title='bbox 519 294 561 347; x_wconf 74' lang='lat' dir='ltr'><strong>AB</strong></span> <span class='ocrx_word' id='word_1_4' title='bbox 585 295 671 348; x_wconf 77' lang='lat' dir='ltr'><strong>silbo</strong></span> <span class='ocrx_word' id='word_1_5' title='bbox 698 296 751 349; x_wconf 85' lang='lat' dir='ltr'><strong>XII</strong></span> <span class='ocrx_word' id='word_1_6' title='bbox 777 297 883 358; x_wconf 76' lang='lat' dir='ltr'>USQUE</span> <span class='ocrx_word' id='word_1_7' title='bbox 909 298 951 351; x_wconf 77' lang='lat' dir='ltr'><strong>Ab</strong></span> <span class='ocrx_word' id='word_1_8' title='bbox 977 299 1094 353; x_wconf 68' lang='lat' dir='ltr'><strong>ababli</strong></span> <span class='ocrx_word' id='word_1_9' title='bbox 1120 301 1212 355; x_wconf 82' lang='lat' dir='ltr'>XXX.</span> <span class='ocrx_word' id='word_1_10' title='bbox 1297 304 1341 358; x_wconf 78' lang='lat' dir='ltr'><strong>itt</strong></span> 
     </span>
    </p>
   </div>
   <div class='ocr_carea' id='block_1_2' title="bbox 70 401 1341 2976">
    <p class='ocr_par' dir='ltr' id='par_1_2' title="bbox 70 401 1341 2976">
     <span class='ocr_line' id='line_1_2' title="bbox 80 401 1339 544; baseline 0.002 -8"><span class='ocrx_word' id='word_1_11' title='bbox 80 401 695 544; x_wconf 68' lang='lat' dir='ltr'><strong>⁶⁵¹t¹²lla⁵tt¹llltlt⁰lt2tttttt:</strong></span> <span class='ocrx_word' id='word_1_12' title='bbox 750 406 1290 536; x_wconf 51' lang='lat' dir='ltr'><strong>titllttltttltlltltitle</strong></span> <span class='ocrx_word' id='word_1_13' title='bbox 1303 411 1339 539; x_wconf 59' lang='grc' dir='ltr'><strong>Ἣ</strong></span> 
     </span>
     <span class='ocr_line' id='line_1_3' title="bbox 83 490 1340 630; baseline 0.002 -23"><span class='ocrx_word' id='word_1_14' title='bbox 83 500 476 630; x_wconf 51' lang='lat' dir='ltr'><strong>ffineaticnjnstamosie&#39;t</strong></span> <span class='ocrx_word' id='word_1_15' title='bbox 490 490 596 619; x_wconf 61' lang='lat' dir='ltr'><strong>puglici</strong></span> <span class='ocrx_word' id='word_1_16' title='bbox 611 544 695 602; x_wconf 88' lang='lat' dir='ltr'><strong>mira·</strong></span> <span class='ocrx_word' id='word_1_17' title='bbox 750 491 917 629; x_wconf 57' lang='lat' dir='ltr'><strong>vigesimum</strong></span> <span class='ocrx_word' id='word_1_18' title='bbox 947 521 1075 620; x_wconf 67' lang='lat' dir='ltr'><strong>quintu’m</strong></span> <span class='ocrx_word' id='word_1_19' title='bbox 1100 555 1128 606; x_wconf 91' lang='lat' dir='ltr'><strong>et</strong></span> <span class='ocrx_word' id='word_1_20' title='bbox 1153 496 1340 621; x_wconf 45' lang='lat' dir='ltr'><strong>unmeazeufia</strong></span> 
     </span>
     <span class='ocr_line' id='line_1_4' title="bbox 94 618 1340 699; baseline 0.004 -23"><span class='ocrx_word' id='word_1_21' title='bbox 94 622 174 687; x_wconf 63' lang='lat' dir='ltr'><strong>culi</strong></span> <span class='ocrx_word' id='word_1_22' title='bbox 182 621 267 677; x_wconf 81' lang='lat' dir='ltr'><strong>taliter</strong></span> <span class='ocrx_word' id='word_1_23' title='bbox 280 623 356 675; x_wconf 89' lang='lat' dir='ltr'><strong>mter</strong></span> <span class='ocrx_word' id='word_1_24' title='bbox 366 618 504 699; x_wconf 36' lang='lat' dir='ltr'><strong>hommes·</strong></span> <span class='ocrx_word' id='word_1_25' title='bbox 512 621 696 673; x_wconf 82' lang='lat' dir='ltr'><strong>conversatus</strong></span> <span class='ocrx_word' id='word_1_26' title='bbox 750 619 870 675; x_wconf 81' lang='lat' dir='ltr'><strong>iaciebat</strong></span> <span class='ocrx_word' id='word_1_27' title='bbox 886 636 984 691; x_wconf 89' lang='lat' dir='ltr'><strong>opera,</strong></span> <span class='ocrx_word' id='word_1_28' title='bbox 997 619 1122 692; x_wconf 87' lang='lat' dir='ltr'>aliquam</span> <span class='ocrx_word' id='word_1_29' title='bbox 1136 622 1260 693; x_wconf 89' lang='lat' dir='ltr'><strong>speciem</strong></span> <span class='ocrx_word' id='word_1_30' title='bbox 1276 640 1340 696; x_wconf 82' lang='lat' dir='ltr'><strong>pro</strong></span> 
     </span>
     <span class='ocr_line' id='line_1_5' title="bbox 99 688 1337 765; baseline 0.002 -16"><span class='ocrx_word' id='word_1_31' title='bbox 99 689 297 763; x_wconf 71' lang='lat' dir='ltr'><strong>fueritquasi</strong></span> <span class='ocrx_word' id='word_1_32' title='bbox 314 704 389 746; x_wconf 88' lang='lat' dir='ltr'><strong>unus</strong></span> <span class='ocrx_word' id='word_1_33' title='bbox 410 705 442 746; x_wconf 83' lang='lat' dir='ltr'><strong>ex</strong></span> <span class='ocrx_word' id='word_1_34' title='bbox 464 688 531 757; x_wconf 82' lang='lat' dir='ltr'><strong>illis,</strong></span> <span class='ocrx_word' id='word_1_35' title='bbox 547 689 638 745; x_wconf 85' lang='lat' dir='ltr'><strong>donee</strong></span> <span class='ocrx_word' id='word_1_36' title='bbox 658 688 695 745; x_wconf 88' lang='lat' dir='ltr'><strong>ad</strong></span> <span class='ocrx_word' id='word_1_37' title='bbox 750 689 847 746; x_wconf 90' lang='lat' dir='ltr'><strong>bitatis</strong></span> <span class='ocrx_word' id='word_1_38' title='bbox 882 696 911 746; x_wconf 91' lang='lat' dir='ltr'><strong>et</strong></span> <span class='ocrx_word' id='word_1_39' title='bbox 947 691 1089 748; x_wconf 82' lang='lat' dir='ltr'><strong>uirilitatis</strong></span> <span class='ocrx_word' id='word_1_40' title='bbox 1122 695 1337 765; x_wconf 80' lang='lat' dir='ltr'><strong>praetendentia.</strong></span> 
     </span>
     <span class='ocr_line' id='line_1_6' title="bbox 105 759 1338 834; baseline 0.002 -13"><span class='ocrx_word' id='word_1_41' title='bbox 105 763 219 826; x_wconf 69' lang='lat' dir='ltr'><strong>vitilem</strong></span> <span class='ocrx_word' id='word_1_42' title='bbox 228 760 356 834; x_wconf 82' lang='lat' dir='ltr'><strong>peruenit</strong></span> <span class='ocrx_word' id='word_1_43' title='bbox 363 765 487 817; x_wconf 77' lang='lat' dir='ltr'><strong>aetatem.</strong></span> <span class='ocrx_word' id='word_1_44' title='bbox 497 759 577 816; x_wconf 89' lang='lat' dir='ltr'><strong>Unde</strong></span> <span class='ocrx_word' id='word_1_45' title='bbox 586 759 621 817; x_wconf 91' lang='lat' dir='ltr'><strong>de</strong></span> <span class='ocrx_word' id='word_1_46' title='bbox 633 759 694 831; x_wconf 89' lang='lat' dir='ltr'><strong>ipso</strong></span> <span class='ocrx_word' id='word_1_47' title='bbox 751 762 909 833; x_wconf 73' lang='lat' dir='ltr'><strong>Stupebant</strong></span> <span class='ocrx_word' id='word_1_48' title='bbox 928 763 1113 820; x_wconf 87' lang='lat' dir='ltr'><strong>vehementer</strong></span> <span class='ocrx_word' id='word_1_49' title='bbox 1128 780 1203 834; x_wconf 91' lang='lat' dir='ltr'><strong>eum,</strong></span> <span class='ocrx_word' id='word_1_50' title='bbox 1216 770 1244 822; x_wconf 91' lang='lat' dir='ltr'><strong>et</strong></span> <span class='ocrx_word' id='word_1_51' title='bbox 1262 766 1338 823; x_wconf 91' lang='lat' dir='ltr'><strong>deri·</strong></span> 
     </span>
     <span class='ocr_line' id='line_1_7' title="bbox 94 831 1340 905; baseline 0.003 -14"><span class='ocrx_word' id='word_1_52' title='bbox 94 860 97 865; x_wconf 94' lang='lat'>·</span> <span class='ocrx_word' id='word_1_53' title='bbox 113 833 185 897; x_wconf 73' lang='lat' dir='ltr'><strong>elicit</strong></span> <span class='ocrx_word' id='word_1_54' title='bbox 193 837 310 891; x_wconf 85' lang='lat' dir='ltr'><strong>loannes</strong></span> <span class='ocrx_word' id='word_1_55' title='bbox 320 831 449 905; x_wconf 88' lang='lat' dir='ltr'><strong>Baptista</strong></span> <span class='ocrx_word' id='word_1_56' title='bbox 461 849 469 887; x_wconf 90' lang='lat'>:</span> <span class='ocrx_word' id='word_1_57' title='bbox 481 832 591 888; x_wconf 75' lang='lat' dir='ltr'><strong>Medius</strong></span> <span class='ocrx_word' id='word_1_58' title='bbox 604 837 695 887; x_wconf 82' lang='lat' dir='ltr'><strong>nutem</strong></span> <span class='ocrx_word' id='word_1_59' title='bbox 751 832 868 900; x_wconf 88' lang='lat' dir='ltr'><strong>debant,</strong></span> <span class='ocrx_word' id='word_1_60' title='bbox 887 837 914 890; x_wconf 91' lang='lat' dir='ltr'><strong>et</strong></span> <span class='ocrx_word' id='word_1_61' title='bbox 936 835 1011 905; x_wconf 90' lang='lat' dir='ltr'><strong>apud</strong></span> <span class='ocrx_word' id='word_1_62' title='bbox 1031 851 1130 892; x_wconf 87' lang='lat' dir='ltr'><strong>omnes</strong></span> <span class='ocrx_word' id='word_1_63' title='bbox 1152 837 1340 895; x_wconf 90' lang='lat' dir='ltr'><strong>communiter</strong></span> 
     </span>
     <span class='ocr_line' id='line_1_8' title="bbox 118 902 1339 989; baseline 0.002 -25"><span class='ocrx_word' id='word_1_64' title='bbox 118 911 227 967; x_wconf 63' lang='lat' dir='ltr'><strong>nabun</strong></span> <span class='ocrx_word' id='word_1_65' title='bbox 246 907 332 968; x_wconf 80' lang='lat' dir='ltr'><strong>stetit,</strong></span> <span class='ocrx_word' id='word_1_66' title='bbox 354 920 434 974; x_wconf 80' lang='lat' dir='ltr'><strong>quem</strong></span> <span class='ocrx_word' id='word_1_67' title='bbox 452 918 500 985; x_wconf 83' lang='lat' dir='ltr'><strong>uos</strong></span> <span class='ocrx_word' id='word_1_68' title='bbox 522 905 645 960; x_wconf 83' lang='lat' dir='ltr'><strong>nescitis.</strong></span> <span class='ocrx_word' id='word_1_69' title='bbox 661 904 696 958; x_wconf 88' lang='lat' dir='ltr'><strong>Et</strong></span> <span class='ocrx_word' id='word_1_70' title='bbox 751 902 814 963; x_wconf 86' lang='lat' dir='ltr'><strong>vilis</strong></span> <span class='ocrx_word' id='word_1_71' title='bbox 838 909 867 960; x_wconf 92' lang='lat' dir='ltr'><strong>et</strong></span> <span class='ocrx_word' id='word_1_72' title='bbox 891 905 1018 977; x_wconf 86' lang='lat' dir='ltr'><strong>abjectus</strong></span> <span class='ocrx_word' id='word_1_73' title='bbox 1043 908 1238 989; x_wconf 87' lang='lat' dir='ltr'><strong>reputabatur.</strong></span> <span class='ocrx_word' id='word_1_74' title='bbox 1260 910 1339 976; x_wconf 83' lang='lat' dir='ltr'><strong>Quod</strong></span> 
     </span>
     <span class='ocr_line' id='line_1_9' title="bbox 122 974 1340 1057; baseline 0 -19"><span class='ocrx_word' id='word_1_75' title='bbox 122 974 695 1057; x_wconf 82' lang='lat' dir='ltr'><strong>totunistudlempusbremtercomploxus</strong></span> <span class='ocrx_word' id='word_1_76' title='bbox 750 974 824 1032; x_wconf 91' lang='lat' dir='ltr'><strong>bene</strong></span> <span class='ocrx_word' id='word_1_77' title='bbox 834 991 885 1047; x_wconf 91' lang='lat' dir='ltr'><strong>per</strong></span> <span class='ocrx_word' id='word_1_78' title='bbox 895 977 1066 1048; x_wconf 88' lang='lat' dir='ltr'><strong>Prophetam</strong></span> <span class='ocrx_word' id='word_1_79' title='bbox 1077 995 1106 1034; x_wconf 94' lang='lat' dir='ltr'><strong>m</strong></span> <span class='ocrx_word' id='word_1_80' title='bbox 1118 995 1241 1050; x_wconf 90' lang='lat' dir='ltr'><strong>persona</strong></span> <span class='ocrx_word' id='word_1_81' title='bbox 1250 979 1340 1052; x_wconf 88' lang='lat' dir='ltr'><strong>ipsius</strong></span> 
     </span>
     <span class='ocr_line' id='line_1_10' title="bbox 107 1045 1340 1118; baseline 0 -9"><span class='ocrx_word' id='word_1_82' title='bbox 107 1068 110 1073; x_wconf 89' lang='lat'>·</span> <span class='ocrx_word' id='word_1_83' title='bbox 128 1050 252 1109; x_wconf 56' lang='lat' dir='ltr'><strong>&amp;tincas</strong></span> <span class='ocrx_word' id='word_1_84' title='bbox 262 1047 314 1104; x_wconf 90' lang='lat' dir='ltr'><strong>sub</strong></span> <span class='ocrx_word' id='word_1_85' title='bbox 326 1047 372 1103; x_wconf 81' lang='lat' dir='ltr'><strong>bus</strong></span> <span class='ocrx_word' id='word_1_86' title='bbox 380 1045 475 1103; x_wconf 74' lang='lat' dir='ltr'><strong>serbis</strong></span> <span class='ocrx_word' id='word_1_87' title='bbox 488 1063 496 1101; x_wconf 77' lang='lat' dir='ltr'><strong>t</strong></span> <span class='ocrx_word' id='word_1_88' title='bbox 507 1049 544 1103; x_wconf 82' lang='lat' dir='ltr'><strong>Et</strong></span> <span class='ocrx_word' id='word_1_89' title='bbox 556 1046 696 1102; x_wconf 81' lang='lat' dir='ltr'><strong>descendit</strong></span> <span class='ocrx_word' id='word_1_90' title='bbox 750 1045 856 1104; x_wconf 93' lang='lat' dir='ltr'><strong>dictum</strong></span> <span class='ocrx_word' id='word_1_91' title='bbox 869 1048 963 1105; x_wconf 87' lang='lat' dir='ltr'><strong>luerat</strong></span> <span class='ocrx_word' id='word_1_92' title='bbox 974 1065 981 1104; x_wconf 75' lang='grc' dir='ltr'>ε</span> <span class='ocrx_word' id='word_1_93' title='bbox 994 1052 1052 1118; x_wconf 77' lang='lat' dir='ltr'><strong>Epo</strong></span> <span class='ocrx_word' id='word_1_94' title='bbox 1064 1065 1125 1105; x_wconf 85' lang='lat' dir='ltr'><strong>sum</strong></span> <span class='ocrx_word' id='word_1_95' title='bbox 1136 1055 1236 1107; x_wconf 65' lang='lat' dir='ltr'><strong>ommis</strong></span> <span class='ocrx_word' id='word_1_96' title='bbox 1248 1058 1273 1108; x_wconf 81' lang='lat' dir='ltr'><strong>et</strong></span> <span class='ocrx_word' id='word_1_97' title='bbox 1285 1069 1340 1109; x_wconf 82' lang='lat' dir='ltr'><strong>aon</strong></span> 
     </span>
     <span class='ocr_line' id='line_1_11' title="bbox 130 1118 1339 1193; baseline 0.003 -17"><span class='ocrx_word' id='word_1_98' title='bbox 130 1123 264 1185; x_wconf 68' lang='lat' dir='ltr'><strong>mulcet</strong></span> <span class='ocrx_word' id='word_1_99' title='bbox 277 1123 337 1175; x_wconf 83' lang='lat' dir='ltr'><strong>erut</strong></span> <span class='ocrx_word' id='word_1_100' title='bbox 350 1119 478 1174; x_wconf 84' lang='lat' dir='ltr'><strong>subditus</strong></span> <span class='ocrx_word' id='word_1_101' title='bbox 491 1118 652 1174; x_wconf 72' lang='lat' dir='ltr'><strong>illicitudo</strong></span> <span class='ocrx_word' id='word_1_102' title='bbox 667 1122 696 1173; x_wconf 91' lang='lat' dir='ltr'><strong>et</strong></span> <span class='ocrx_word' id='word_1_103' title='bbox 750 1119 838 1182; x_wconf 82' lang='lat' dir='ltr'><strong>bomo,</strong></span> <span class='ocrx_word' id='word_1_104' title='bbox 847 1120 1025 1190; x_wconf 83' lang='lat' dir='ltr'><strong>opprobrium</strong></span> <span class='ocrx_word' id='word_1_105' title='bbox 1037 1123 1177 1178; x_wconf 83' lang='lat' dir='ltr'><strong>bominum</strong></span> <span class='ocrx_word' id='word_1_106' title='bbox 1187 1129 1212 1179; x_wconf 81' lang='lat' dir='ltr'><strong>et</strong></span> <span class='ocrx_word' id='word_1_107' title='bbox 1222 1124 1339 1193; x_wconf 81' lang='lat' dir='ltr'><strong>objectio</strong></span> 
     </span>
     <span class='ocr_line' id='line_1_12' title="bbox 133 1188 1340 1261; baseline 0.003 -14"><span class='ocrx_word' id='word_1_108' title='bbox 133 1193 248 1248; x_wconf 69' lang='lat' dir='ltr'><strong>maus:</strong></span> <span class='ocrx_word' id='word_1_109' title='bbox 264 1214 278 1241; x_wconf 82' lang='lat' dir='ltr'><strong>u</strong></span> <span class='ocrx_word' id='word_1_110' title='bbox 294 1189 386 1246; x_wconf 85' lang='lat' dir='ltr'><strong>Medio</strong></span> <span class='ocrx_word' id='word_1_111' title='bbox 403 1195 544 1261; x_wconf 88' lang='lat' dir='ltr'><strong>tempore,</strong></span> <span class='ocrx_word' id='word_1_112' title='bbox 557 1188 695 1246; x_wconf 82' lang='lat' dir='ltr'>sciliceta</span> <span class='ocrx_word' id='word_1_113' title='bbox 746 1191 848 1261; x_wconf 82' lang='lat' dir='ltr'><strong>plebis.</strong></span> <span class='ocrx_word' id='word_1_114' title='bbox 864 1191 961 1246; x_wconf 82' lang='lat' dir='ltr'><strong><em>Omnes</em></strong></span> <span class='ocrx_word' id='word_1_115' title='bbox 977 1193 1100 1248; x_wconf 81' lang='lat' dir='ltr'><strong>uidentes</strong></span> <span class='ocrx_word' id='word_1_116' title='bbox 1123 1210 1165 1249; x_wconf 86' lang='lat' dir='ltr'><strong>me</strong></span> <span class='ocrx_word' id='word_1_117' title='bbox 1185 1195 1340 1251; x_wconf 79' lang='lat' dir='ltr'><strong>deriserumt</strong></span> 
     </span>
     <span class='ocr_line' id='line_1_13' title="bbox 132 1260 1338 1334; baseline 0.002 -15"><span class='ocrx_word' id='word_1_118' title='bbox 132 1262 350 1333; x_wconf 79' lang='lat' dir='ltr'><strong>mddtatcusque</strong></span> <span class='ocrx_word' id='word_1_119' title='bbox 358 1260 394 1318; x_wconf 91' lang='lat' dir='ltr'><strong>ad</strong></span> <span class='ocrx_word' id='word_1_120' title='bbox 402 1261 577 1334; x_wconf 89' lang='lat' dir='ltr'><strong>Baptismum</strong></span> <span class='ocrx_word' id='word_1_121' title='bbox 586 1260 694 1318; x_wconf 93' lang='lat' dir='ltr'><strong>nullum</strong></span> <span class='ocrx_word' id='word_1_122' title='bbox 748 1277 801 1326; x_wconf 86' lang='lat' dir='ltr'><strong>mo,</strong></span> <span class='ocrx_word' id='word_1_123' title='bbox 818 1263 901 1316; x_wconf 85' lang='lat' dir='ltr'><strong>locati</strong></span> <span class='ocrx_word' id='word_1_124' title='bbox 912 1266 976 1317; x_wconf 84' lang='lat' dir='ltr'><strong>sunt</strong></span> <span class='ocrx_word' id='word_1_125' title='bbox 992 1264 1085 1327; x_wconf 85' lang='lat' dir='ltr'><strong>tabiis,</strong></span> <span class='ocrx_word' id='word_1_126' title='bbox 1099 1269 1125 1319; x_wconf 86' lang='lat' dir='ltr'><strong>et</strong></span> <span class='ocrx_word' id='word_1_127' title='bbox 1140 1271 1280 1321; x_wconf 82' lang='lat' dir='ltr'><strong>mouerunt</strong></span> <span class='ocrx_word' id='word_1_128' title='bbox 1293 1282 1338 1322; x_wconf 87' lang='lat' dir='ltr'><strong>cu·</strong></span> 
     </span>
     <span class='ocr_line' id='line_1_14' title="bbox 135 1330 1340 1405; baseline 0.003 -16"><span class='ocrx_word' id='word_1_129' title='bbox 135 1332 273 1391; x_wconf 79' lang='lat' dir='ltr'><strong>minuatum</strong></span> <span class='ocrx_word' id='word_1_130' title='bbox 287 1332 415 1391; x_wconf 83' lang='lat' dir='ltr'><strong>Christus</strong></span> <span class='ocrx_word' id='word_1_131' title='bbox 426 1338 561 1404; x_wconf 87' lang='lat' dir='ltr'><strong>operatus</strong></span> <span class='ocrx_word' id='word_1_132' title='bbox 575 1337 628 1400; x_wconf 87' lang='lat' dir='ltr'><strong>est,</strong></span> <span class='ocrx_word' id='word_1_133' title='bbox 644 1330 694 1388; x_wconf 92' lang='lat' dir='ltr'><strong>sed</strong></span> <span class='ocrx_word' id='word_1_134' title='bbox 749 1337 811 1403; x_wconf 83' lang='lat' dir='ltr'><strong>put.</strong></span> <span class='ocrx_word' id='word_1_135' title='bbox 827 1332 971 1389; x_wconf 83' lang='lat' dir='ltr'><strong>Reddebat</strong></span> <span class='ocrx_word' id='word_1_136' title='bbox 987 1350 1055 1405; x_wconf 89' lang='lat' dir='ltr'><strong>ergo</strong></span> <span class='ocrx_word' id='word_1_137' title='bbox 1069 1350 1099 1391; x_wconf 92' lang='lat' dir='ltr'><strong>se</strong></span> <span class='ocrx_word' id='word_1_138' title='bbox 1111 1334 1196 1391; x_wconf 84' lang='lat' dir='ltr'><strong>vilem</strong></span> <span class='ocrx_word' id='word_1_139' title='bbox 1208 1337 1340 1394; x_wconf 87' lang='lat' dir='ltr'><strong>omnibus</strong></span> 
     </span>
     <span class='ocr_line' id='line_1_15' title="bbox 117 1403 1340 1477; baseline 0.003 -18"><span class='ocrx_word' id='word_1_140' title='bbox 117 1405 262 1461; x_wconf 81' lang='lat' dir='ltr'><strong>‘oonlormis</strong></span> <span class='ocrx_word' id='word_1_141' title='bbox 274 1403 498 1461; x_wconf 84' lang='lat' dir='ltr'><strong>conversationis</strong></span> <span class='ocrx_word' id='word_1_142' title='bbox 512 1403 575 1460; x_wconf 87' lang='lat' dir='ltr'><strong>aliis</strong></span> <span class='ocrx_word' id='word_1_143' title='bbox 586 1409 657 1472; x_wconf 90' lang='lat' dir='ltr'><strong>erat,</strong></span> <span class='ocrx_word' id='word_1_144' title='bbox 667 1407 695 1460; x_wconf 91' lang='lat' dir='ltr'><strong>et</strong></span> <span class='ocrx_word' id='word_1_145' title='bbox 750 1408 779 1459; x_wconf 87' lang='lat' dir='ltr'><strong>et</strong></span> <span class='ocrx_word' id='word_1_146' title='bbox 792 1404 944 1475; x_wconf 90' lang='lat' dir='ltr'><strong>abjectum.</strong></span> <span class='ocrx_word' id='word_1_147' title='bbox 961 1404 1016 1461; x_wconf 90' lang='lat' dir='ltr'><strong>Sed</strong></span> <span class='ocrx_word' id='word_1_148' title='bbox 1044 1422 1080 1461; x_wconf 87' lang='lat' dir='ltr'><strong>an</strong></span> <span class='ocrx_word' id='word_1_149' title='bbox 1104 1405 1155 1461; x_wconf 95' lang='lat' dir='ltr'><strong>tibi</strong></span> <span class='ocrx_word' id='word_1_150' title='bbox 1172 1422 1271 1477; x_wconf 86' lang='lat' dir='ltr'><strong>parum</strong></span> <span class='ocrx_word' id='word_1_151' title='bbox 1286 1408 1340 1463; x_wconf 93' lang='lat' dir='ltr'><strong>boc</strong></span> 
     </span>
     <span class='ocr_line' id='line_1_16' title="bbox 136 1474 1338 1557; baseline 0.002 -26"><span class='ocrx_word' id='word_1_152' title='bbox 136 1489 178 1531; x_wconf 79' lang='lat' dir='ltr'><strong>saia</strong></span> <span class='ocrx_word' id='word_1_153' title='bbox 190 1476 266 1533; x_wconf 84' lang='lat' dir='ltr'><strong>rlrtus</strong></span> <span class='ocrx_word' id='word_1_154' title='bbox 284 1476 382 1548; x_wconf 87' lang='lat' dir='ltr'><strong>ignota</strong></span> <span class='ocrx_word' id='word_1_155' title='bbox 400 1474 531 1532; x_wconf 92' lang='lat' dir='ltr'><strong>omnibus</strong></span> <span class='ocrx_word' id='word_1_156' title='bbox 545 1474 692 1532; x_wconf 73' lang='lat' dir='ltr'><strong>existebat.</strong></span> <span class='ocrx_word' id='word_1_157' title='bbox 750 1475 883 1531; x_wconf 80' lang='lat' dir='ltr'><strong>videtur?</strong></span> <span class='ocrx_word' id='word_1_158' title='bbox 896 1478 958 1557; x_wconf 86' lang='lat' dir='ltr'><strong>lpse</strong></span> <span class='ocrx_word' id='word_1_159' title='bbox 976 1475 1091 1547; x_wconf 87' lang='lat' dir='ltr'><strong>quidem</strong></span> <span class='ocrx_word' id='word_1_160' title='bbox 1108 1491 1167 1531; x_wconf 94' lang='lat' dir='ltr'><strong>non</strong></span> <span class='ocrx_word' id='word_1_161' title='bbox 1181 1475 1338 1547; x_wconf 81' lang='lat' dir='ltr'><strong>indigebat,</strong></span> 
     </span>
     <span class='ocr_line' id='line_1_17' title="bbox 136 1545 1340 1615; baseline 0.004 -15"><span class='ocrx_word' id='word_1_162' title='bbox 136 1545 187 1602; x_wconf 84' lang='lat' dir='ltr'><strong>ldeo</strong></span> <span class='ocrx_word' id='word_1_163' title='bbox 197 1555 282 1605; x_wconf 90' lang='lat' dir='ltr'><strong>autem</strong></span> <span class='ocrx_word' id='word_1_164' title='bbox 297 1563 355 1604; x_wconf 95' lang='lat' dir='ltr'><strong>non</strong></span> <span class='ocrx_word' id='word_1_165' title='bbox 368 1546 434 1604; x_wconf 88' lang='lat' dir='ltr'><strong>lecit</strong></span> <span class='ocrx_word' id='word_1_166' title='bbox 445 1547 591 1615; x_wconf 87' lang='lat' dir='ltr'><strong>miracula,</strong></span> <span class='ocrx_word' id='word_1_167' title='bbox 601 1545 695 1603; x_wconf 88' lang='lat' dir='ltr'><strong>medio</strong></span> <span class='ocrx_word' id='word_1_168' title='bbox 750 1546 801 1602; x_wconf 90' lang='lat' dir='ltr'><strong>sed</strong></span> <span class='ocrx_word' id='word_1_169' title='bbox 820 1552 897 1603; x_wconf 89' lang='lat' dir='ltr'><strong>certe</strong></span> <span class='ocrx_word' id='word_1_170' title='bbox 912 1563 942 1603; x_wconf 83' lang='lat' dir='ltr'><strong>ln</strong></span> <span class='ocrx_word' id='word_1_171' title='bbox 960 1563 977 1602; x_wconf 97' lang='lat' dir='ltr'><strong>o</strong></span> <span class='ocrx_word' id='word_1_172' title='bbox 998 1546 1094 1604; x_wconf 82' lang='lat' dir='ltr'><strong>eribus</strong></span> <span class='ocrx_word' id='word_1_173' title='bbox 1108 1546 1214 1603; x_wconf 90' lang='lat' dir='ltr'><strong>nostris</strong></span> <span class='ocrx_word' id='word_1_174' title='bbox 1229 1547 1340 1605; x_wconf 93' lang='lat' dir='ltr'><strong>nullum</strong></span> 
     </span>
     <span class='ocr_line' id='line_1_18' title="bbox 137 1563 1339 1700; baseline 0.003 -28"><span class='ocrx_word' id='word_1_175' title='bbox 137 1618 246 1690; x_wconf 86' lang='lat' dir='ltr'><strong>tenpore,</strong></span> <span class='ocrx_word' id='word_1_176' title='bbox 255 1624 285 1676; x_wconf 95' lang='lat' dir='ltr'><strong>ut</strong></span> <span class='ocrx_word' id='word_1_177' title='bbox 296 1634 353 1675; x_wconf 94' lang='lat' dir='ltr'><strong>non</strong></span> <span class='ocrx_word' id='word_1_178' title='bbox 370 1623 515 1690; x_wconf 88' lang='lat' dir='ltr'><strong>putaretur</strong></span> <span class='ocrx_word' id='word_1_179' title='bbox 529 1617 695 1690; x_wconf 85' lang='lat' dir='ltr'><strong>mysterium</strong></span> <span class='ocrx_word' id='word_1_180' title='bbox 751 1619 844 1700; x_wconf 82' lang='lat' dir='ltr'><strong>majus</strong></span> <span class='ocrx_word' id='word_1_181' title='bbox 870 1622 919 1675; x_wconf 93' lang='lat' dir='ltr'><strong>aut</strong></span> <span class='ocrx_word' id='word_1_182' title='bbox 944 1563 1089 1675; x_wconf 50' lang='lat' dir='ltr'><strong>difficilius</strong></span> <span class='ocrx_word' id='word_1_183' title='bbox 1114 1623 1276 1690; x_wconf 63' lang='lat' dir='ltr'><strong>reputatum</strong></span> <span class='ocrx_word' id='word_1_184' title='bbox 1304 1619 1339 1676; x_wconf 93' lang='lat' dir='ltr'><strong>ad</strong></span> 
     </span>
     <span class='ocr_line' id='line_1_19' title="bbox 137 1685 1341 1772; baseline 0.003 -29"><span class='ocrx_word' id='word_1_185' title='bbox 137 1685 315 1747; x_wconf 81' lang='lat' dir='ltr'><strong>iucarnationis</strong></span> <span class='ocrx_word' id='word_1_186' title='bbox 329 1691 499 1772; x_wconf 81' lang='lat' dir='ltr'><strong>phantasma</strong></span> <span class='ocrx_word' id='word_1_187' title='bbox 513 1706 586 1758; x_wconf 89' lang='lat' dir='ltr'><strong>esse,</strong></span> <span class='ocrx_word' id='word_1_188' title='bbox 601 1689 624 1745; x_wconf 90' lang='lat' dir='ltr'><strong>si</strong></span> <span class='ocrx_word' id='word_1_189' title='bbox 639 1704 697 1745; x_wconf 94' lang='lat' dir='ltr'><strong>non</strong></span> <span class='ocrx_word' id='word_1_190' title='bbox 751 1689 920 1746; x_wconf 83' lang='lat' dir='ltr'><strong>altissimum</strong></span> <span class='ocrx_word' id='word_1_191' title='bbox 929 1691 1048 1762; x_wconf 62' lang='lat' dir='ltr'><strong>madum</strong></span> <span class='ocrx_word' id='word_1_192' title='bbox 1057 1689 1219 1772; x_wconf 87' lang='lat' dir='ltr'><strong>pervenisse</strong></span> <span class='ocrx_word' id='word_1_193' title='bbox 1230 1689 1341 1747; x_wconf 89' lang='lat' dir='ltr'><strong>videtur</strong></span> 
     </span>
     <span class='ocr_line' id='line_1_20' title="bbox 136 1759 1340 1839; baseline 0.004 -27"><span class='ocrx_word' id='word_1_194' title='bbox 136 1759 300 1839; x_wconf 82' lang='lat' dir='ltr'><strong>sebabulsset</strong></span> <span class='ocrx_word' id='word_1_195' title='bbox 313 1766 386 1818; x_wconf 82' lang='lat' dir='ltr'><strong>sicut</strong></span> <span class='ocrx_word' id='word_1_196' title='bbox 400 1760 447 1817; x_wconf 88' lang='lat' dir='ltr'><strong>alii</strong></span> <span class='ocrx_word' id='word_1_197' title='bbox 464 1766 547 1818; x_wconf 77' lang='lat' dir='ltr'><strong>aetate</strong></span> <span class='ocrx_word' id='word_1_198' title='bbox 561 1761 696 1828; x_wconf 78' lang='lat' dir='ltr'><strong>infantes,</strong></span> <span class='ocrx_word' id='word_1_199' title='bbox 752 1778 785 1818; x_wconf 93' lang='lat' dir='ltr'><strong>ac</strong></span> <span class='ocrx_word' id='word_1_200' title='bbox 798 1761 1008 1830; x_wconf 79' lang='lat' dir='ltr'><strong>difficillimum,</strong></span> <span class='ocrx_word' id='word_1_201' title='bbox 1022 1778 1069 1834; x_wconf 85' lang='lat' dir='ltr'><strong>qur</strong></span> <span class='ocrx_word' id='word_1_202' title='bbox 1083 1763 1118 1819; x_wconf 88' lang='lat' dir='ltr'><strong>ad</strong></span> <span class='ocrx_word' id='word_1_203' title='bbox 1132 1762 1185 1817; x_wconf 93' lang='lat' dir='ltr'><strong>hoc</strong></span> <span class='ocrx_word' id='word_1_204' title='bbox 1199 1761 1340 1834; x_wconf 83' lang='lat' dir='ltr'><strong>pervenit,</strong></span> 
     </span>
     <span class='ocr_line' id='line_1_21' title="bbox 135 1831 1339 1907; baseline 0.003 -21"><span class='ocrx_word' id='word_1_205' title='bbox 135 1831 219 1907; x_wconf 70' lang='lat' dir='ltr'><strong>etrdeo</strong></span> <span class='ocrx_word' id='word_1_206' title='bbox 237 1831 510 1889; x_wconf 87' lang='lat' dir='ltr'><strong>demonstrationem</strong></span> <span class='ocrx_word' id='word_1_207' title='bbox 529 1831 655 1888; x_wconf 89' lang='lat' dir='ltr'><strong>scientiae</strong></span> <span class='ocrx_word' id='word_1_208' title='bbox 670 1835 698 1888; x_wconf 92' lang='lat' dir='ltr'><strong>et</strong></span> <span class='ocrx_word' id='word_1_209' title='bbox 752 1837 783 1890; x_wconf 95' lang='lat' dir='ltr'><strong>ut</strong></span> <span class='ocrx_word' id='word_1_210' title='bbox 798 1834 884 1890; x_wconf 92' lang='lat' dir='ltr'><strong>corde</strong></span> <span class='ocrx_word' id='word_1_211' title='bbox 906 1838 935 1889; x_wconf 91' lang='lat' dir='ltr'><strong>et</strong></span> <span class='ocrx_word' id='word_1_212' title='bbox 954 1833 1049 1890; x_wconf 92' lang='lat' dir='ltr'><strong>animo</strong></span> <span class='ocrx_word' id='word_1_213' title='bbox 1072 1849 1137 1890; x_wconf 86' lang='lat' dir='ltr'><strong>vere</strong></span> <span class='ocrx_word' id='word_1_214' title='bbox 1158 1838 1188 1889; x_wconf 91' lang='lat' dir='ltr'><strong>et</strong></span> <span class='ocrx_word' id='word_1_215' title='bbox 1200 1849 1258 1890; x_wconf 93' lang='lat' dir='ltr'><strong>non</strong></span> <span class='ocrx_word' id='word_1_216' title='bbox 1274 1833 1339 1890; x_wconf 88' lang='lat' dir='ltr'><strong>ilcte</strong></span> 
     </span>
     <span class='ocr_line' id='line_1_22' title="bbox 135 1902 1328 1975; baseline 0.008 -23"><span class='ocrx_word' id='word_1_217' title='bbox 135 1904 222 1960; x_wconf 76' lang='lat' dir='ltr'><strong>nentis</strong></span> <span class='ocrx_word' id='word_1_218' title='bbox 235 1921 293 1961; x_wconf 86' lang='lat' dir='ltr'><strong>suae</strong></span> <span class='ocrx_word' id='word_1_219' title='bbox 307 1905 344 1960; x_wconf 91' lang='lat' dir='ltr'><strong>ad</strong></span> <span class='ocrx_word' id='word_1_220' title='bbox 362 1902 391 1960; x_wconf 92' lang='lat' dir='ltr'><strong>id</strong></span> <span class='ocrx_word' id='word_1_221' title='bbox 406 1903 515 1961; x_wconf 86' lang='lat' dir='ltr'><strong>distulit</strong></span> <span class='ocrx_word' id='word_1_222' title='bbox 529 1909 651 1975; x_wconf 90' lang='lat' dir='ltr'><strong>tempus,</strong></span> <span class='ocrx_word' id='word_1_223' title='bbox 667 1902 698 1958; x_wconf 91' lang='lat' dir='ltr'><strong>in</strong></span> <span class='ocrx_word' id='word_1_224' title='bbox 751 1903 791 1960; x_wconf 92' lang='lat' dir='ltr'><strong>ita</strong></span> <span class='ocrx_word' id='word_1_225' title='bbox 804 1921 835 1960; x_wconf 89' lang='lat' dir='ltr'><strong>se</strong></span> <span class='ocrx_word' id='word_1_226' title='bbox 848 1903 933 1961; x_wconf 87' lang='lat' dir='ltr'><strong>vincit</strong></span> <span class='ocrx_word' id='word_1_227' title='bbox 944 1920 977 1961; x_wconf 90' lang='lat' dir='ltr'><strong>ac</strong></span> <span class='ocrx_word' id='word_1_228' title='bbox 991 1904 1155 1962; x_wconf 82' lang='lat' dir='ltr'><strong>dominatur</strong></span> <span class='ocrx_word' id='word_1_229' title='bbox 1167 1903 1263 1961; x_wconf 88' lang='lat' dir='ltr'><strong>animo</strong></span> <span class='ocrx_word' id='word_1_230' title='bbox 1276 1920 1328 1962; x_wconf 91' lang='lat' dir='ltr'><strong>suo</strong></span> 
     </span>
     <span class='ocr_line' id='line_1_23' title="bbox 131 1945 1340 2049; baseline -0.002 -14"><span class='ocrx_word' id='word_1_231' title='bbox 131 1978 174 2046; x_wconf 70' lang='lat' dir='ltr'><strong>lto</strong></span> <span class='ocrx_word' id='word_1_232' title='bbox 189 1974 231 2032; x_wconf 92' lang='lat' dir='ltr'><strong>alii</strong></span> <span class='ocrx_word' id='word_1_233' title='bbox 253 1975 384 2033; x_wconf 90' lang='lat' dir='ltr'><strong>homines</strong></span> <span class='ocrx_word' id='word_1_234' title='bbox 407 1975 525 2032; x_wconf 85' lang='lat' dir='ltr'><strong>scientia</strong></span> <span class='ocrx_word' id='word_1_235' title='bbox 546 1980 575 2032; x_wconf 89' lang='lat' dir='ltr'><strong>et</strong></span> <span class='ocrx_word' id='word_1_236' title='bbox 594 1974 697 2031; x_wconf 85' lang='lat' dir='ltr'><strong>uirtute</strong></span> <span class='ocrx_word' id='word_1_237' title='bbox 752 1983 780 2032; x_wconf 91' lang='lat' dir='ltr'><strong>et</strong></span> <span class='ocrx_word' id='word_1_238' title='bbox 788 1978 910 2048; x_wconf 89' lang='lat' dir='ltr'><strong>superbo</strong></span> <span class='ocrx_word' id='word_1_239' title='bbox 921 1976 1014 2033; x_wconf 87' lang='lat' dir='ltr'><strong>carnis</strong></span> <span class='ocrx_word' id='word_1_240' title='bbox 1024 1993 1082 2033; x_wconf 74' lang='lat' dir='ltr'><strong>suae</strong></span> <span class='ocrx_word' id='word_1_241' title='bbox 1092 1945 1340 2049; x_wconf 75' lang='lat' dir='ltr'><strong>supercilio,quo(l</strong></span> 
     </span>
     <span class='ocr_line' id='line_1_24' title="bbox 128 2046 1339 2121; baseline 0.002 -20"><span class='ocrx_word' id='word_1_242' title='bbox 128 2046 206 2110; x_wconf 69' lang='lat' dir='ltr'><strong>utere</strong></span> <span class='ocrx_word' id='word_1_243' title='bbox 218 2051 446 2104; x_wconf 78' lang='lat' dir='ltr'><strong>consueverunt:</strong></span> <span class='ocrx_word' id='word_1_244' title='bbox 463 2068 477 2097; x_wconf 87' lang='lat'>»</span> <span class='ocrx_word' id='word_1_245' title='bbox 494 2047 554 2102; x_wconf 75' lang='lat' dir='ltr'><strong>haec</strong></span> <span class='ocrx_word' id='word_1_246' title='bbox 569 2047 695 2102; x_wconf 76' lang='lat' dir='ltr'><strong>Thomas.</strong></span> <span class='ocrx_word' id='word_1_247' title='bbox 751 2048 822 2103; x_wconf 93' lang='lat' dir='ltr'><strong>nolit</strong></span> <span class='ocrx_word' id='word_1_248' title='bbox 843 2047 962 2120; x_wconf 87' lang='lat' dir='ltr'><strong>alicujus</strong></span> <span class='ocrx_word' id='word_1_249' title='bbox 980 2048 1115 2106; x_wconf 86' lang='lat' dir='ltr'><strong>momenti</strong></span> <span class='ocrx_word' id='word_1_250' title='bbox 1135 2047 1272 2121; x_wconf 90' lang='lat' dir='ltr'><strong>reputari,</strong></span> <span class='ocrx_word' id='word_1_251' title='bbox 1289 2047 1339 2106; x_wconf 90' lang='lat' dir='ltr'><strong>sed</strong></span> 
     </span>
     <span class='ocr_line' id='line_1_25' title="bbox 124 2102 1339 2192; baseline 0.002 -18"><span class='ocrx_word' id='word_1_252' title='bbox 124 2102 242 2185; x_wconf 60' lang='lat' dir='ltr'><strong>dunsten</strong></span> <span class='ocrx_word' id='word_1_253' title='bbox 260 2118 306 2174; x_wconf 91' lang='lat' dir='ltr'><strong>bic</strong></span> <span class='ocrx_word' id='word_1_254' title='bbox 323 2134 461 2187; x_wconf 86' lang='lat' dir='ltr'><strong>summus,</strong></span> <span class='ocrx_word' id='word_1_255' title='bbox 477 2117 630 2189; x_wconf 88' lang='lat' dir='ltr'><strong>aliquando</strong></span> <span class='ocrx_word' id='word_1_256' title='bbox 645 2117 696 2174; x_wconf 93' lang='lat' dir='ltr'><strong>do·</strong></span> <span class='ocrx_word' id='word_1_257' title='bbox 751 2125 784 2176; x_wconf 94' lang='lat' dir='ltr'><strong>ut</strong></span> <span class='ocrx_word' id='word_1_258' title='bbox 797 2120 924 2191; x_wconf 89' lang='lat' dir='ltr'><strong>abjectus</strong></span> <span class='ocrx_word' id='word_1_259' title='bbox 940 2124 969 2176; x_wconf 91' lang='lat' dir='ltr'><strong>et</strong></span> <span class='ocrx_word' id='word_1_260' title='bbox 984 2120 1046 2176; x_wconf 87' lang='lat' dir='ltr'><strong>vilis</strong></span> <span class='ocrx_word' id='word_1_261' title='bbox 1063 2137 1076 2177; x_wconf 89' lang='lat' dir='ltr'><strong>s</strong></span> <span class='ocrx_word' id='word_1_262' title='bbox 1097 2119 1169 2178; x_wconf 90' lang='lat' dir='ltr'><strong>erni.</strong></span> <span class='ocrx_word' id='word_1_263' title='bbox 1186 2122 1339 2192; x_wconf 86' lang='lat' dir='ltr'><strong>Usquequo</strong></span> 
     </span>
     <span class='ocr_line' id='line_1_26' title="bbox 119 2137 1338 2264; baseline 0.006 -24"><span class='ocrx_word' id='word_1_264' title='bbox 119 2180 204 2245; x_wconf 73' lang='lat' dir='ltr'><strong>cturus</strong></span> <span class='ocrx_word' id='word_1_265' title='bbox 221 2189 340 2246; x_wconf 82' lang='lat' dir='ltr'><strong>virtutes</strong></span> <span class='ocrx_word' id='word_1_266' title='bbox 358 2189 475 2246; x_wconf 79' lang='lat' dir='ltr'><strong>etaiam</strong></span> <span class='ocrx_word' id='word_1_267' title='bbox 490 2189 566 2258; x_wconf 73' lang='lat' dir='ltr'><strong>ritae,</strong></span> <span class='ocrx_word' id='word_1_268' title='bbox 582 2189 697 2260; x_wconf 82' lang='lat' dir='ltr'><strong>coepita</strong></span> <span class='ocrx_word' id='word_1_269' title='bbox 751 2189 838 2260; x_wconf 88' lang='lat' dir='ltr'><strong>igitur</strong></span> <span class='ocrx_word' id='word_1_270' title='bbox 861 2191 897 2247; x_wconf 92' lang='lat' dir='ltr'><strong>ad</strong></span> <span class='ocrx_word' id='word_1_271' title='bbox 922 2192 995 2248; x_wconf 91' lang='lat' dir='ltr'><strong>bunc</strong></span> <span class='ocrx_word' id='word_1_272' title='bbox 1022 2137 1141 2264; x_wconf 60' lang='lat' dir='ltr'><strong>gregum</strong></span> <span class='ocrx_word' id='word_1_273' title='bbox 1164 2191 1338 2264; x_wconf 81' lang='lat' dir='ltr'><strong>perveneris,</strong></span> 
     </span>
     <span class='ocr_line' id='line_1_27' title="bbox 115 2254 1338 2333; baseline 0.006 -22"><span class='ocrx_word' id='word_1_274' title='bbox 115 2254 321 2333; x_wconf 68' lang='lat' dir='ltr'><strong>⁸ua1uventute</strong></span> <span class='ocrx_word' id='word_1_275' title='bbox 338 2277 425 2332; x_wconf 90' lang='lat' dir='ltr'><strong>opera</strong></span> <span class='ocrx_word' id='word_1_276' title='bbox 446 2260 573 2317; x_wconf 89' lang='lat' dir='ltr'><strong>rirtuosa</strong></span> <span class='ocrx_word' id='word_1_277' title='bbox 591 2261 695 2329; x_wconf 89' lang='lat' dir='ltr'><strong>lacere,</strong></span> <span class='ocrx_word' id='word_1_278' title='bbox 751 2261 822 2317; x_wconf 90' lang='lat' dir='ltr'><strong>nibil</strong></span> <span class='ocrx_word' id='word_1_279' title='bbox 844 2262 895 2319; x_wconf 91' lang='lat' dir='ltr'><strong>tibi</strong></span> <span class='ocrx_word' id='word_1_280' title='bbox 916 2262 1016 2319; x_wconf 86' lang='lat' dir='ltr'><strong>iecisse</strong></span> <span class='ocrx_word' id='word_1_281' title='bbox 1036 2262 1168 2319; x_wconf 85' lang='lat' dir='ltr'><strong>videaris.</strong></span> <span class='ocrx_word' id='word_1_282' title='bbox 1185 2265 1255 2319; x_wconf 90' lang='lat' dir='ltr'><strong>Nam</strong></span> <span class='ocrx_word' id='word_1_283' title='bbox 1274 2277 1338 2318; x_wconf 90' lang='lat' dir='ltr'><strong>cum</strong></span> 
     </span>
     <span class='ocr_line' id='line_1_28' title="bbox 110 2320 1337 2415; baseline 0.001 -28"><span class='ocrx_word' id='word_1_284' title='bbox 110 2320 159 2380; x_wconf 56' lang='lat' dir='ltr'><strong>”d</strong></span> <span class='ocrx_word' id='word_1_285' title='bbox 184 2332 267 2388; x_wconf 93' lang='lat' dir='ltr'><strong>modo</strong></span> <span class='ocrx_word' id='word_1_286' title='bbox 292 2331 417 2389; x_wconf 90' lang='lat' dir='ltr'><strong>mirabili</strong></span> <span class='ocrx_word' id='word_1_287' title='bbox 443 2337 471 2388; x_wconf 91' lang='lat' dir='ltr'><strong>et</strong></span> <span class='ocrx_word' id='word_1_288' title='bbox 495 2331 640 2403; x_wconf 83' lang='lat' dir='ltr'><strong>incognito</strong></span> <span class='ocrx_word' id='word_1_289' title='bbox 662 2348 696 2388; x_wconf 92' lang='lat' dir='ltr'><strong>ac</strong></span> <span class='ocrx_word' id='word_1_290' title='bbox 751 2331 780 2389; x_wconf 90' lang='lat' dir='ltr'><strong>iu</strong></span> <span class='ocrx_word' id='word_1_291' title='bbox 808 2333 936 2402; x_wconf 85' lang='lat' dir='ltr'><strong>veritate,</strong></span> <span class='ocrx_word' id='word_1_292' title='bbox 962 2335 1042 2415; x_wconf 75' lang='lat' dir='ltr'><strong>juxta</strong></span> <span class='ocrx_word' id='word_1_293' title='bbox 1069 2336 1187 2390; x_wconf 82' lang='lat' dir='ltr'><strong>verbum</strong></span> <span class='ocrx_word' id='word_1_294' title='bbox 1213 2332 1337 2401; x_wconf 85' lang='lat' dir='ltr'><strong>Domini,</strong></span> 
     </span>
     <span class='ocr_line' id='line_1_29' title="bbox 104 2389 1337 2476; baseline 0 -17"><span class='ocrx_word' id='word_1_295' title='bbox 104 2389 256 2460; x_wconf 60' lang='lat' dir='ltr'><strong>tetmaris</strong></span> <span class='ocrx_word' id='word_1_296' title='bbox 273 2403 449 2476; x_wconf 86' lang='lat' dir='ltr'><strong>temporibus</strong></span> <span class='ocrx_word' id='word_1_297' title='bbox 463 2403 601 2471; x_wconf 86' lang='lat' dir='ltr'><strong>inaudito,</strong></span> <span class='ocrx_word' id='word_1_298' title='bbox 617 2402 696 2460; x_wconf 81' lang='lat' dir='ltr'><strong>ride·</strong></span> <span class='ocrx_word' id='word_1_299' title='bbox 751 2420 850 2461; x_wconf 89' lang='lat' dir='ltr'><strong>omnes</strong></span> <span class='ocrx_word' id='word_1_300' title='bbox 860 2404 1181 2472; x_wconf 87' lang='lat' dir='ltr'><strong>sumusmutiles,etiam</strong></span> <span class='ocrx_word' id='word_1_301' title='bbox 1192 2420 1254 2459; x_wconf 94' lang='lat' dir='ltr'><strong>cum</strong></span> <span class='ocrx_word' id='word_1_302' title='bbox 1265 2403 1337 2462; x_wconf 89' lang='lat' dir='ltr'><strong>bene</strong></span> 
     </span>
     <span class='ocr_line' id='line_1_30' title="bbox 97 2442 1337 2549; baseline -0.001 -20"><span class='ocrx_word' id='word_1_303' title='bbox 97 2442 172 2549; x_wconf 53' lang='lat' dir='ltr'><strong>hog,</strong></span> <span class='ocrx_word' id='word_1_304' title='bbox 201 2492 232 2532; x_wconf 90' lang='lat' dir='ltr'><strong>se</strong></span> <span class='ocrx_word' id='word_1_305' title='bbox 263 2475 294 2532; x_wconf 95' lang='lat' dir='ltr'><strong>in</strong></span> <span class='ocrx_word' id='word_1_306' title='bbox 324 2480 477 2547; x_wconf 91' lang='lat' dir='ltr'><strong>conspectu</strong></span> <span class='ocrx_word' id='word_1_307' title='bbox 508 2474 637 2531; x_wconf 92' lang='lat' dir='ltr'><strong>inutilem</strong></span> <span class='ocrx_word' id='word_1_308' title='bbox 668 2479 696 2531; x_wconf 92' lang='lat' dir='ltr'><strong>et</strong></span> <span class='ocrx_word' id='word_1_309' title='bbox 750 2475 911 2543; x_wconf 80' lang='lat' dir='ltr'><strong>fecerimus,</strong></span> <span class='ocrx_word' id='word_1_310' title='bbox 927 2491 1075 2547; x_wconf 88' lang='lat' dir='ltr'><strong>quousque</strong></span> <span class='ocrx_word' id='word_1_311' title='bbox 1089 2475 1119 2530; x_wconf 89' lang='lat' dir='ltr'><strong>in</strong></span> <span class='ocrx_word' id='word_1_312' title='bbox 1134 2476 1188 2529; x_wconf 90' lang='lat' dir='ltr'><strong>hoc</strong></span> <span class='ocrx_word' id='word_1_313' title='bbox 1201 2474 1337 2544; x_wconf 78' lang='lat' dir='ltr'><strong>abJectio·</strong></span> 
     </span>
     <span class='ocr_line' id='line_1_31' title="bbox 85 2520 1338 2642; baseline -0.007 -35"><span class='ocrx_word' id='word_1_314' title='bbox 85 2520 247 2642; x_wconf 54' lang='lat' dir='ltr'><strong>glauciam</strong></span> <span class='ocrx_word' id='word_1_315' title='bbox 263 2552 291 2603; x_wconf 93' lang='lat' dir='ltr'><strong>et</strong></span> <span class='ocrx_word' id='word_1_316' title='bbox 302 2546 483 2619; x_wconf 90' lang='lat' dir='ltr'><strong>insipientem</strong></span> <span class='ocrx_word' id='word_1_317' title='bbox 496 2546 653 2614; x_wconf 89' lang='lat' dir='ltr'><strong>reddendo,</strong></span> <span class='ocrx_word' id='word_1_318' title='bbox 665 2551 696 2604; x_wconf 93' lang='lat' dir='ltr'><strong>ut</strong></span> <span class='ocrx_word' id='word_1_319' title='bbox 750 2547 795 2602; x_wconf 93' lang='lat' dir='ltr'><strong>nis</strong></span> <span class='ocrx_word' id='word_1_320' title='bbox 820 2546 911 2616; x_wconf 89' lang='lat' dir='ltr'><strong>gradu</strong></span> <span class='ocrx_word' id='word_1_321' title='bbox 939 2562 996 2601; x_wconf 94' lang='lat' dir='ltr'><strong>non</strong></span> <span class='ocrx_word' id='word_1_322' title='bbox 1023 2561 1131 2613; x_wconf 93' lang='lat' dir='ltr'><strong>sumus,</strong></span> <span class='ocrx_word' id='word_1_323' title='bbox 1155 2545 1283 2600; x_wconf 91' lang='lat' dir='ltr'><strong>nondum</strong></span> <span class='ocrx_word' id='word_1_324' title='bbox 1308 2543 1338 2599; x_wconf 92' lang='lat' dir='ltr'><strong>in</strong></span> 
     </span>
     <span class='ocr_line' id='line_1_32' title="bbox 98 2612 1337 2684; baseline 0.001 -15"><span class='ocrx_word' id='word_1_325' title='bbox 98 2612 207 2675; x_wconf 59' lang='lat' dir='ltr'><strong>,flaute</strong></span> <span class='ocrx_word' id='word_1_326' title='bbox 222 2618 252 2674; x_wconf 91' lang='lat' dir='ltr'><strong>et</strong></span> <span class='ocrx_word' id='word_1_327' title='bbox 267 2617 329 2674; x_wconf 90' lang='lat' dir='ltr'><strong>sine</strong></span> <span class='ocrx_word' id='word_1_328' title='bbox 343 2617 420 2674; x_wconf 94' lang='lat' dir='ltr'><strong>omni</strong></span> <span class='ocrx_word' id='word_1_329' title='bbox 435 2618 588 2673; x_wconf 90' lang='lat' dir='ltr'><strong>temeraria</strong></span> <span class='ocrx_word' id='word_1_330' title='bbox 601 2633 694 2673; x_wconf 88' lang='lat' dir='ltr'><strong>asser·</strong></span> <span class='ocrx_word' id='word_1_331' title='bbox 749 2617 869 2673; x_wconf 85' lang='lat' dir='ltr'><strong>veritato</strong></span> <span class='ocrx_word' id='word_1_332' title='bbox 884 2621 1002 2684; x_wconf 66' lang='lat' dir='ltr'><strong>stamus</strong></span> <span class='ocrx_word' id='word_1_333' title='bbox 1019 2616 1069 2673; x_wconf 88' lang='lat' dir='ltr'><strong>sed</strong></span> <span class='ocrx_word' id='word_1_334' title='bbox 1086 2616 1114 2671; x_wconf 94' lang='lat' dir='ltr'><strong>in</strong></span> <span class='ocrx_word' id='word_1_335' title='bbox 1132 2614 1256 2671; x_wconf 87' lang='lat' dir='ltr'><strong>vanitate</strong></span> <span class='ocrx_word' id='word_1_336' title='bbox 1270 2629 1337 2671; x_wconf 89' lang='lat' dir='ltr'><strong>con·</strong></span> 
     </span>
     <span class='ocr_line' id='line_1_33' title="bbox 74 2672 1338 2782; baseline -0.003 -36"><span class='ocrx_word' id='word_1_337' title='bbox 74 2672 180 2782; x_wconf 51' lang='lat' dir='ltr'><strong>efflue</strong></span> <span class='ocrx_word' id='word_1_338' title='bbox 206 2688 326 2761; x_wconf 90' lang='lat' dir='ltr'><strong>cogitari</strong></span> <span class='ocrx_word' id='word_1_339' title='bbox 345 2695 372 2745; x_wconf 89' lang='lat' dir='ltr'><strong>et</strong></span> <span class='ocrx_word' id='word_1_340' title='bbox 391 2688 524 2745; x_wconf 89' lang='lat' dir='ltr'><strong>meditari</strong></span> <span class='ocrx_word' id='word_1_341' title='bbox 542 2694 645 2761; x_wconf 89' lang='lat' dir='ltr'><strong>potest.</strong></span> <span class='ocrx_word' id='word_1_342' title='bbox 663 2691 696 2744; x_wconf 83' lang='lat' dir='ltr'><strong>Et</strong></span> <span class='ocrx_word' id='word_1_343' title='bbox 751 2688 877 2744; x_wconf 85' lang='lat' dir='ltr'><strong>sistimus</strong></span> <span class='ocrx_word' id='word_1_344' title='bbox 904 2692 932 2745; x_wconf 91' lang='lat' dir='ltr'><strong>et</strong></span> <span class='ocrx_word' id='word_1_345' title='bbox 957 2688 1147 2744; x_wconf 87' lang='lat' dir='ltr'><strong>ambulamus.</strong></span> <span class='ocrx_word' id='word_1_346' title='bbox 1175 2686 1254 2743; x_wconf 90' lang='lat' dir='ltr'><strong>Unde</strong></span> <span class='ocrx_word' id='word_1_347' title='bbox 1279 2701 1338 2742; x_wconf 93' lang='lat' dir='ltr'><strong>non</strong></span> 
     </span>
     <span class='ocr_line' id='line_1_34' title="bbox 101 2751 1337 2832; baseline -0.004 -14"><span class='ocrx_word' id='word_1_348' title='bbox 101 2751 163 2818; x_wconf 63' lang='lat' dir='ltr'><strong>um</strong></span> <span class='ocrx_word' id='word_1_349' title='bbox 195 2762 252 2816; x_wconf 90' lang='lat' dir='ltr'><strong>bae</strong></span> <span class='ocrx_word' id='word_1_350' title='bbox 281 2759 492 2817; x_wconf 87' lang='lat' dir='ltr'><strong>modificatione</strong></span> <span class='ocrx_word' id='word_1_351' title='bbox 520 2759 616 2816; x_wconf 92' lang='lat' dir='ltr'><strong>omnia</strong></span> <span class='ocrx_word' id='word_1_352' title='bbox 644 2758 695 2815; x_wconf 93' lang='lat' dir='ltr'><strong>tibi</strong></span> <span class='ocrx_word' id='word_1_353' title='bbox 750 2760 919 2816; x_wconf 89' lang='lat' dir='ltr'><strong>seducamus</strong></span> <span class='ocrx_word' id='word_1_354' title='bbox 934 2759 1135 2832; x_wconf 91' lang='lat' dir='ltr'><strong>nosmetipsos,</strong></span> <span class='ocrx_word' id='word_1_355' title='bbox 1146 2758 1224 2830; x_wconf 88' lang='lat' dir='ltr'><strong>quia,</strong></span> <span class='ocrx_word' id='word_1_356' title='bbox 1235 2773 1337 2814; x_wconf 89' lang='lat' dir='ltr'><strong>secun·</strong></span> 
     </span>
     <span class='ocr_line' id='line_1_35' title="bbox 70 2808 1339 2936; baseline -0.003 -47"><span class='ocrx_word' id='word_1_357' title='bbox 70 2808 230 2936; x_wconf 59' lang='lat' dir='ltr'><strong>{¹1}qu</strong></span> <span class='ocrx_word' id='word_1_358' title='bbox 246 2848 309 2902; x_wconf 90' lang='lat' dir='ltr'><strong>quae</strong></span> <span class='ocrx_word' id='word_1_359' title='bbox 323 2848 374 2904; x_wconf 93' lang='lat' dir='ltr'><strong>per</strong></span> <span class='ocrx_word' id='word_1_360' title='bbox 392 2831 589 2888; x_wconf 87' lang='lat' dir='ltr'><strong>auctoritatem</strong></span> <span class='ocrx_word' id='word_1_361' title='bbox 607 2846 695 2887; x_wconf 85' lang='lat' dir='ltr'><strong>sacrae</strong></span> <span class='ocrx_word' id='word_1_362' title='bbox 750 2832 817 2888; x_wconf 94' lang='lat' dir='ltr'><strong>dum</strong></span> <span class='ocrx_word' id='word_1_363' title='bbox 846 2831 1010 2902; x_wconf 80' lang='lat' dir='ltr'><strong>Apostolum</strong></span> <span class='ocrx_word' id='word_1_364' title='bbox 1032 2848 1038 2886; x_wconf 94' lang='lat'><strong>:</strong></span> <span class='ocrx_word' id='word_1_365' title='bbox 1057 2833 1112 2899; x_wconf 80' lang='lat' dir='ltr'><strong>Qui</strong></span> <span class='ocrx_word' id='word_1_366' title='bbox 1137 2848 1166 2887; x_wconf 84' lang='lat' dir='ltr'><strong>se</strong></span> <span class='ocrx_word' id='word_1_367' title='bbox 1195 2833 1339 2888; x_wconf 68' lang='lat' dir='ltr'><strong>existimat</strong></span> 
     </span>
     <span class='ocr_line' id='line_1_36' title="bbox 104 2902 1338 2976; baseline 0 -18"><span class='ocrx_word' id='word_1_368' title='bbox 104 2905 260 2976; x_wconf 62' lang='lat' dir='ltr'><strong>cripturae</strong></span> <span class='ocrx_word' id='word_1_369' title='bbox 271 2919 326 2959; x_wconf 92' lang='lat' dir='ltr'><strong>non</strong></span> <span class='ocrx_word' id='word_1_370' title='bbox 335 2905 502 2975; x_wconf 88' lang='lat' dir='ltr'><strong>probantur,</strong></span> <span class='ocrx_word' id='word_1_371' title='bbox 513 2908 598 2976; x_wconf 90' lang='lat' dir='ltr'><strong>prout</strong></span> <span class='ocrx_word' id='word_1_372' title='bbox 609 2902 695 2958; x_wconf 89' lang='lat' dir='ltr'><strong>etiam</strong></span> <span class='ocrx_word' id='word_1_373' title='bbox 749 2904 861 2973; x_wconf 82' lang='lat' dir='ltr'><strong>aliquid</strong></span> <span class='ocrx_word' id='word_1_374' title='bbox 885 2919 941 2959; x_wconf 85' lang='lat' dir='ltr'><strong>esse</strong></span> <span class='ocrx_word' id='word_1_375' title='bbox 964 2920 1025 2959; x_wconf 82' lang='lat' dir='ltr'><strong>cum</strong></span> <span class='ocrx_word' id='word_1_376' title='bbox 1051 2905 1124 2959; x_wconf 81' lang='lat' dir='ltr'><strong>nibil</strong></span> <span class='ocrx_word' id='word_1_377' title='bbox 1149 2906 1205 2968; x_wconf 86' lang='lat' dir='ltr'><strong>sit,</strong></span> <span class='ocrx_word' id='word_1_378' title='bbox 1232 2906 1338 2974; x_wconf 83' lang='lat' dir='ltr'><strong>ipsese</strong></span> 
     </span>
    </p>
   </div>
   <div class='ocr_carea' id='block_1_3' title="bbox 63 2954 1338 3189">
    <p class='ocr_par' dir='ltr' id='par_1_3' title="bbox 63 2954 1338 3189">
     <span class='ocr_line' id='line_1_37' title="bbox 63 2954 1338 3085; baseline -0.002 -52"><span class='ocrx_word' id='word_1_379' title='bbox 63 2954 188 3085; x_wconf 56' lang='lat' dir='ltr'><strong>{upra</strong></span> <span class='ocrx_word' id='word_1_380' title='bbox 202 2975 233 3030; x_wconf 92' lang='lat' dir='ltr'><strong>in</strong></span> <span class='ocrx_word' id='word_1_381' title='bbox 251 2974 369 3046; x_wconf 82' lang='lat' dir='ltr'><strong>prologo</strong></span> <span class='ocrx_word' id='word_1_382' title='bbox 384 2974 529 3057; x_wconf 75' lang='lat' dir='ltr'><strong>recitatur.</strong></span> <span class='ocrx_word' id='word_1_383' title='bbox 544 2975 695 3056; x_wconf 82' lang='lat' dir='ltr'><strong>subtrahe·</strong></span> <span class='ocrx_word' id='word_1_384' title='bbox 748 2976 863 3030; x_wconf 86' lang='lat' dir='ltr'><strong>seducit.</strong></span> <span class='ocrx_word' id='word_1_385' title='bbox 881 2977 913 3031; x_wconf 90' lang='lat' dir='ltr'><strong>ln</strong></span> <span class='ocrx_word' id='word_1_386' title='bbox 928 2975 1014 3031; x_wconf 94' lang='lat' dir='ltr'><strong>ommi</strong></span> <span class='ocrx_word' id='word_1_387' title='bbox 1031 2975 1145 3058; x_wconf 84' lang='lat' dir='ltr'><strong>quidem</strong></span> <span class='ocrx_word' id='word_1_388' title='bbox 1165 2991 1233 3031; x_wconf 90' lang='lat' dir='ltr'><strong>cura</strong></span> <span class='ocrx_word' id='word_1_389' title='bbox 1251 2989 1338 3046; x_wconf 86' lang='lat' dir='ltr'><strong>quam</strong></span> 
     </span>
     <span class='ocr_line' id='line_1_38' title="bbox 100 3045 1336 3119; baseline -0.002 -15"><span class='ocrx_word' id='word_1_390' title='bbox 100 3054 141 3104; x_wconf 66' lang='lat' dir='ltr'><strong>at</strong></span> <span class='ocrx_word' id='word_1_391' title='bbox 161 3061 239 3117; x_wconf 89' lang='lat' dir='ltr'><strong>ergo</strong></span> <span class='ocrx_word' id='word_1_392' title='bbox 256 3062 286 3102; x_wconf 91' lang='lat' dir='ltr'><strong>se</strong></span> <span class='ocrx_word' id='word_1_393' title='bbox 302 3061 320 3101; x_wconf 90' lang='lat' dir='ltr'><strong>a</strong></span> <span class='ocrx_word' id='word_1_394' title='bbox 334 3052 476 3103; x_wconf 82' lang='lat' dir='ltr'><strong>consortio</strong></span> <span class='ocrx_word' id='word_1_395' title='bbox 491 3046 651 3114; x_wconf 78' lang='lat' dir='ltr'><strong>bominum,</strong></span> <span class='ocrx_word' id='word_1_396' title='bbox 667 3049 695 3101; x_wconf 91' lang='lat' dir='ltr'><strong>et</strong></span> <span class='ocrx_word' id='word_1_397' title='bbox 749 3062 800 3118; x_wconf 93' lang='lat' dir='ltr'><strong>pro</strong></span> <span class='ocrx_word' id='word_1_398' title='bbox 822 3045 913 3103; x_wconf 86' lang='lat' dir='ltr'><strong>salute</strong></span> <span class='ocrx_word' id='word_1_399' title='bbox 932 3052 981 3103; x_wconf 91' lang='lat' dir='ltr'><strong>tua</strong></span> <span class='ocrx_word' id='word_1_400' title='bbox 1002 3064 1088 3119; x_wconf 83' lang='lat' dir='ltr'><strong>geris,</strong></span> <span class='ocrx_word' id='word_1_401' title='bbox 1104 3064 1162 3103; x_wconf 90' lang='lat' dir='ltr'><strong>non</strong></span> <span class='ocrx_word' id='word_1_402' title='bbox 1184 3051 1226 3103; x_wconf 88' lang='lat' dir='ltr'><strong>est</strong></span> <span class='ocrx_word' id='word_1_403' title='bbox 1248 3045 1336 3103; x_wconf 93' lang='lat' dir='ltr'><strong>ullum</strong></span> 
     </span>
     <span class='ocr_line' id='line_1_39' title="bbox 63 3093 1337 3189; baseline -0.003 -13"><span class='ocrx_word' id='word_1_404' title='bbox 63 3093 694 3189; x_wconf 71' lang='lat' dir='ltr'><strong>ttamultuseorumdevitabat‚crebrisque</strong></span> <span class='ocrx_word' id='word_1_405' title='bbox 749 3117 875 3174; x_wconf 81' lang='lat' dir='ltr'><strong>officium</strong></span> <span class='ocrx_word' id='word_1_406' title='bbox 903 3118 945 3175; x_wconf 87' lang='lat' dir='ltr'><strong>vel</strong></span> <span class='ocrx_word' id='word_1_407' title='bbox 972 3118 1208 3176; x_wconf 86' lang='lat' dir='ltr'><strong>medicamentum</strong></span> <span class='ocrx_word' id='word_1_408' title='bbox 1238 3117 1337 3173; x_wconf 88' lang='lat' dir='ltr'><strong>utilius</strong></span> 
     </span>
    </p>
   </div>
   <div class='ocr_carea' id='block_1_4' title="bbox 63 3184 1336 4334">
    <p class='ocr_par' dir='ltr' id='par_1_4' title="bbox 63 3184 1336 4334">
     <span class='ocr_line' id='line_1_40' title="bbox 64 3184 1336 3261; baseline -0.003 -13"><span class='ocrx_word' id='word_1_409' title='bbox 64 3184 286 3248; x_wconf 59' lang='lat' dir='ltr'><strong>Qrationibus</strong></span> <span class='ocrx_word' id='word_1_410' title='bbox 300 3188 425 3245; x_wconf 82' lang='lat' dir='ltr'><strong>intentus</strong></span> <span class='ocrx_word' id='word_1_411' title='bbox 433 3193 504 3245; x_wconf 88' lang='lat' dir='ltr'><strong>erat.</strong></span> <span class='ocrx_word' id='word_1_412' title='bbox 515 3190 576 3245; x_wconf 87' lang='lat' dir='ltr'><strong>ibat</strong></span> <span class='ocrx_word' id='word_1_413' title='bbox 589 3189 647 3244; x_wconf 89' lang='lat' dir='ltr'><strong>ads</strong></span> <span class='ocrx_word' id='word_1_414' title='bbox 667 3206 696 3243; x_wconf 91' lang='lat' dir='ltr'><strong>n·</strong></span> <span class='ocrx_word' id='word_1_415' title='bbox 748 3189 799 3245; x_wconf 93' lang='lat' dir='ltr'><strong>tibi</strong></span> <span class='ocrx_word' id='word_1_416' title='bbox 819 3206 903 3260; x_wconf 86' lang='lat' dir='ltr'><strong>quam</strong></span> <span class='ocrx_word' id='word_1_417' title='bbox 923 3189 1046 3261; x_wconf 90' lang='lat' dir='ltr'><strong>teipsum</strong></span> <span class='ocrx_word' id='word_1_418' title='bbox 1066 3189 1226 3260; x_wconf 85' lang='lat' dir='ltr'><strong>vituperare</strong></span> <span class='ocrx_word' id='word_1_419' title='bbox 1250 3193 1336 3258; x_wconf 85' lang='lat' dir='ltr'><strong>atque</strong></span> 
     </span>
     <span class='ocr_line' id='line_1_41' title="bbox 63 3205 1336 3339; baseline -0.005 -21"><span class='ocrx_word' id='word_1_420' title='bbox 63 3257 276 3335; x_wconf 52' lang='lat' dir='ltr'><strong>{tgogamfid</strong></span> <span class='ocrx_word' id='word_1_421' title='bbox 291 3259 379 3316; x_wconf 90' lang='lat' dir='ltr'><strong>estad</strong></span> <span class='ocrx_word' id='word_1_422' title='bbox 393 3259 591 3327; x_wconf 79' lang='lat' dir='ltr'><strong>ecelesiamet</strong></span> <span class='ocrx_word' id='word_1_423' title='bbox 603 3205 696 3316; x_wconf 52' lang='lat' dir='ltr'><strong>stabat</strong></span> <span class='ocrx_word' id='word_1_424' title='bbox 748 3265 939 3316; x_wconf 87' lang='lat' dir='ltr'><strong>contemnere.</strong></span> <span class='ocrx_word' id='word_1_425' title='bbox 970 3261 1145 3329; x_wconf 82' lang='lat' dir='ltr'><strong>Quicumque</strong></span> <span class='ocrx_word' id='word_1_426' title='bbox 1178 3274 1246 3339; x_wconf 81' lang='lat' dir='ltr'><strong>ergo</strong></span> <span class='ocrx_word' id='word_1_427' title='bbox 1281 3257 1336 3337; x_wconf 85' lang='lat' dir='ltr'><strong>hoc</strong></span> 
     </span>
     <span class='ocr_line' id='line_1_42' title="bbox 66 3328 1335 3402; baseline -0.007 -10"><span class='ocrx_word' id='word_1_428' title='bbox 66 3328 128 3392; x_wconf 66' lang='lat' dir='ltr'><strong>lbi</strong></span> <span class='ocrx_word' id='word_1_429' title='bbox 149 3332 282 3389; x_wconf 91' lang='lat' dir='ltr'><strong>multum</strong></span> <span class='ocrx_word' id='word_1_430' title='bbox 299 3330 329 3387; x_wconf 88' lang='lat' dir='ltr'><strong>in</strong></span> <span class='ocrx_word' id='word_1_431' title='bbox 343 3330 483 3401; x_wconf 85' lang='lat' dir='ltr'><strong>oratione,</strong></span> <span class='ocrx_word' id='word_1_432' title='bbox 500 3346 607 3402; x_wconf 89' lang='lat' dir='ltr'><strong>ponens</strong></span> <span class='ocrx_word' id='word_1_433' title='bbox 621 3347 652 3387; x_wconf 87' lang='lat' dir='ltr'><strong>so</strong></span> <span class='ocrx_word' id='word_1_434' title='bbox 667 3330 695 3386; x_wconf 91' lang='lat' dir='ltr'><strong>in</strong></span> <span class='ocrx_word' id='word_1_435' title='bbox 749 3332 825 3398; x_wconf 88' lang='lat' dir='ltr'><strong>lacit,</strong></span> <span class='ocrx_word' id='word_1_436' title='bbox 841 3332 954 3402; x_wconf 88' lang='lat' dir='ltr'><strong>adjutor</strong></span> <span class='ocrx_word' id='word_1_437' title='bbox 969 3336 1032 3385; x_wconf 85' lang='lat' dir='ltr'><strong>tuus</strong></span> <span class='ocrx_word' id='word_1_438' title='bbox 1047 3335 1103 3397; x_wconf 89' lang='lat' dir='ltr'><strong>est;</strong></span> <span class='ocrx_word' id='word_1_439' title='bbox 1119 3331 1170 3383; x_wconf 90' lang='lat' dir='ltr'><strong>boc</strong></span> <span class='ocrx_word' id='word_1_440' title='bbox 1186 3343 1261 3383; x_wconf 90' lang='lat' dir='ltr'><strong>emm</strong></span> <span class='ocrx_word' id='word_1_441' title='bbox 1276 3332 1335 3398; x_wconf 81' lang='lat' dir='ltr'><strong>agit</strong></span> 
     </span>
     <span class='ocr_line' id='line_1_43' title="bbox 70 3390 1335 3479; baseline -0.002 -24"><span class='ocrx_word' id='word_1_442' title='bbox 70 3390 160 3462; x_wconf 82' lang='lat' dir='ltr'><strong>loco</strong></span> <span class='ocrx_word' id='word_1_443' title='bbox 186 3401 283 3458; x_wconf 84' lang='lat' dir='ltr'><strong>viliori</strong></span> <span class='ocrx_word' id='word_1_444' title='bbox 300 3407 328 3458; x_wconf 92' lang='lat' dir='ltr'><strong>et</strong></span> <span class='ocrx_word' id='word_1_445' title='bbox 342 3402 433 3475; x_wconf 86' lang='lat' dir='ltr'><strong>magis</strong></span> <span class='ocrx_word' id='word_1_446' title='bbox 449 3402 558 3459; x_wconf 92' lang='lat' dir='ltr'><strong>humili.</strong></span> <span class='ocrx_word' id='word_1_447' title='bbox 575 3402 695 3459; x_wconf 85' lang='lat' dir='ltr'><strong>Redibat</strong></span> <span class='ocrx_word' id='word_1_448' title='bbox 748 3404 823 3473; x_wconf 86' lang='lat' dir='ltr'><strong>quod</strong></span> <span class='ocrx_word' id='word_1_449' title='bbox 834 3407 863 3457; x_wconf 90' lang='lat' dir='ltr'><strong>tu</strong></span> <span class='ocrx_word' id='word_1_450' title='bbox 877 3403 1048 3473; x_wconf 79' lang='lat' dir='ltr'><strong>agebaS,aut</strong></span> <span class='ocrx_word' id='word_1_451' title='bbox 1061 3415 1145 3470; x_wconf 83' lang='lat' dir='ltr'><strong>agore</strong></span> <span class='ocrx_word' id='word_1_452' title='bbox 1156 3398 1335 3479; x_wconf 25' lang='lat' dir='ltr'><strong>dobebaos,·ut</strong></span> 
     </span>
     <span class='ocr_line' id='line_1_44' title="bbox 71 3471 1334 3541; baseline -0.008 -8"><span class='ocrx_word' id='word_1_453' title='bbox 71 3473 235 3541; x_wconf 72' lang='lat' dir='ltr'><strong>domum,</strong></span> <span class='ocrx_word' id='word_1_454' title='bbox 246 3479 274 3528; x_wconf 90' lang='lat' dir='ltr'><strong>et</strong></span> <span class='ocrx_word' id='word_1_455' title='bbox 286 3489 350 3530; x_wconf 93' lang='lat' dir='ltr'><strong>cum</strong></span> <span class='ocrx_word' id='word_1_456' title='bbox 360 3476 451 3530; x_wconf 82' lang='lat' dir='ltr'><strong>Matre</strong></span> <span class='ocrx_word' id='word_1_457' title='bbox 465 3489 497 3530; x_wconf 90' lang='lat' dir='ltr'><strong>ac</strong></span> <span class='ocrx_word' id='word_1_458' title='bbox 510 3472 627 3530; x_wconf 91' lang='lat' dir='ltr'><strong>nutritio</strong></span> <span class='ocrx_word' id='word_1_459' title='bbox 643 3490 694 3529; x_wconf 90' lang='lat' dir='ltr'><strong>suo</strong></span> <span class='ocrx_word' id='word_1_460' title='bbox 748 3474 843 3530; x_wconf 84' lang='lat' dir='ltr'><strong>salvus</strong></span> <span class='ocrx_word' id='word_1_461' title='bbox 860 3473 954 3529; x_wconf 84' lang='lat' dir='ltr'><strong>fieres.</strong></span> <span class='ocrx_word' id='word_1_462' title='bbox 970 3472 1012 3528; x_wconf 86' lang='lat' dir='ltr'><strong>Ad</strong></span> <span class='ocrx_word' id='word_1_463' title='bbox 1030 3487 1094 3527; x_wconf 87' lang='lat' dir='ltr'><strong>oum</strong></span> <span class='ocrx_word' id='word_1_464' title='bbox 1109 3471 1204 3541; x_wconf 90' lang='lat' dir='ltr'><strong>itaque</strong></span> <span class='ocrx_word' id='word_1_465' title='bbox 1224 3485 1271 3541; x_wconf 81' lang='lat' dir='ltr'><strong>qur</strong></span> <span class='ocrx_word' id='word_1_466' title='bbox 1290 3485 1334 3524; x_wconf 92' lang='lat' dir='ltr'><strong>m-</strong></span> 
     </span>
     <span class='ocr_line' id='line_1_45' title="bbox 73 3539 1336 3616; baseline -0.006 -12"><span class='ocrx_word' id='word_1_467' title='bbox 73 3547 208 3613; x_wconf 71' lang='lat' dir='ltr'><strong>stabat,</strong></span> <span class='ocrx_word' id='word_1_468' title='bbox 231 3548 258 3600; x_wconf 89' lang='lat' dir='ltr'><strong>et</strong></span> <span class='ocrx_word' id='word_1_469' title='bbox 280 3543 433 3616; x_wconf 89' lang='lat' dir='ltr'><strong>aliquando</strong></span> <span class='ocrx_word' id='word_1_470' title='bbox 452 3547 506 3601; x_wconf 88' lang='lat' dir='ltr'><strong>hos</strong></span> <span class='ocrx_word' id='word_1_471' title='bbox 529 3545 692 3615; x_wconf 83' lang='lat' dir='ltr'><strong>adjurabat.</strong></span> <span class='ocrx_word' id='word_1_472' title='bbox 746 3543 852 3616; x_wconf 89' lang='lat' dir='ltr'><strong>juriam</strong></span> <span class='ocrx_word' id='word_1_473' title='bbox 871 3543 921 3599; x_wconf 89' lang='lat' dir='ltr'><strong>tibi</strong></span> <span class='ocrx_word' id='word_1_474' title='bbox 944 3543 1019 3610; x_wconf 88' lang='lat' dir='ltr'><strong>lecit,</strong></span> <span class='ocrx_word' id='word_1_475' title='bbox 1035 3541 1176 3615; x_wconf 86' lang='lat' dir='ltr'><strong>privatum</strong></span> <span class='ocrx_word' id='word_1_476' title='bbox 1200 3539 1290 3613; x_wconf 84' lang='lat' dir='ltr'><strong>magis</strong></span> <span class='ocrx_word' id='word_1_477' title='bbox 1307 3544 1336 3597; x_wconf 87' lang='lat' dir='ltr'><strong>te</strong></span> 
     </span>
     <span class='ocr_line' id='line_1_46' title="bbox 79 3610 1335 3682; baseline -0.006 -7"><span class='ocrx_word' id='word_1_478' title='bbox 79 3614 302 3675; x_wconf 80' lang='lat' dir='ltr'><strong>Pertransibat</strong></span> <span class='ocrx_word' id='word_1_479' title='bbox 314 3616 407 3673; x_wconf 90' lang='lat' dir='ltr'><strong>eundo</strong></span> <span class='ocrx_word' id='word_1_480' title='bbox 420 3621 448 3672; x_wconf 90' lang='lat' dir='ltr'><strong>et</strong></span> <span class='ocrx_word' id='word_1_481' title='bbox 463 3616 607 3673; x_wconf 91' lang='lat' dir='ltr'><strong>redeundo</strong></span> <span class='ocrx_word' id='word_1_482' title='bbox 621 3615 695 3672; x_wconf 91' lang='lat' dir='ltr'><strong>inter</strong></span> <span class='ocrx_word' id='word_1_483' title='bbox 749 3615 849 3673; x_wconf 81' lang='lat' dir='ltr'><strong>exhibe</strong></span> <span class='ocrx_word' id='word_1_484' title='bbox 865 3620 892 3670; x_wconf 89' lang='lat' dir='ltr'><strong>ot</strong></span> <span class='ocrx_word' id='word_1_485' title='bbox 906 3614 1063 3682; x_wconf 89' lang='lat' dir='ltr'><strong>allabilem;</strong></span> <span class='ocrx_word' id='word_1_486' title='bbox 1080 3615 1193 3671; x_wconf 90' lang='lat' dir='ltr'><strong>adeum</strong></span> <span class='ocrx_word' id='word_1_487' title='bbox 1209 3629 1275 3668; x_wconf 81' lang='lat' dir='ltr'><strong>roro</strong></span> <span class='ocrx_word' id='word_1_488' title='bbox 1291 3610 1335 3668; x_wconf 90' lang='lat' dir='ltr'><strong>cui</strong></span> 
     </span>
     <span class='ocr_line' id='line_1_47' title="bbox 79 3684 1334 3758; baseline -0.006 -11"><span class='ocrx_word' id='word_1_489' title='bbox 79 3684 248 3756; x_wconf 63' lang='lat' dir='ltr'><strong>homines</strong></span> <span class='ocrx_word' id='word_1_490' title='bbox 257 3686 320 3743; x_wconf 87' lang='lat' dir='ltr'><strong>acsi</strong></span> <span class='ocrx_word' id='word_1_491' title='bbox 333 3703 390 3743; x_wconf 95' lang='lat' dir='ltr'><strong>non</strong></span> <span class='ocrx_word' id='word_1_492' title='bbox 402 3686 542 3744; x_wconf 87' lang='lat' dir='ltr'><strong>inveniret</strong></span> <span class='ocrx_word' id='word_1_493' title='bbox 554 3687 693 3744; x_wconf 90' lang='lat' dir='ltr'><strong>homines.</strong></span> <span class='ocrx_word' id='word_1_494' title='bbox 750 3693 778 3743; x_wconf 94' lang='lat' dir='ltr'><strong>tu</strong></span> <span class='ocrx_word' id='word_1_495' title='bbox 790 3686 889 3753; x_wconf 90' lang='lat' dir='ltr'><strong>iecisti,</strong></span> <span class='ocrx_word' id='word_1_496' title='bbox 900 3685 1054 3758; x_wconf 85' lang='lat' dir='ltr'><strong>supplicem</strong></span> <span class='ocrx_word' id='word_1_497' title='bbox 1069 3691 1096 3742; x_wconf 92' lang='lat' dir='ltr'><strong>et</strong></span> <span class='ocrx_word' id='word_1_498' title='bbox 1108 3687 1334 3742; x_wconf 85' lang='lat' dir='ltr'><strong>erubescentem.</strong></span> 
     </span>
     <span class='ocr_line' id='line_1_48' title="bbox 133 3755 1336 3838; baseline -0.005 -22"><span class='ocrx_word' id='word_1_499' title='bbox 133 3781 151 3816; x_wconf 76' lang='lat' dir='ltr'><strong>a</strong></span> <span class='ocrx_word' id='word_1_500' title='bbox 174 3761 324 3815; x_wconf 81' lang='lat' dir='ltr'><strong>Mounsruu</strong></span> <span class='ocrx_word' id='word_1_501' title='bbox 341 3777 373 3815; x_wconf 87' lang='lat' dir='ltr'><strong>ur</strong></span> <span class='ocrx_word' id='word_1_502' title='bbox 390 3776 559 3815; x_wconf 80' lang='lat' dir='ltr'><strong>nuurmmms</strong></span> <span class='ocrx_word' id='word_1_503' title='bbox 573 3776 694 3814; x_wconf 74' lang='lat' dir='ltr'><strong>corruas·</strong></span> <span class='ocrx_word' id='word_1_504' title='bbox 749 3759 950 3815; x_wconf 80' lang='lat' dir='ltr'><strong>Adversarium</strong></span> <span class='ocrx_word' id='word_1_505' title='bbox 970 3764 1048 3814; x_wconf 92' lang='lat' dir='ltr'><strong>tuum</strong></span> <span class='ocrx_word' id='word_1_506' title='bbox 1068 3763 1096 3813; x_wconf 91' lang='lat' dir='ltr'><strong>et</strong></span> <span class='ocrx_word' id='word_1_507' title='bbox 1122 3772 1186 3814; x_wconf 88' lang='lat' dir='ltr'><strong>cum</strong></span> <span class='ocrx_word' id='word_1_508' title='bbox 1211 3755 1257 3838; x_wconf 84' lang='lat' dir='ltr'><strong>qui</strong></span> <span class='ocrx_word' id='word_1_509' title='bbox 1285 3755 1336 3812; x_wconf 89' lang='lat' dir='ltr'><strong>tibi</strong></span> 
     </span>
     <span class='ocr_line' id='line_1_49' title="bbox 91 3829 1336 3901; baseline -0.005 -13"><span class='ocrx_word' id='word_1_510' title='bbox 91 3848 195 3888; x_wconf 76' lang='lat' dir='ltr'><strong>paruo.</strong></span> <span class='ocrx_word' id='word_1_511' title='bbox 207 3829 695 3898; x_wconf 83' lang='lat' dir='ltr'><strong>-erabanturcuncti,cernentes</strong></span> <span class='ocrx_word' id='word_1_512' title='bbox 751 3830 887 3886; x_wconf 75' lang='lat' dir='ltr'><strong>molestiae</strong></span> <span class='ocrx_word' id='word_1_513' title='bbox 907 3829 1015 3901; x_wconf 89' lang='lat' dir='ltr'><strong>aliquid</strong></span> <span class='ocrx_word' id='word_1_514' title='bbox 1034 3829 1336 3901; x_wconf 84' lang='lat' dir='ltr'><strong>irrogat,am1cumet</strong></span> 
     </span>
     <span class='ocr_line' id='line_1_50' title="bbox 93 3899 1336 3975; baseline -0.006 -13"><span class='ocrx_word' id='word_1_515' title='bbox 93 3906 244 3962; x_wconf 79' lang='lat' dir='ltr'><strong>luvenem</strong></span> <span class='ocrx_word' id='word_1_516' title='bbox 256 3905 317 3967; x_wconf 74' lang='lat' dir='ltr'><strong>⁴tam</strong></span> <span class='ocrx_word' id='word_1_517' title='bbox 331 3901 490 3975; x_wconf 90' lang='lat' dir='ltr'><strong>speciosum</strong></span> <span class='ocrx_word' id='word_1_518' title='bbox 505 3900 574 3957; x_wconf 88' lang='lat' dir='ltr'><strong>nibil</strong></span> <span class='ocrx_word' id='word_1_519' title='bbox 591 3903 694 3970; x_wconf 87' lang='lat' dir='ltr'><strong>lacere,</strong></span> <span class='ocrx_word' id='word_1_520' title='bbox 746 3902 911 3973; x_wconf 81' lang='lat' dir='ltr'><strong>adjutorem</strong></span> <span class='ocrx_word' id='word_1_521' title='bbox 923 3901 1047 3968; x_wconf 79' lang='lat' dir='ltr'><strong>aestima3</strong></span> <span class='ocrx_word' id='word_1_522' title='bbox 1061 3901 1196 3962; x_wconf 87' lang='lat' dir='ltr'><strong>damnum</strong></span> <span class='ocrx_word' id='word_1_523' title='bbox 1209 3899 1259 3954; x_wconf 80' lang='lat' dir='ltr'><strong>tibi</strong></span> <span class='ocrx_word' id='word_1_524' title='bbox 1273 3899 1336 3955; x_wconf 86' lang='lat' dir='ltr'><strong>illa·</strong></span> 
     </span>
     <span class='ocr_line' id='line_1_51' title="bbox 95 3971 1336 4047; baseline -0.004 -16"><span class='ocrx_word' id='word_1_525' title='bbox 95 3979 245 4045; x_wconf 87' lang='lat' dir='ltr'><strong>quantum</strong></span> <span class='ocrx_word' id='word_1_526' title='bbox 269 3976 435 4047; x_wconf 89' lang='lat' dir='ltr'><strong>apparebat,</strong></span> <span class='ocrx_word' id='word_1_527' title='bbox 459 3973 543 4030; x_wconf 92' lang='lat' dir='ltr'><strong>laude</strong></span> <span class='ocrx_word' id='word_1_528' title='bbox 567 3972 693 4044; x_wconf 86' lang='lat' dir='ltr'><strong>dignum.</strong></span> <span class='ocrx_word' id='word_1_529' title='bbox 752 3981 810 4030; x_wconf 94' lang='lat' dir='ltr'><strong>tum</strong></span> <span class='ocrx_word' id='word_1_530' title='bbox 828 3979 855 4029; x_wconf 90' lang='lat' dir='ltr'><strong>et</strong></span> <span class='ocrx_word' id='word_1_531' title='bbox 869 3972 1065 4041; x_wconf 86' lang='lat' dir='ltr'><strong>contumelias,</strong></span> <span class='ocrx_word' id='word_1_532' title='bbox 1078 3973 1187 4030; x_wconf 89' lang='lat' dir='ltr'><strong>lucrum</strong></span> <span class='ocrx_word' id='word_1_533' title='bbox 1203 3977 1231 4027; x_wconf 90' lang='lat' dir='ltr'><strong>et</strong></span> <span class='ocrx_word' id='word_1_534' title='bbox 1245 3971 1336 4043; x_wconf 90' lang='lat' dir='ltr'><strong>prole·</strong></span> 
     </span>
     <span class='ocr_line' id='line_1_52' title="bbox 97 4042 1336 4118; baseline -0.004 -15"><span class='ocrx_word' id='word_1_535' title='bbox 97 4047 315 4117; x_wconf 81' lang='lat' dir='ltr'><strong>Exspectabam</strong></span> <span class='ocrx_word' id='word_1_536' title='bbox 327 4046 402 4118; x_wconf 92' lang='lat' dir='ltr'><strong>quod</strong></span> <span class='ocrx_word' id='word_1_537' title='bbox 415 4046 520 4102; x_wconf 85' lang='lat' dir='ltr'><strong>laceret</strong></span> <span class='ocrx_word' id='word_1_538' title='bbox 532 4044 695 4117; x_wconf 82' lang='lat' dir='ltr'><strong>magnilica,</strong></span> <span class='ocrx_word' id='word_1_539' title='bbox 750 4050 827 4101; x_wconf 93' lang='lat' dir='ltr'><strong>ctum</strong></span> <span class='ocrx_word' id='word_1_540' title='bbox 842 4049 921 4101; x_wconf 92' lang='lat' dir='ltr'><strong>tuum</strong></span> <span class='ocrx_word' id='word_1_541' title='bbox 937 4045 1052 4116; x_wconf 87' lang='lat' dir='ltr'><strong>deputa,</strong></span> <span class='ocrx_word' id='word_1_542' title='bbox 1063 4049 1090 4100; x_wconf 90' lang='lat' dir='ltr'><strong>ct</strong></span> <span class='ocrx_word' id='word_1_543' title='bbox 1105 4061 1156 4117; x_wconf 91' lang='lat' dir='ltr'><strong>pro</strong></span> <span class='ocrx_word' id='word_1_544' title='bbox 1172 4043 1215 4099; x_wconf 84' lang='lat' dir='ltr'><strong>his</strong></span> <span class='ocrx_word' id='word_1_545' title='bbox 1229 4042 1336 4113; x_wconf 85' lang='lat' dir='ltr'><strong>gratias</strong></span> 
     </span>
     <span class='ocr_line' id='line_1_53' title="bbox 100 4115 1333 4198; baseline -0.004 -25"><span class='ocrx_word' id='word_1_546' title='bbox 100 4123 133 4173; x_wconf 92' lang='lat' dir='ltr'><strong>et</strong></span> <span class='ocrx_word' id='word_1_547' title='bbox 151 4116 236 4188; x_wconf 90' lang='lat' dir='ltr'><strong>probi</strong></span> <span class='ocrx_word' id='word_1_548' title='bbox 255 4117 306 4173; x_wconf 85' lang='lat' dir='ltr'><strong>viri</strong></span> <span class='ocrx_word' id='word_1_549' title='bbox 328 4133 425 4189; x_wconf 91' lang='lat' dir='ltr'><strong>opera.</strong></span> <span class='ocrx_word' id='word_1_550' title='bbox 440 4118 512 4174; x_wconf 90' lang='lat' dir='ltr'><strong>Cum</strong></span> <span class='ocrx_word' id='word_1_551' title='bbox 531 4117 607 4173; x_wconf 90' lang='lat' dir='ltr'><strong>enlm</strong></span> <span class='ocrx_word' id='word_1_552' title='bbox 626 4133 697 4198; x_wconf 90' lang='lat' dir='ltr'><strong>puer</strong></span> <span class='ocrx_word' id='word_1_553' title='bbox 751 4119 808 4173; x_wconf 87' lang='lat' dir='ltr'><strong>Deo</strong></span> <span class='ocrx_word' id='word_1_554' title='bbox 822 4121 849 4172; x_wconf 90' lang='lat' dir='ltr'><strong>et</strong></span> <span class='ocrx_word' id='word_1_555' title='bbox 861 4115 1047 4173; x_wconf 86' lang='lat' dir='ltr'><strong>inserentibus</strong></span> <span class='ocrx_word' id='word_1_556' title='bbox 1057 4117 1164 4173; x_wconf 90' lang='lat' dir='ltr'><strong>relerre</strong></span> <span class='ocrx_word' id='word_1_557' title='bbox 1175 4131 1233 4171; x_wconf 94' lang='lat' dir='ltr'><strong>non</strong></span> <span class='ocrx_word' id='word_1_558' title='bbox 1244 4129 1333 4170; x_wconf 84' lang='lat' dir='ltr'><strong>cessa.</strong></span> 
     </span>
     <span class='ocr_line' id='line_1_54' title="bbox 102 4187 1334 4271; baseline -0.006 -26"><span class='ocrx_word' id='word_1_559' title='bbox 102 4194 180 4255; x_wconf 85' lang='lat' dir='ltr'><strong>erat,</strong></span> <span class='ocrx_word' id='word_1_560' title='bbox 196 4188 364 4261; x_wconf 86' lang='lat' dir='ltr'><strong>proficiebat</strong></span> <span class='ocrx_word' id='word_1_561' title='bbox 376 4194 459 4246; x_wconf 76' lang='lat' dir='ltr'><strong>aetate</strong></span> <span class='ocrx_word' id='word_1_562' title='bbox 472 4194 500 4246; x_wconf 89' lang='lat' dir='ltr'><strong>et</strong></span> <span class='ocrx_word' id='word_1_563' title='bbox 514 4189 654 4271; x_wconf 84' lang='lat' dir='ltr'><strong>sapientia</strong></span> <span class='ocrx_word' id='word_1_564' title='bbox 669 4192 697 4244; x_wconf 91' lang='lat' dir='ltr'><strong>et</strong></span> <span class='ocrx_word' id='word_1_565' title='bbox 786 4193 802 4243; x_wconf 87' lang='lat'>5</span> <span class='ocrx_word' id='word_1_566' title='bbox 827 4190 940 4244; x_wconf 84' lang='lat' dir='ltr'><strong>lluumrs</strong></span> <span class='ocrx_word' id='word_1_567' title='bbox 964 4207 1040 4245; x_wconf 78' lang='lat' dir='ltr'><strong>amm</strong></span> <span class='ocrx_word' id='word_1_568' title='bbox 1063 4204 1173 4244; x_wconf 79' lang='lat' dir='ltr'><strong>rameru.</strong></span> <span class='ocrx_word' id='word_1_569' title='bbox 1197 4217 1232 4226; x_wconf 94' lang='lat'>-</span> <span class='ocrx_word' id='word_1_570' title='bbox 1253 4187 1334 4251; x_wconf 80' lang='lat' dir='ltr'><strong>liam,</strong></span> 
     </span>
     <span class='ocr_line' id='line_1_55' title="bbox 103 4252 1335 4334; baseline -0.006 -17"><span class='ocrx_word' id='word_1_571' title='bbox 103 4259 202 4332; x_wconf 80' lang='lat' dir='ltr'><strong>gratia</strong></span> <span class='ocrx_word' id='word_1_572' title='bbox 222 4261 298 4332; x_wconf 89' lang='lat' dir='ltr'><strong>apud</strong></span> <span class='ocrx_word' id='word_1_573' title='bbox 321 4264 411 4319; x_wconf 85' lang='lat' dir='ltr'><strong>Deum</strong></span> <span class='ocrx_word' id='word_1_574' title='bbox 434 4266 463 4317; x_wconf 89' lang='lat' dir='ltr'><strong>et</strong></span> <span class='ocrx_word' id='word_1_575' title='bbox 482 4262 627 4329; x_wconf 73' lang='lat' dir='ltr'><strong>homines,</strong></span> <span class='ocrx_word' id='word_1_576' title='bbox 647 4259 698 4317; x_wconf 90' lang='lat' dir='ltr'><strong>sed</strong></span> <span class='ocrx_word' id='word_1_577' title='bbox 750 4260 906 4317; x_wconf 87' lang='lat' dir='ltr'><strong>secundum</strong></span> <span class='ocrx_word' id='word_1_578' title='bbox 925 4262 1087 4334; x_wconf 86' lang='lat' dir='ltr'><strong>quomdam,</strong></span> <span class='ocrx_word' id='word_1_579' title='bbox 1103 4256 1218 4315; x_wconf 89' lang='lat' dir='ltr'><strong>humilis</strong></span> <span class='ocrx_word' id='word_1_580' title='bbox 1231 4252 1335 4326; x_wconf 89' lang='lat' dir='ltr'><strong>gaudet</strong></span> 
     </span>
    </p>
   </div>
   <div class='ocr_carea' id='block_1_5' title="bbox 0 0 1400 4912">
    <p class='ocr_par' dir='ltr' id='par_1_5' title="bbox 0 0 1400 4912">
     <span class='ocr_line' id='line_1_56' title="bbox 0 0 1400 4912; baseline 0 1"><span class='ocrx_word' id='word_1_581' title='bbox 0 0 1400 4912; x_wconf 95' lang='lat' dir='ltr'><strong> </strong></span> 
     </span>
    </p>
   </div>
  </div>
 </body>
</html>
