2790 4912
115 316 147 372 66
508 308 619 363 tutum
645 309 765 365 Pluris
792 308 897 363 CAPUT
924 309 961 361 lx

114 415 319 478 abundantiam
347 413 546 473 tentationum.
575 415 618 472 Ad
647 414 702 471 ista
760 414 823 498 quis
838 419 952 471 sanctus
967 413 1064 486 gravia
1078 414 1237 487 ctindigna
1251 432 1358 490 perpe·

113 489 257 564 praecipue
273 502 326 543 nos
367 501 491 555 aremus,
516 502 552 543 ne
570 486 702 559 imparati
759 492 845 554 tutur;
861 485 941 542 obliti
958 501 1016 541 non
1030 501 1128 543 sumus
1146 502 1211 558 quae
1231 488 1354 560 pertulit

116 560 290 619 deficiamus.
304 502 366 615 Sed)
374 556 526 627 aliquando
540 565 703 629 peccatores
758 560 773 615 J
777 563 857 614 ustus
869 558 1015 638 iustorum
1019 599 1026 625 ,
1043 558 1219 630 Sanctusque
1236 564 1354 617 sancto-

115 632 145 689 iu
154 633 208 689 bac
221 631 289 697 rita,
298 632 348 685 aut
361 644 430 691 non,
440 633 490 684 aut
505 631 704 702 minusllagel·
760 645 834 686 rum.
853 628 956 685 Omma
970 644 1046 684 enim
1061 634 1177 685 terrena
1192 631 1272 687 bona
1287 647 1354 688 con·

113 705 219 772 lantur,
237 702 303 773 quia
323 700 384 771 jam
405 699 557 772 desperata
577 706 621 756 est
639 716 701 757 cor·
759 699 884 771 tempsit,
898 704 928 755 ut
943 715 977 755 ea
986 700 1196 757 contemnenda
1205 708 1352 759 monstra·

113 773 202 832 rectio
228 786 339 828 eorum.
356 773 393 827 nt
419 786 487 827 vero
515 771 573 827 illis
601 773 703 842 quibus
760 777 818 840 ret;
832 777 861 827 et
875 769 971 827 omnia
986 775 1100 827 terrena
1114 772 1191 829 mala
1206 773 1356 843 sustinuit,

112 849 232 918 paratur
251 842 306 898 rita
326 840 509 914 sempiterna,
525 858 641 900 necesse
660 848 703 899 est
760 859 823 915 quae
839 840 1005 898 sustinenda
1027 842 1209 914 precipiebat
1225 861 1232 899 :
1247 848 1282 900 ut
1300 860 1352 901 nec

114 922 147 973 ut
170 916 216 971 bic
243 914 448 984 flagellentur:
480 913 551 982 Quia
578 915 704 985 flagellat
760 915 789 970 in
806 913 1017 984 illisquaeretur
1032 914 1162 982 felicitas,
1174 930 1227 971 nec
1242 916 1275 971 in
1288 915 1356 972 istis

114 1003 218 1044 omnem
236 988 325 1054 fllium
350 1001 430 1054 quem
453 988 563 1112 recipit,
591 985 619 1041 id
647 990 701 1053 est,
759 984 910 1041 timeretur
924 984 1094 1066 infelicitas:
1108 987 1352 1067 ›rllraecdupusti

114 1073 200 1130 quem
215 1061 380 1129 recepturus
393 1062 438 1112 est
455 1059 484 1113 in
526 1056 703 1113 aereditatem
759 1073 822 1112 aas.
834 1055 951 1127 Expedit
963 1060 1049 1126 igitur
1061 1058 1145 1113 nobis
1159 1056 1294 1115 tribulari
1306 1056 1354 1114 bic

115 1135 263 1185 aeternam.
281 1127 367 1184 Addit
389 1143 513 1196 omnem,
534 1130 620 1184 otiam
640 1127 704 1184 Uni·
760 1132 789 1184 et
805 1125 906 1198 afiligi,
922 1132 951 1182 et
966 1128 1029 1183 ideo
1045 1143 1102 1183 non
1114 1127 1254 1185 debemus
1264 1128 1297 1185 in
1308 1127 1356 1185 bis

114 1215 180 1257 cum
195 1200 243 1271 qui
264 1198 326 1255 sine
340 1198 418 1255 omni
443 1203 558 1271 peccato
582 1204 635 1255 est.
651 1199 703 1267 Qui
760 1198 853 1269 frangi
874 1198 918 1254 rel
940 1197 1123 1271 impatientes
1141 1214 1220 1266 esse;
1236 1199 1291 1256 sed
1305 1215 1354 1272 po-

57 1310 68 1321 ..
114 1287 183 1397 ergo
215 1270 340 1342 llagellat
359 1269 477 1327 Unicum
496 1270 557 1326 sine
577 1277 704 1342 peccato,
761 1269 818 1326 tius
841 1269 902 1325 hac
924 1269 1059 1326 allectare
1078 1275 1107 1327 et
1132 1269 1263 1342 diligere,
1286 1269 1356 1342 quia

115 1341 548 1414 reinquetadoptatum,quiest
563 1357 627 1398 cum
642 1357 705 1413 pec·
762 1357 838 1412 saepe
860 1356 878 1397 a
903 1341 978 1397 malo
1006 1357 1058 1397 uos
1080 1342 1239 1410 retrabunt,
1261 1341 1355 1398 etad

115 1413 203 1470 cato?
229 1413 332 1469 Unicus
350 1412 412 1470 sine
429 1419 554 1485 peccato,
579 1428 637 1469 non
665 1420 706 1469 ta·
762 1413 867 1469 bonum
882 1410 1029 1469 inducunt.
1047 1411 1196 1468 Contraria
1210 1428 1280 1469 vcro
1300 1427 1354 1484 pro

116 1500 181 1540 men
202 1482 264 1541 sine
291 1484 416 1556 flagello,
441 1484 601 1556 exemplum
621 1484 704 1540 nobis
761 1482 934 1540 advorsariis
963 1484 1069 1541 habere
1096 1483 1233 1540 debemus
1258 1490 1289 1540 et
1309 1484 1355 1540 lu-

115 1555 264 1628 proposuit
286 1554 315 1611 in
342 1555 522 1626 passionibus
547 1554 618 1611 suis.
644 1557 705 1611 Non
760 1570 853 1625 gere,
883 1555 950 1624 quia
979 1555 1122 1611 contraria
1149 1553 1298 1628 praedictis
1323 1554 1357 1612 in

119 1642 187 1698 ergo
211 1627 375 1683 conturbari
393 1627 541 1695 debemus,
561 1641 625 1682 cum
650 1626 704 1682 ali·
761 1627 845 1683 nobis
858 1625 997 1682 alliciunt.

671 1802 799 1860 ORATIO

155 1943 275 2000 Domine
289 1945 358 2001 Jesu
371 1941 492 2013 Christe,
517 1942 565 2014 qui
584 1959 615 1999 os
632 1942 858 2015 inexpugnabilis
875 1958 973 1999 murus
990 1944 1117 2001 omnium
1131 1946 1159 2002 in
1178 1951 1207 2004 te
1233 1964 1358 2021 speran-

123 2014 205 2083 tium,
222 2019 283 2071 osto
297 2014 326 2069 in
346 2013 530 2071 tribulatione
547 2030 640 2071 meum
668 2014 826 2087 retugium,
853 2013 917 2071 ride
946 2014 1143 2074 tribulationes
1162 2024 1190 2074 ct
1204 2021 1358 2091 angustias

122 2100 216 2154 meas;
236 2090 265 2142 et
279 2084 335 2142 mei
355 2084 501 2154 miserere,
521 2091 550 2142 et
568 2102 619 2158 per
631 2102 730 2142 omues
748 2084 945 2143 miserationes
960 2092 1024 2142 tuas
1040 2087 1107 2143 mibi
1122 2106 1266 2147 succurre.
1284 2091 1357 2149 Vide

123 2155 320 2213 infirmitatem
334 2171 438 2225 meam,
454 2163 483 2213 et
496 2163 615 2229 paterna
630 2157 812 2214 miseratione
827 2173 872 2213 me
887 2161 1015 2229 protege,
1031 2162 1061 2214 ut
1076 2164 1124 2216 tua
1137 2161 1269 2220 suliultus
1284 2178 1355 2234 pro·

123 2225 260 2297 ridentia,
275 2243 431 2300 numquam
446 2232 493 2284 tua
508 2227 647 2285 destituar
662 2228 854 2285 consolatione
871 2238 898 2285 et
912 2228 1116 2286 miscricordia.
1131 2233 1285 2301 ldemento,
1300 2236 1357 2292 Do·

124 2297 213 2368 mine,
227 2307 364 2356 creaturae
378 2305 445 2367 tuae,
462 2305 490 2355 et
503 2299 673 2356 insidiantes
692 2300 761 2355 mibi
778 2301 875 2357 hostes
893 2315 910 2356 a
925 2315 970 2356 me
986 2300 1092 2371 repelle
1106 2320 1113 2372 ;
1129 2309 1161 2360 ut
1177 2308 1227 2361 tua
1240 2304 1357 2362 miseri·

127 2369 224 2426 cordia
251 2370 377 2428 munitus
396 2369 531 2428 bonitatis
556 2377 612 2427 tuae
641 2370 820 2428 dulcedinem
848 2371 878 2427 in
906 2387 951 2429 me
979 2387 1160 2446 cognoscam,
1180 2382 1208 2432 et
1239 2377 1357 2450 dignam

126 2441 322 2514 poenitentiam
336 2457 388 2515 pro
408 2441 531 2514 peccatis
546 2441 618 2500 meis
632 2443 785 2499 exsolvam.
801 2445 902 2499 Amen.

641 2756 779 2829 CAPUT
796 2756 841 2828 lX

512 2973 550 3018 uu
568 2975 751 3023 rtnmvlrltrn
767 2976 961 3025 SALVATORIS.

645 3157 849 3232 Lucaecap.11.
866 3166 871 3193 ¹

168 3399 177 3435 ι
195 3379 636 3438 EorcruuCusnnrsAucusr1.-
651 3385 716 3439 Fac·
770 3381 841 3465 Regi
863 3385 974 3447 nostro.
994 3383 1132 3441 debemus
1153 3400 1269 3443 censum
1290 3386 1362 3446 fidei

129 3454 187 3505 tum
201 3455 241 3506 est
253 3456 344 3506 nutem
359 3454 389 3506 in
413 3452 510 3507 diebus
522 3454 591 3516 iltis,
607 3452 716 3510 scilicet
770 3458 800 3510 et
818 3452 936 3525 Justitiae
957 3455 1094 3528 profiteri,
1118 3456 1214 3526 corde,
1243 3474 1305 3528 ore,
1332 3464 1363 3517 et

128 3519 715 3593 Uariaadhucpraegnante,eaiitedictum
770 3541 867 3597 opere.
888 3525 959 3582 lluic
984 3526 1121 3584 debemus
1143 3527 1304 3612 denarium,
1329 3529 1362 3587 id

128 3607 147 3646 o
160 3591 264 3672 Caesare
276 3593 412 3660 soporo,
425 3599 457 3649 ut
469 3595 676 3661 describeretur,
686 3595 714 3652 id
770 3600 824 3664 est,
840 3595 965 3653 animam
981 3597 1089 3655 lumine
1104 3599 1198 3656 vultus
1215 3600 1278 3672 ejus
1291 3600 1362 3658 rusi-

129 3665 173 3718 est
190 3678 221 3717 m
247 3662 351 3743 scripto
366 3663 552 3735 redigeretur,
571 3670 715 3723 universus
769 3667 891 3738 gnitam,
906 3668 951 3725 vel
963 3667 1130 3741 decalogum
1151 3669 1242 3743 Legis,
1259 3671 1361 3744 inquo

128 3733 213 3796 orbis,
226 3734 335 3790 scilicet
351 3733 470 3805 quilibet
482 3735 512 3792 in
526 3737 639 3794 civitate
651 3754 714 3807 sua,
770 3739 879 3797 vultum
895 3739 979 3811 Regis
993 3740 1095 3810 nostri,
1113 3742 1141 3798 id
1160 3748 1213 3811 est,
1229 3740 1361 3800 volunta-

127 3804 181 3885 sub
199 3819 287 3860 censu
311 3803 442 3862 videlicet
462 3809 660 3892 persolvendo,
683 3817 715 3867 ut
769 3813 828 3866 tem
856 3810 942 3881 ejus,
969 3810 1138 3869 invenimus.
1168 3813 1247 3871 Sicut
1281 3813 1360 3871 enim

126 3879 168 3931 att
183 3874 363 3958 ‘Gregoriarr
383 3897 398 3928 «
412 3877 560 3959 Nascituro
580 3882 713 3949 Domino,
769 3881 1015 3939 nullusadenario
1024 3882 1224 3956 excipiebatur,
1236 3884 1277 3942 sic
1291 3885 1361 3941 nul·

127 3945 206 4026 orbus
227 3945 410 4018 describitur;
431 3964 498 4020 quta
519 3951 566 4007 ille
582 3951 714 4009 veniebat
769 3951 813 4008 lus
826 3953 863 4009 ab
878 3953 1059 4010 observantia
1070 3955 1273 4013 mandatorum
1286 3954 1362 4013 exci-

127 4031 160 4098 in
174 4017 338 4098 carne,›qui
354 4017 459 4076 electos
476 4037 543 4078 suos
557 4022 713 4080 ascriberet
766 4021 854 4105 pitur.
880 4023 933 4082 Ubi
957 4025 1113 4083 notandum
1142 4027 1217 4100 quod
1246 4026 1360 4100 primus

127 4102 159 4142 nn
171 4094 362 4146 aeternitate.»
373 4092 622 4162 Utinam,Uominc
631 4097 711 4162 Jesu,
768 4099 925 4166 imperator
954 4097 1159 4168 Romanorum,
1186 4098 1240 4156 luit
1265 4098 1359 4157 Julius

128 4156 165 4215 de
177 4159 274 4241 electis
288 4159 343 4217 tuis
357 4177 403 4218 me
417 4162 553 4220 miserum
569 4164 666 4233 iacias,
682 4170 714 4222 ut
768 4165 874 4237 Ceasar,
891 4165 940 4239 qui
959 4162 1115 4226 secundum
1127 4170 1275 4236 lsidoram,
1290 4170 1358 4227 ideo

127 4243 175 4287 mc
206 4246 235 4289 ru
263 4233 421 4292 eternitate
453 4235 616 4294 adscribas!
643 4235 713 4293 Huic
768 4236 865 4295 Caesar
878 4237 1038 4312 appobatus
1051 4245 1105 4311 est,
1115 4240 1184 4315 quia
1197 4256 1273 4300 caeso
1283 4257 1359 4299 mor
