2790 4912
140 350 192 408 258
501 344 612 399 ltlttn
638 342 757 397 ltttls
785 344 890 397 erent
917 344 1029 399 xxxlt
1109 343 1112 349 ’

143 455 229 526 butis,
242 458 271 512 et
287 454 323 511 de
337 467 410 509 noro
432 449 586 517 conversis,
608 464 665 504 uon
678 464 728 506 ex·
782 448 906 522 primum
935 448 1057 507 suadere
1083 448 1239 508 emendare
1255 468 1262 520 ;
1280 454 1345 513 etsie

180 527 222 584 dit
248 525 343 583 statim
370 537 485 593 gravem
524 520 729 579 abstinentiam
816 520 924 578 adatim
939 521 1014 578 ultra
1036 521 1204 594 procedere.
1232 523 1343 583 tlndedt

143 615 302 683 nnponere,
316 594 382 667 quia
408 592 524 649 diltlcile
552 597 597 649 est
614 600 728 650 assueta
803 595 988 661 crysouomus
1003 611 1013 648 ε
1027 614 1043 645 «ι
1054 595 1114 651 lloe
1128 600 1224 651 autem
1234 593 1339 661 dixitre

142 672 314 742 relinquere.
782 665 879 737 gulam
897 665 969 722 dans
988 663 1045 722 suis
1062 664 1219 738 discipulis,
1235 672 1264 722 ut
1278 666 1340 725 disd-

181 748 212 800 16
227 744 379 798 Coscnusio
394 753 429 792 nx
442 752 486 791 urs
499 752 616 793 osismus
630 754 727 793 siaru-
783 736 864 809 pulos
879 752 912 792 ex
921 735 1053 794 universo
1068 738 1138 795 orbe
1151 743 1284 795 terrarum
1294 752 1339 797 cun

141 830 294 872 meismes.
311 842 345 852 -
361 811 398 865 Ex
413 807 545 865 omnibus
564 808 610 865 bis
628 808 729 864 simili·
784 808 999 865 mansuetudine
1018 808 1184 882 suscipiant
1205 812 1290 882 ltaqrre
1304 826 1339 869 ao

141 884 289 943 tudinibus
312 880 480 938 concludere
511 880 571 937 vult
594 880 729 953 Magister
783 897 838 953 que
851 896 903 937 nos
915 879 1011 937 omnia
1025 882 1062 937 ab
1081 880 1214 938 omnibus
1226 886 1342 954 exspecta·

142 957 245 1023 bonus,
259 954 334 1026 quod
343 951 472 1024 discipuli
484 953 528 1008 sui
541 951 634 1008 adbuc
647 951 727 1023 quusi
783 968 846 1009 mus
880 950 911 1008 in
939 950 1086 1026 prooemiis
1109 953 1161 1010 sed
1188 968 1343 1027 qrraecunqns

142 1027 242 1085 novitii
258 1043 314 1082 non
336 1025 461 1081 debeant
475 1028 620 1080 austerum
635 1023 729 1079 couti·
783 1023 930 1107 possibilia
948 1028 1029 1093 sunt3
1044 1028 1074 1081 et
1091 1024 1227 1080 velociter
1244 1032 1270 1081 et
1287 1026 1341 1084 una

141 1115 233 1156 nuare
250 1096 405 1171 jejunium3
422 1096 472 1152 scd
499 1101 599 1167 postea
616 1096 730 1166 jejuna·
784 1095 947 1152 incedemus
977 1112 985 1151 ε
1017 1115 1032 1149 a
1061 1096 1123 1151 haee
1152 1098 1338 1165 chrysostome

143 1176 219 1239 rant,
233 1186 297 1228 cum
325 1173 421 1225 essent
446 1166 538 1239 magis
561 1166 674 1223 solidati
701 1171 731 1224 et
784 1168 872 1239 liujus
885 1166 938 1225 loci
955 1182 1066 1224 memor
1076 1167 1162 1224 debet
1175 1183 1236 1224 esse
1247 1168 1340 1239 quilibet

143 1242 270 1299 innovati
299 1256 350 1313 per
368 1239 504 1312 Spiritum
521 1240 664 1295 Sanctum.
691 1241 730 1295 Ex
783 1239 910 1296 condens
937 1239 1052 1296 decreta
1076 1239 1119 1294 rel
1145 1238 1341 1307 traditiones3d

143 1313 189 1372 his
202 1313 287 1371 etiam
299 1312 359 1368 vult
371 1312 549 1379 concludere,
563 1311 638 1382 quod
650 1309 730 1367 novi·
784 1311 870 1368 etiam
891 1310 1035 1367 consessor
1054 1308 1205 1382 imponens
1230 1310 1340 1383 poeniten·

144 1391 189 1444 ter
202 1383 330 1442 conversi
350 1399 407 1439 non
421 1389 487 1441 sunt
507 1382 590 1439 nimis
605 1398 655 1454 per
668 1398 729 1454 poe-
784 1381 853 1438 tiam
872 1380 1087 1453 poenitentibus.
1111 1381 1211 1439 llelius
1228 1388 1268 1439 est
1285 1380 1340 1439 enin

144 1457 294 1515 nitentiam
318 1455 468 1523 onerandi,
495 1470 531 1511 ne
550 1460 666 1526 propter
685 1453 730 1508 ni·
785 1452 913 1524 exemplo
932 1452 1042 1511 Domini
1065 1453 1340 1536 poenitentiamieren
1367 1514 1375 1523 ,

144 1527 431 1586 miamausteritatem
443 1527 730 1599 desperentettotum
785 1532 813 1582 et
831 1524 1011 1582 tolerabilem
1035 1525 1119 1582 alicui
1142 1524 1284 1599 injungere
1298 1538 1340 1597 qna

142 1600 302 1667 dimittant,
319 1604 348 1655 et
364 1615 398 1655 eo
417 1615 481 1670 quse
501 1602 567 1653 sunt
582 1597 731 1668 perlectio—
785 1597 947 1669 impleatur,
963 1613 1048 1671 quam
1061 1613 1179 1669 gravem
1192 1603 1220 1653 et
1234 1596 1340 1669 importa-
1378 1630 1389 1663 ,.

142 1671 187 1728 nis
200 1688 320 1744 magne,
341 1687 399 1726 non
414 1676 480 1727 sunt
498 1669 661 1750 bominibus
676 1667 728 1724 im·
786 1668 882 1735 bilem,
894 1684 950 1740 qua
961 1668 1155 1751 nonimpleta,
1167 1676 1341 1751 oneratusrap
1374 1668 1389 1751 J

142 1745 287 1814 ponenda,
302 1743 394 1798 donec
409 1740 522 1814 spoliati
536 1741 641 1797 luerint
655 1747 730 1808 vete·
785 1741 985 1797 constituatur.
1002 1742 1102 1798 llelior
1124 1746 1167 1797 est
1190 1742 1256 1796 leus
1277 1754 1340 1820 perr
1383 1756 1389 1791 r

143 1814 249 1883 cirita,
263 1813 329 1886 quia
344 1813 506 1871 hominibus
516 1813 552 1869 de
570 1828 643 1868 novo
662 1829 729 1869 con·
786 1811 874 1869 tentia
888 1811 1017 1870 hilariter
1031 1817 1157 1884 peracta,
1176 1827 1259 1884 quam
1273 1822 1340 1883 grata
1384 1818 1389 1877 ξ

143 1889 328 1958 versisopera
340 1885 507 1941 inconsueta
523 1889 588 1941 sunt
602 1883 731 1941 difficilia
785 1885 815 1940 in
834 1883 952 1956 angaria
966 1887 995 1941 et
1011 1885 1127 1957 rejecta.
1149 1887 1191 1940 lta
1205 1887 1247 1940 est
1258 1884 1339 1939 desen
1384 1920 1389 1947 ‚

143 1961 170 2013 et
190 1958 279 2022 dura,
298 1956 347 2011 sed
363 1956 498 2036 paulatim
514 1954 730 2012 assuefaciendo
785 1957 874 2012 tentia
888 1955 992 2025 danda,
1013 1955 1054 2013 ita
1080 1961 1109 2012 et
1123 1956 1160 2012 de
1175 1955 1282 2012 decreto
1294 1967 1339 2026 pm
1382 1962 1389 2087 l

143 2026 305 2082 elllciuntur
317 2026 409 2081 lucilia
429 2032 455 2081 et
471 2026 578 2082 suavia.
596 2025 648 2094 Qui
662 2043 730 2098 ergo
785 2027 844 2084 mul
863 2028 967 2099 gando,
981 2032 1013 2085 ut
1037 2043 1152 2099 semper
1176 2022 1339 2083 misericordit

142 2097 200 2153 vult
214 2096 337 2152 alicuem
352 2096 389 2151 ad
402 2095 520 2153 virtutes
535 2102 563 2152 et
580 2098 730 2168 perlectio-
785 2104 871 2171 atque
882 2097 983 2156 tenitas
991 2099 1182 2174 superexaltet
1193 2096 1340 2171 judieiuntt
1384 2092 1389 2185 j

142 2183 208 2225 nom
226 2114 373 2238 inducere,
394 2183 482 2240 parva
500 2168 630 2241 quaedam
645 2169 729 2227 debet
785 2172 992 2229 austeritatem.
1382 2188 1389 2283 p

698 2367 828 2426 ORATIO

178 2547 374 2606 Dominelesu
388 2547 508 2619 Christe,
524 2549 573 2623 qui
588 2548 685 2607 multis
697 2547 790 2605 modis
805 2564 851 2606 me
870 2563 955 2607 vocas
967 2552 997 2607 et
1008 2548 1158 2620 admones,
1174 2553 1206 2606 ut
1220 2548 1346 2628 sequuta,
1386 2594 1389 2621 ,

143 2623 185 2688 tu,
205 2620 302 2677 divina
317 2620 503 2693 inspiratione
519 2637 679 2679 cormeum
694 2620 867 2689 accendent
884 2626 912 2679 te
926 2625 1076 2679 vocantem
1091 2637 1196 2694 sequar
1206 2626 1254 2678 tua
1267 2622 1346 2692 gratia,

144 2706 196 2748 nec
211 2691 318 2774 aliquid
333 2708 378 2748 me
393 2699 536 2764 separata
551 2693 688 2751 charitate
705 2699 763 2750 tua.
780 2696 822 2751 lla
836 2692 916 2763 mibi,
932 2697 963 2750 ut
977 2694 1012 2750 de
1023 2692 1130 2750 mustis
1143 2689 1347 2773 cogitationibus,

142 2762 385 2831 meditationibus,
401 2770 429 2820 et
444 2764 651 2834 allectionibus,
668 2764 805 2837 bonisque
820 2764 955 2837 operibus
967 2770 996 2823 et
1010 2765 1163 2824 virtutibus
1171 2764 1222 2822 tibi
1237 2774 1346 2840 seruant,

144 2832 345 2913 etconvivium
370 2850 407 2915 eu·
426 2851 530 2907 magna
545 2837 732 2895 delectatione
755 2843 782 2893 et
806 2836 957 2894 dovotione
977 2836 1083 2895 mentis
1101 2838 1259 2896 exhibeam.
1274 2837 1347 2904 litun

143 2903 368 2959 miscricordiam
383 2921 424 2960 vrs
437 2909 530 2977 potius
545 2923 632 2978 quam
646 2908 829 2978 sacrificium,
848 2913 878 2965 et
895 2908 996 2966 venisti
1015 2925 1116 2967 vocare
1135 2916 1293 2983 peccatores
1303 2917 1347 2961 na·

143 2972 187 3043 gis
203 2989 287 3043 qnam
296 2974 399 3044 justos,
413 2982 519 3046 praesta
532 2978 600 3034 mibi
617 2981 722 3038 misero
735 2979 889 3053 peccatori,
902 2980 977 3039 utin
991 2997 1037 3039 me
1051 2986 1131 3040 tuam
1145 2976 1347 3039 misericordae

145 3057 258 3100 merear
272 3044 426 3102 clementer
444 3046 575 3119 experiri.
592 3051 695 3107 Amen.
771 3104 774 3109 .
891 3068 896 3079 ’

614 3372 752 3447 CAPUT
780 3375 907 3447 XXXII

438 3613 477 3659 DE
498 3612 662 3660 anamotus
684 3613 836 3660 buonncnt
855 3615 1082 3665 aros'ronornl.

652 3766 734 3824 Lucae
748 3782 811 3843 cap.
829 3770 865 3826 Vl

177 3937 336 3996 rcmrsms
361 3957 514 4000 rmnocrur
535 3961 566 4002 ur
578 3961 725 4017 oracione,
777 3949 848 4004 eaiit
860 3948 893 4004 t'n
910 3952 1028 4006 montem
1045 3949 1171 4021 Thabor,
1185 3950 1266 4010 solus
1280 3961 1354 4011 om,

137 4025 236 4067 cruos
252 4028 343 4069 nonus
362 4030 462 4071 onnam
482 4032 594 4073 nocam.
616 4047 651 4060 -
673 4021 726 4074 ltu
778 4019 845 4090 quia
859 4019 907 4092 qui
926 4021 999 4078 bone
1017 4026 1092 4089 orat,
1111 4028 1240 4081 mentam
1258 4030 1356 4081 surana

135 4087 210 4140 dum
222 4088 263 4140 est
280 4090 371 4141 autem
394 4089 498 4142 inillis
516 4088 621 4157 diates,
642 4094 723 4162 post-
776 4090 851 4147 levat
865 4091 1014 4150 aterrenis
1025 4110 1033 4161 3
1045 4091 1090 4150 cui
1104 4093 1195 4152 etiam
1205 4090 1356 4154 necessaris

135 4169 222 4238 quam
236 4156 372 4238 Dominus
384 4157 481 4229 plures
499 4158 653 4232 discipulos
672 4178 722 4217 vo·
775 4167 819 4219 est
832 4163 1023 4236 tranquillitas
1037 4166 1206 4239 corporalis.
1219 4167 1273 4225 llic
1286 4177 1357 4226 mom

136 4231 220 4309 cavit,
244 4228 345 4285 videns
370 4229 468 4285 turbas
487 4235 649 4302 soquentes,
675 4232 720 4289 di·
774 4238 818 4291 est
839 4233 869 4292 in
883 4251 984 4309 eampo
1007 4236 1142 4307 Galilaea,
1160 4237 1192 4297 in
1207 4241 1290 4313 cuijus
1314 4238 1357 4299 dt·

135 4302 214 4354 misit
226 4313 287 4370 eas,
299 4299 494 4373 etastrepitu
506 4301 722 4372 recessit3tuno
773 4312 917 4365 seensuet
942 4308 1016 4383 pede
1030 4309 1195 4369 ostenditur
1216 4309 1300 4371 loeus
1314 4304 1357 4369 uti

80 4468 193 4592 κ
