2790 4912
104 154 152 213 800
366 104 378 125 ⁸
459 158 572 213 PRIH
598 157 715 213 esuris
741 157 847 214 wilt
871 158 962 214 xuni

104 267 166 340 bai,
183 267 233 326 sed
248 272 277 325 et
292 267 382 325 voluit
396 283 445 325 eos
459 266 656 336 dimitterent
667 272 697 325 ei
752 282 807 340 qne
822 264 918 324 radios
932 268 995 340 ejus
1008 267 1171 326 extendere.
1188 289 1203 321 o
1218 268 1268 328 Ubi
1300 265 1358 324 iia·

104 337 209 414 reliqui
217 340 307 398 iudaei
319 340 457 396 doetrinae
470 340 532 411 ejus
544 338 697 412 participes
750 353 815 397 rum
842 341 1078 410 chrysostomus:
1104 361 1118 392 o
1142 340 1230 398 Simul
1249 339 1350 398 otiam
1388 344 1390 349 '

105 416 211 470 essem.
221 432 237 463 o
249 413 283 467 ut
293 412 357 467 ideo
370 410 510 482 sequitur,
521 411 621 482 quibus
631 414 692 466 aii:
751 408 910 481 eonsiders,
923 411 1001 482 quod
1015 416 1128 484 poterat
1142 411 1171 468 in
1185 412 1290 470 endem
1306 407 1347 467 io·

104 483 178 553 Quin
195 488 223 540 ei
247 485 314 538 otiis
338 482 498 538 unitatibus
523 487 628 553 oportet
653 499 696 538 me
750 497 784 540 co
800 482 943 540 manendo
963 498 1064 540 omnes
1080 485 1225 540 attrahere
1242 484 1281 541 sd
1297 494 1342 549 ω,

104 557 296 624 compensare
310 569 423 622 regnum
435 555 494 621 Dei,
506 550 535 609 id
549 558 593 610 est
605 553 696 625 quali·
748 568 808 610 non
822 558 918 610 tamen
932 553 1003 611 illud
1017 553 1095 624 iecit,
1130 557 1242 612 raebens
1255 548 1342 611 nohis

103 628 151 684 ier
167 624 333 700 pervenitur
350 624 385 680 ad
406 639 526 695 regnum
545 624 607 693 Dei,
647 623 696 682 uia
749 571 1340 698 exemplum‚utperamuussmuserroqui÷

103 694 380 772 perpoeniteniiam.
396 711 461 766 quoe
476 696 577 752 estria
591 696 628 752 ad
661 713 695 754 oc
748 711 849 754 ramus
866 701 1028 769 pereuntes,
1049 696 1124 754 sicut
1142 703 1240 770 pastor
1257 707 1339 754 orem

142 766 299 824 meniendi.
311 766 361 824 Ubi
374 768 556 839 Theophilus:
569 789 584 818 «
593 769 697 825 Trans·
749 766 903 850 perditam,
916 773 945 825 et
958 768 1032 825 sieut
1044 769 1157 826 aceedit
1167 768 1295 825 medicus
1303 761 1340 822 sd

116 841 130 896 i
155 837 231 896 enim
255 838 291 895 ad
318 837 391 894 aiios
419 836 511 910 magis
533 837 695 910 indigentes
749 838 906 896 mfirmnm.
918 841 979 896 Una
993 839 1069 896 enim
1083 839 1183 897 anima
1192 849 1341 912 recupera·

106 907 248 978 (lontrina,
270 909 337 981 quia
359 925 416 966 non
440 912 572 966 convenit
590 909 694 967 inuno
749 916 790 980 ta,
804 909 910 984 poterii
923 910 961 968 ali
983 910 1028 968 uis
1047 911 1125 969 mille
1147 910 1254 970 delicia
1269 910 1341 968 abu·

106 979 171 1040 inus
185 981 346 1040 doctrinam
365 980 614 1052 concludere;sed
629 982 694 1040 ubi·
749 979 810 1040 lere
823 997 831 1039 ε
845 1003 862 1035 o
876 982 975 1042 haenc
1026 989 1171 1041 sosiomus.

650 1184 791 1244 onnus.

143 1362 265 1424 Domine
275 1367 343 1424 iesu
357 1363 479 1433 Christe,
494 1378 610 1421 remove
623 1367 652 1420 et
666 1360 737 1436 ejice
750 1361 881 1437 spiritum
897 1363 1073 1422 immundum
1088 1380 1105 1422 a
1122 1378 1180 1432 me,
1196 1379 1235 1421 ne
1248 1362 1355 1436 aliqu

106 1437 195 1498 modo
210 1453 255 1494 me
271 1437 363 1494 valeat
376 1437 532 1504 maculare,
546 1434 589 1491 vel
603 1433 633 1490 in
648 1433 776 1504 maculis,
789 1433 934 1505 detinere3
948 1441 979 1492 ut
988 1434 1042 1492 sim
1057 1441 1086 1492 ei
1095 1450 1253 1507 appaream
1262 1449 1356 1493 nunu

106 1507 145 1567 do
158 1513 300 1577 mortuus,
316 1524 378 1564 cum
393 1524 411 1564 a
426 1521 589 1579 possessore
603 1521 702 1578 pravo,
717 1504 765 1578 qui
779 1522 833 1581 per
846 1506 992 1565 immunda
1003 1522 1056 1563 nos
1069 1505 1170 1578 agitat,
1184 1507 1264 1564 inem
1274 1506 1359 1563 rino·

106 1585 197 1639 retus.
213 1579 282 1637 Peto
297 1579 395 1648 eiiam,
411 1577 540 1648 Domine,
557 1581 585 1634 ie
599 1576 742 1635 medicum
758 1577 929 1646 animarum,
952 1583 985 1635 ui
999 1594 1046 1635 me
1063 1594 1165 1635 curare
1183 1577 1362 1649 digner-isa

106 1649 188 1710 febre
201 1649 345 1720 vitiorum,
361 1657 501 1722 quatenus
515 1664 637 1718 surgens
644 1649 685 1732 'ab
696 1647 737 1706 eis
747 1649 858 1708 valeam
872 1648 924 1708 tibi
938 1648 1101 1707 ministrare
1113 1656 1143 1706 ei
1155 1655 1267 1731 gratam
1283 1661 1363 1706 ser

106 1721 227 1779 vitutem
242 1723 385 1779 exhibere.
401 1725 442 1779 Tu
456 1720 553 1790 eiiam,
569 1722 701 1790 Domine,
719 1736 788 1779 cura
802 1737 848 1779 me
861 1725 891 1779 ei
904 1736 1004 1778 omnes
1016 1720 1104 1778 variis
1122 1736 1228 1778 anrmae
1242 1720 1366 1778 noton-

107 1797 154 1850 tos
168 1792 344 1865 langoribus,
360 1798 419 1850 uta
433 1790 556 1866 peccatis
566 1791 627 1849 sani
640 1797 670 1850 et
681 1790 839 1852 incolumes
849 1790 928 1864 iacti,
937 1791 991 1851 tibi
1002 1790 1371 1861 ministremusetbenr

107 1861 214 1938 placita
228 1880 280 1922 sua
298 1880 479 1937 peragamus.
493 1866 594 1921 Arnen.
