2790 4912
386 270 428 329 Μ
453 274 621 332 stratsele
647 278 781 334 llollllil.

468 601 606 677 CAPUT
631 603 712 678 XXI

411 820 450 865 ltlt
471 821 619 870 mmsllo
634 823 751 870 nullm.

203 1005 330 1064 llatthaei
344 1022 407 1081 oap.
422 1009 471 1080 111,
486 1010 574 1068 llarc.
590 1025 653 1084 cap.
669 1011 681 1068 1
695 1014 725 1068 ot
742 1011 824 1070 Lucae
843 1026 906 1084 oap.
919 1012 969 1070 111.

63 1235 123 1276 ocus
137 1221 265 1277 Barmsru
284 1223 405 1280 Cunrsrr.
421 1253 456 1266 -
473 1223 556 1281 Com·

69 1296 160 1348 autem
174 1291 271 1363 viginti
282 1309 383 1350 norom
396 1294 478 1351 anuis
488 1300 557 1352 aeta·

63 1378 103 1430 ιω,
118 1363 220 1433 quibus
243 1364 380 1422 Dominus
406 1368 489 1423 lesus
517 1365 558 1422 sie

63 1449 89 1490 se
101 1439 129 1490 et
147 1435 258 1505 abjecte
275 1435 393 1505 vixerat,
413 1442 449 1502 et,
468 1437 557 1508 trige-

63 1504 115 1576 jam
132 1504 255 1577 incepto,
270 1509 376 1574 (aetum
399 1514 439 1564 est
452 1510 483 1563 in
497 1509 556 1564 die-

63 1577 107 1640 lts,
122 1575 229 1633 scilicet
243 1576 345 1647 quibus
359 1580 485 1636 loannes
504 1580 556 1635 ba-

64 1648 557 1722 atetpraedicahat‚antequamolau-

63 1733 84 1774 rr
95 1717 123 1773 in
145 1735 269 1787 carrera,
287 1719 355 1776 dicit
372 1723 456 1778 lesus
474 1720 555 1777 llatri

65 1789 131 1860 quia
155 1795 267 1861 tempus
294 1794 339 1847 est
364 1795 396 1847 ut
420 1792 504 1848 vadat
527 1796 557 1848 et

64 1865 118 1929 oet,
141 1866 227 1933 atque
254 1861 415 1918 manifestet
441 1864 555 1920 Patrem

81 1935 110 1988 et
123 1948 153 1989 se
168 1932 273 1988 mundo
288 1933 430 2002 ostendat,
446 1933 493 2006 qui
508 1933 556 1990 diu

63 2006 103 2071 at,
118 2008 146 2059 et
160 2008 294 2075 operetur
308 2004 467 2061 animarum
484 2005 558 2061 salu·

63 2089 105 2130 tro
123 2089 179 2144 qua
195 2076 278 2129 Pater
294 2075 301 2130 i
323 2091 385 2131 sum
404 2076 460 2132 hue
475 2075 558 2132 mise-

64 2148 252 2226 tnrererenter
261 2161 292 2201 se
304 2091 500 2203 iieentiausab
511 2162 556 2216 ea,

64 2219 129 2272 mtro
153 2232 205 2272 suo
223 2217 338 2288 loseph,
357 2221 432 2273 venit
446 2221 558 2274 torosa

63 2288 107 2342 atla
133 2287 263 2349 Golilaeae.
284 2288 330 2345 ubi
355 2288 478 2346 nutritus
497 2290 556 2346 lue·

63 2373 111 2428 uae
136 2363 266 2430 respectu
284 2360 442 2416 Jerusalem
460 2368 503 2417 est
521 2361 557 2417 ad

63 2444 151 2497 mem;
165 2436 195 2486 et
209 2428 259 2485 ivit
274 2446 371 2486 versus
386 2431 478 2488 lorum
491 2433 557 2488 Jor-

84 2500 130 2556 ubi
155 2502 282 2557 loannes
307 2500 479 2572 baptizabat,
500 2518 557 2558 non

65 2570 227 2638 alaricho,
242 2587 306 2641 quae
326 2579 456 2644 respectu
475 2575 556 2629 leru-

79 2647 122 2698 est
146 2642 182 2698 ad
202 2642 358 2700 Orientem.
380 2646 420 2700 De
442 2643 555 2700 iericho

81 2711 213 2769 similiter
240 2713 278 2769 ad
305 2715 461 2778 Orientem,
490 2718 557 2769 suut

63 2783 115 2840 rluo
128 2784 260 2840 milliaria
271 2785 404 2856 usquead
418 2785 556 2856 capellam

67 2855 199 2923 loannis,
213 2855 260 2912 ubi
276 2856 337 2928 ipse
352 2856 510 2925 habitabat,
528 2862 556 2911 et

63 2926 131 2996 [uasi
154 2942 242 3007 uuum
268 2927 399 2996 milliare,
415 2943 503 3054 wine
518 2927 554 2983 ad

76 2998 219 3065 iordanis,
241 2998 287 3054 ubi
307 2998 433 3055 Christus
472 2998 556 3055 icitur

62 3074 125 3124 atus
138 3068 212 3123 inter
225 3070 326 3125 Ennou
342 3075 371 3125 et
386 3069 484 3137 Salim,
497 3086 554 3127 non

74 3154 92 3194 a
111 3144 208 3195 monte
236 3139 342 3196 Gelboe
358 3139 387 3194 in
406 3139 554 3209 Bethania,

67 3215 111 3266 est
142 3225 228 3281 supra
261 3211 436 3279 Jordanem,
463 3212 555 3269 tribus

70 3280 106 3337 de
121 3281 245 3350 iericho,
263 3282 313 3337 sed
328 3282 439 3338 duabus
452 3283 487 3338 de
507 3299 553 3339 ea·

63 3353 143 3408 tancti
156 3351 285 3421 loannis,
298 3353 455 3409 secuudum
466 3356 555 3410 mmi-

72 3422 139 3494 quia
157 3423 274 3480 Galilaea
289 3427 508 3492 trommiprotio,
526 3428 556 3481 et

63 3492 96 3550 ris
113 3495 256 3550 deonerans
271 3494 346 3551 iuter
366 3500 482 3551 relatur.
500 3497 555 3552 Per

63 3565 114 3621 uod
133 3568 215 3622 lesus
235 3566 271 3622 de
287 3511 404 3622 Galiiaea
423 3565 499 3621 veuit
518 3566 553 3622 ad

63 3637 555 3708 lem,signilleaturquode1'usmem·

63 3705 78 3762 ti
98 3708 185 3764 velint
204 3707 352 3779 baptizari,
370 3713 398 3764 el
417 3723 468 3780 per
486 3724 553 3779 gra·

63 3779 153 3847 avari,
172 3784 284 3852 oportet
305 3795 339 3835 ea
355 3778 553 3850 transmigrari

63 3849 91 3905 is
102 3850 147 3932 ‚ad
164 3850 293 3919 virtutes,
308 3856 337 3907 el
355 3851 553 3907 descendendo

63 3935 121 3976 arr.

63 4007 87 4046 m
112 4009 185 4048 anno
210 4009 353 4049 rnroesuro
375 4010 432 4051 sos
455 4009 554 4049 arens

63 4079 127 4119 arus
139 4081 234 4120 ruram
245 4065 400 4122 Cumsrnsl
412 4097 446 4106 -
458 4067 494 4122 Ut
506 4080 555 4121 au·

65 4136 191 4192 tlledo:
210 4137 322 4194 «lesus
339 4151 482 4194 annorum
500 4135 553 4191 tri-

77 4206 254 4280 baptizatus,
282 4208 398 4281 inooepit
429 4205 556 4281 apertius

614 1223 1205 1376 ttlla‘tltlal,‚littmlrtlttl

615 1369 684 1434 tem,
703 1365 747 1423 vel
763 1366 800 1422 ad
815 1366 1015 1433 sacerdotium,
1032 1366 1076 1422 vel
1095 1368 1133 1422 ad
1151 1367 1204 1424 do·

614 1437 734 1493 rendum
745 1441 848 1509 putant
859 1440 1057 1508 opportunam.
1073 1439 1129 1493 Neu
1139 1430 1216 1495 oon-⁹

614 1513 659 1565 tra
692 1509 747 1565 hoc
785 1523 900 1565 movere
931 1506 1093 1578 quempiam
1120 1507 1207 1566 debet

613 1579 690 1651 quod
714 1578 863 1646 ieremias,
893 1582 978 1649 atque
1006 1577 1107 1634 Daniel
1136 1593 1204 1649 pro·

612 1650 716 1722 phetiae
745 1649 880 1721 Spiritum
911 1648 991 1721 pueri
1022 1653 1204 1720 acceperunt,

613 1721 680 1793 quia
696 1721 833 1778 miracula
854 1720 884 1777 in
907 1718 1207 1802 exemplum'operati·

613 1791 676 1849 onis
694 1808 752 1849 non
777 1798 844 1848 sunt
862 1791 1011 1848 trahenda.
1030 1790 1206 1848 Tmcenualrs

613 1869 709 1920 autem
726 1864 763 1920 ba
782 1862 860 1920 tizati
876 1860 1030 1920 Salvatoris
1050 1867 1120 1918 aetas
1136 1876 1205 1919 cou-

613 1933 730 1991 veniens
766 1933 816 2002 uit,
832 1941 861 1991 et
879 1932 963 1992 uobis
977 1933 1120 2002 convenit,
1137 1948 1205 2005 pro·

613 2011 677 2078 pter
699 2004 864 2078 mysterium
882 2004 1038 2073 Trinitatis,
1057 2009 1086 2062 et
1102 2019 1204 2076 opera·

614 2076 722 2134 tionem
745 2076 888 2148 Deoalogi.
909 2076 961 2146 Qui
984 2093 1053 2148 ergo
1076 2074 1205 2148 baptiza·

614 2153 671 2217 tur,
687 2149 730 2205 vel
756 2150 850 2230 'autel
868 2164 899 2205 se
921 2164 984 2205 esse
1001 2147 1205 2275 hugtizantum

614 2219 725 2277 triceno
756 2237 780 2276 rs
794 2223 831 2276 srt
849 2219 879 2274 iu
894 2219 972 2276 hune
986 2235 1032 2276 mo
1055 2235 1112 2288 um,
1129 2222 1161 2276 ut
1175 2233 1204 2275 m

614 2290 671 2347 llde
691 2296 798 2347 sauotae
822 2288 969 2346 Trinitatis
992 2289 1146 2360 intelligat,
1175 2292 1205 2345 et

614 2361 756 2433 compleat
780 2360 882 2416 Deoalo
904 2376 951 2416 um
971 2378 1012 2415 :o
1038 2360 1099 2415 haeu
1117 2358 1204 2416 Beda.

615 2431 665 2488 llic
691 2446 770 2502 ergo,
797 2376 952 2486 seeunium
978 2430 1133 2492 Tutanum,
1158 2427 1203 2484 iu·

614 2500 752 2558 struimur
765 2500 875 2556 nullum
889 2501 994 2557 debere
1015 2499 1204 2569 sacerdotem,

613 2577 663 2628 aut
698 2571 894 2626 raedieatorem
915 2569 989 2637 lteri,
1003 2568 1047 2624 vel
1071 2568 1205 2626 Ecclesiae

635 2587 733 2711 raiol,
750 2640 804 2697 uisi
816 2639 906 2697 virilis
920 2645 950 2696 et
964 2639 1096 2711 perleolae
1111 2637 1204 2697 aetatis

613 2659 708 2770 Fuerit.
730 2713 785 2769 Sed
808 2711 885 2768 haul
908 2727 984 2767 nuuc
1009 2711 1081 2767 tales
1106 2709 1204 2782 praell·

614 2785 728 2841 ciuntur
740 2781 871 2857 regimini
880 2781 1022 2849 Eoolesiae,
1034 2782 1082 2855 qui
1093 2782 1204 2854 seipsos

612 2854 745 2912 nesciunt
771 2870 883 2926 regere,
907 2855 979 2911 tales
1003 2860 1205 2926 procuratores

612 2925 776 3000 patrimonii
793 2924 936 2995 crucifixi,
953 2925 1000 2998 qui
1021 2941 1136 2983 suarum
1156 2941 1202 2983 ra·

614 3014 678 3056 rum
696 3003 806 3056 tutores
824 3014 888 3056 esse
909 3014 968 3055 uon
984 3003 1120 3071 possunt;
1138 2995 1203 3054 aliis

612 3069 699 3128 etiam
712 3086 836 3153 praeosse
852 3070 961 3138 volunt,
979 3069 1026 3142 qui
1045 3071 1202 3142 padagogo

612 3143 706 3199 adhuc
719 3142 858 3214 indigent.
869 3141 1031 3199 Secundum
1044 3156 1111 3196 vero
1120 3143 1205 3220 Cirp-

612 3220 759 3270 sorianum
774 3233 783 3268 ε
800 3235 815 3265 «
830 3212 957 3284 Triginta
970 3225 1109 3266 annorum
1125 3214 1204 3266 venit

610 3286 693 3341 lesus
707 3285 744 3339 ad
763 3282 919 3354 Baptisma‚
931 3281 998 3351 quia
1019 3279 1126 3334 seilicet
1139 3283 1204 3349 post

611 3354 756 3426 Baptisma
772 3352 853 3419 illud,
870 3354 973 3422 Legem
991 3350 1123 3405 Veterem
1140 3352 1203 3404 erat

612 3425 769 3492 soluturus,
796 3427 949 3503 propterea
968 3434 1056 3490 usque
1081 3416 1112 3473 in
1130 3417 1204 3474 haue

612 3501 737 3563 atatem,
765 3508 829 3565 quae
855 3507 952 3548 omma
979 3494 1073 3562 potest
1099 3504 1203 3561 mpero

612 3570 738 3638 peecata,
756 3563 786 3620 in
812 3562 894 3634 Legis
920 3560 1118 3637 observatione
1137 3575 1203 3632 per·

611 3635 726 3704 mansit,
739 3634 832 3708 ipsam
842 3633 1005 3691 universam
1020 3632 1153 3704 implens,
1165 3647 1203 3689 ne

612 3707 676 3781 quis
694 3707 812 3776 diceret,
832 3705 897 3762 ideo
913 3705 993 3761 illum
1011 3703 1131 3760 solvisse
1150 3707 1202 3761 Le·

611 3795 687 3907 ᾗεω,
698 3778 765 3850 quia
775 3793 839 3834 eam
852 3793 911 3834 non
925 3775 1059 3833 valuisset
1071 3774 1201 3857 implere.

636 3856 767 3924 ropterea
789 3848 877 3920 igitur
900 3863 1015 3904 omnem
1032 3848 1105 3903 hano
1121 3848 1202 3904 Chn-

612 3926 672 3979 stus
684 3919 857 3993 exspectavit
870 3924 994 3987 aetatem,
1008 3934 1059 3991 per
1068 3934 1131 3990 quae
1145 3931 1204 3973 om·

612 4009 648 4050 ne
667 3997 779 4064 tempus
792 3990 911 4075 lustitia
925 3989 1063 4063 implevit,
1081 4005 1115 4045 ao
1133 3994 1202 4070 tune

612 4065 730 4121 demum
745 4071 822 4121 vemt
840 4063 877 4121 ad
890 4063 1043 4135 baptisma,
1058 4076 1146 4142 quasi
1156 4073 1202 4114 ou·

613 4135 722 4192 mulum
740 4135 811 4193 illud
829 4134 937 4192 eunctis
956 4129 1203 4191 observationibus

613 4206 697 4280 legis
706 4206 858 4281 imponens
868 4223 876 4262 ι
887 4206 973 4262 ohaee
981 4205 1199 4272 chrysostomus.
