2790 4912
316 293 485 349 Sllilltoltls
514 293 547 347 lN
572 295 684 348 noers
713 294 951 348 eeurmulrre.
1206 293 1250 350 til

665 404 693 455 et
707 398 761 455 hoc
768 397 900 455 similiter
911 398 1021 455 nullum
1033 402 1077 455 est
1086 404 1248 527 peccatum

53 399 149 457 abolus
165 397 196 455 in
218 397 361 456 infernum
381 404 425 456 est
442 398 603 468 detractum

53 487 79 528 in
91 470 121 527 in
135 470 288 552 sapientia,
304 485 391 541 quam
403 475 540 542 appetens
554 473 605 527 ho·

53 558 69 598 o
81 543 245 614 paradisum
298 541 395 611 rdidit,
411 541 608 598 immortalita-

53 629 61 669 s
85 614 221 686 spoliatus
248 612 350 684 gocia.
376 615 509 683 Magnum
539 630 606 684 ergo

53 687 194 742 ceconiurn
208 683 322 757 pietatis
336 683 484 742 animabus
503 684 608 740 nostris

53 756 168 825 nrlmit,
194 772 257 828 qnae
291 771 343 812 nos
369 757 426 812 Deo
447 756 607 812 conformes

77 827 124 883 dit.
140 828 275 884 Naturale
292 831 335 883 est
348 827 481 883 omnihus
496 827 606 884 anima-

54 898 98 955 bus
109 899 239 972 ejusdem
253 897 355 970 speciei
371 897 540 955 adinvicem
557 898 608 953 mi-

53 969 204 1027 erieordiam
239 985 369 1036 servare,
400 970 488 1026 multo
517 972 606 1039 magis

53 1056 106 1097 tono
119 1042 155 1099 ad
168 1041 322 1113 imaginem
342 1039 392 1097 Dei
409 1040 540 1096 conditus
555 1042 606 1096 de-

53 1117 78 1168 et
90 1112 157 1170 alter
179 1111 262 1169 alleri
291 1118 435 1183 tamquam
455 1111 606 1194 coimagiui

53 1199 86 1240 ue
102 1200 160 1240 com
181 1183 231 1252 ati,
247 1188 275 1239 et
291 1199 363 1240 unus
378 1183 495 1240 alterius
521 1200 605 1239 nuse-

53 1252 139 1312 ianco
175 1256 200 1312 is
219 1270 364 1311 assumere
380 1255 454 1311 velut
473 1271 563 1319 suam,
579 1261 607 1310 et

53 1327 127 1383 nhoe
140 1325 270 1383 consistit
294 1325 367 1382 ratio
391 1325 604 1382 misericordiae.

53 1396 73 1453 le
84 1397 189 1469 pietatis
199 1397 333 1470 operibus
344 1396 384 1453 sie
396 1397 464 1452 dicit
475 1400 606 1465 Hieronp-

53 1481 107 1524 un:
123 1495 136 1518 ι
152 1471 213 1526 Non
223 1468 342 1524 memini
355 1484 400 1525 me
415 1467 518 1538 legisse
532 1469 607 1525 mala

53 1545 113 1618 porte
136 1547 291 1607 mortuum,
306 1539 353 1611 qui
379 1539 501 1596 libenter
520 1556 606 1612 opera

53 1612 134 1668 »relatis
145 1611 270 1668 exercuit
284 1629 291 1679 ;
307 1611 393 1668 hahet
409 1612 485 1666 enim
501 1613 606 1667 multos

53 1685 234 1749 rtercessores,
249 1688 277 1738 et
290 1681 464 1753 impossibile
479 1687 522 1738 est
537 1683 607 1739 mul·

53 1763 113 1810 trum
128 1770 226 1826 preces
241 1770 296 1808 non
314 1752 449 1809 exaudiri.
466 1774 480 1803 »

67 1826 172 1882 tPnnm
188 1842 294 1880 SPEClES
307 1842 514 1880 illst-:nleoltbtst
527 1842 605 1880 nelos

53 1911 229 1953 oleumcum.
248 1926 283 1938 —
306 1895 413 1952 Deinde
442 1896 523 1967 ponit
548 1901 606 1951 tres

53 1966 127 2025 >ecies
148 1967 363 2035 misericordia,
379 1983 498 2038 quarum
514 1966 607 2039 prima

53 2038 148 2095 inslstit
160 2038 191 2095 in
206 2055 264 2094 non
276 2038 440 2109 judicando.
459 2039 497 2094 lle
511 2038 606 2094 multis

53 2108 96 2166 rim
110 2110 250 2166 incertum
267 2115 392 2180 est,.quo
412 2110 506 2165 animo
525 2109 604 2175 Nant,

53 2196 83 2237 un
89 2180 204 2264 possint
224 2179 343 2254 simplici
366 2181 451 2237 corde
468 2179 541 2248 lieri,
558 2186 607 2236 aut

53 2251 134 2379 rphci,
158 2256 187 2308 et
211 2252 274 2308 ideo
302 2253 375 2309 bene
398 2251 604 2324 subjungitur:

53 2329 109 2380 >ite
131 2323 271 2393 judicare,
301 2323 408 2379 scilicet
427 2323 544 2395 injuste,
578 2328 605 2379 el

53 2394 170 2452 merarie
183 2394 219 2450 de
237 2394 377 2466 proximo,
391 2401 416 2450 et
428 2412 483 2450 non
494 2395 607 2464 judico-

53 2469 126 2531 nini,
142 2464 172 2521 id
193 2471 237 2521 est
256 2482 314 2522 non
337 2465 488 2523 incurretis
505 2482 605 2538 pecca-

53 2553 78 2594 m
92 2553 145 2610 per
161 2536 237 2618 quod
250 2536 312 2593 sitis
324 2536 403 2609 digni
422 2554 438 2594 a
456 2540 513 2593 Deo
532 2537 604 2593 'udi-

53 2608 96 2678 ri;
110 2613 139 2665 et
152 2624 177 2664 si
187 2608 259 2664 torte
270 2609 438 2666 eahumane
452 2609 522 2691 lragi
536 2608 605 2664 itate

54 2680 166 2753 ntingat
191 2695 242 2735 vos
273 2678 429 2752 suspiciose
452 2680 605 2750 judicare,

53 2755 102 2809 tite
120 2758 216 2807 tamen
235 2751 424 2815 condemnare,
444 2751 474 2809 id
491 2757 534 2807 est
553 2751 604 2808 ali·

53 2838 104 2880 iem
119 2823 237 2894 dignum
253 2821 488 2878 condemnatione
499 2822 603 2890 dicere,

69 2912 126 2951 non
158 2893 418 2956 condemnabimini,
452 2893 560 2949 scilicet
589 2909 607 2949 a

53 2982 75 3023 eo
88 2982 142 3039 pro
158 2965 211 3020 hoe
224 2969 351 3036 peccato,
367 2966 434 3035 quia
447 2964 550 3036 aliquis
563 2969 607 3021 est

53 3038 104 3094 die
127 3036 279 3109 pessimus
304 3035 351 3106 qui
376 3037 449 3092 torte
472 3036 608 3092 eraserit

53 3124 121 3165 nus.
136 3107 216 3165 Circa
231 3107 306 3163 istud
318 3106 461 3163 sciendum
472 3113 516 3163 est
530 3108 607 3179 qrrod

53 3179 156 3237 dicium
170 3194 227 3234 uno
244 3178 329 3234 modo
345 3184 387 3234 est
400 3184 479 3234 actus
491 3179 608 3250 Justitiae

53 3251 167 3307 rtinens
181 3249 217 3305 ad
237 3249 364 3322 judicem
381 3250 549 3319 secularem,
565 3249 608 3306 vel

54 3321 256 3390 clesieslicnm,
278 3325 307 3377 et
326 3321 430 3377 dehoc
445 3337 501 3377 non
517 3320 608 3394 loqui·

53 3411 68 3450 r
80 3392 207 3459 hic;alio
221 3392 305 3448 modo
317 3392 454 3465 accipitur
459 3392 608 3464 judicium,

53 3470 107 3522 ¹out
122 3463 264 3535 aliquibus
281 3464 369 3535 signis
385 3463 489 3535 aliquis
500 3463 610 3535 judicat

53 3535 206 3608 iprommo
228 3535 312 3602 male,
339 3541 368 3592 et
392 3536 447 3591 hoe
468 3534 610 3607 prohibet,

54 3607 186 3664 edicens
212 3623 219 3661 :
255 3608 348 3666 Nolite
358 3607 496 3677 judicare.
516 3608 612 3663 Potest

53 3683 121 3735 rtem
155 3676 258 3748 aliquis
286 3678 392 3734 malum
418 3679 546 3749 judicare
576 3679 611 3734 de

53 3753 154 3806 oximo
170 3747 362 3820 multipliciter
378 3766 385 3805 :
402 3766 459 3806 uno
479 3750 563 3805 modo
579 3765 612 3805 ex

53 3820 171 3878 ridentia
185 3818 262 3887 lecti,
271 3825 302 3877 ut
316 3836 378 3877 cum
389 3819 491 3892 aliquis
503 3821 613 3892 judicat

56 3892 152 3963 iquem
178 3890 359 3961 homicidam,
377 3891 443 3963 quia
464 3892 531 3948 vidit
548 3908 612 3948 eum

53 3962 190 4020 itertrcere
206 3962 362 4031 hominem,
383 3967 410 4019 el
435 3963 488 4019 hoc
507 3964 612 4020 nullum

53 4039 72 4092 u
89 4039 237 4106 peccatum
248 4051 257 4104 3
276 4034 332 4090 alio
355 4034 440 4091 modo
464 4051 496 4090 cx·
524 4034 613 4106 signis

53 4104 218 4171 ridentibus,
237 4104 305 4162 uisi
324 4105 427 4177 aliquis
436 4106 543 4177 judicet
561 4107 612 4162 ali-

53 4192 116 4234 uem
138 4176 350 4245 fornicatorem,
374 4175 441 4303 pule
463 4176 532 4232 vidit
549 4194 613 4233 erim

53 4249 135 4306 idum
157 4263 220 4304 cum
240 4249 327 4317 nuda,
347 4264 378 4303 so
392 4263 438 4304 um
463 4264 527 4304 cum
542 4249 613 4318 sole,

89 4342 162 4395 Nrrs
177 4342 245 4396 issu
260 4343 380 4407 Cunrsrr,
396 4356 482 4397 nonus
497 4343 520 4395 1.
611 4348 616 4357 ’

665 470 748 526 tertio
772 471 856 526 modo
876 485 909 526 ex
923 469 946 525 si
968 469 1012 525 nis
1031 470 1084 526 levi
1106 487 1150 527 us.
1167 473 1200 527 Et
1218 471 1250 528 in

664 541 831 612 hocjudieio
845 546 889 598 est
898 485 999 612 cripiet
1012 541 1128 612 gradus.
1137 541 1249 599 Primus

664 618 718 680 est,
734 613 847 695 quando
871 629 906 669 ex
920 612 1030 670 levibus
1049 612 1137 683 signis
1151 612 1251 685 incipit

665 684 767 756 aliquis
789 684 919 740 dubitare
936 685 972 740 de
992 684 1088 741 fratris
1105 684 1149 741 sui
1163 684 1250 741 honi·

665 761 741 815 tate:
762 761 790 811 et
813 756 866 811 hoc
885 760 1031 828 peccatum
1057 755 1167 812 veniale
1193 760 1247 825 est,

665 826 731 897 quia
743 826 871 898 procedit
885 843 917 882 ex
932 828 1057 885 humana
1071 826 1248 898 infirmitate,

665 904 693 953 et
707 897 762 953 hoc
774 913 830 953 non
846 903 962 954 vocetur
975 898 1089 971 proprie
1099 898 1248 969 jndicium,

665 969 714 1024 sed
726 967 859 1040 suspicio.
873 970 1064 1026 -Secundus
1078 971 1184 1040 gradus
1194 975 1249 1039 est,

664 1040 779 1111 quando
803 1038 908 1097 talibus
924 1038 1014 1110 signis
1038 1041 1159 1098 llrmiter
1172 1046 1252 1099 tenet

665 1113 693 1166 in
708 1110 804 1167 animo
821 1111 896 1192 quod
924 1111 1013 1167 irater
1036 1111 1072 1167 sit
1094 1114 1202 1181 malus;
1223 1118 1254 1169 et

665 1183 718 1238 hoe
746 1197 859 1252 proprie
883 1180 987 1238 dicitur
1008 1181 1158 1254 judicium,
1185 1181 1252 1254 quia

662 1252 1253 1324 judiciumimportattrrmamsententiam,

665 1331 693 1381 et
707 1326 761 1381 hoe
775 1329 818 1380 est
831 1330 976 1395 peccatum
993 1324 1125 1393 mortale,
1143 1325 1166 1381 si
1186 1340 1250 1380 ma·

664 1396 721 1453 lum
734 1395 809 1467 quod
820 1394 929 1467 judicat
941 1396 976 1452 de
991 1396 1089 1462 fratre,
1100 1413 1133 1453 ox
1142 1394 1251 1452 levibus

657 1466 812 1538 ¹signis,sit
828 1468 976 1538 degenere
989 1467 1096 1538 peccati
1111 1465 1251 1535 mortalis,

665 1539 731 1610 quia
745 1543 788 1595 est
811 1545 911 1596 contra
929 1538 1107 1595 charitatem.
1131 1571 1164 1580 -
1184 1539 1252 1594 Ter·

664 1611 720 1666 tius
740 1610 846 1675 eradus
869 1615 922 1678 est,
945 1610 1058 1683 quando
1084 1627 1118 1667 ex
1141 1609 1253 1667 levibus

664 1680 754 1753 signis
772 1697 830 1737 non
846 1681 937 1738 solum
956 1680 1090 1753 predicto
1107 1683 1191 1739 modo
1203 1681 1252 1752 jn-

664 1753 749 1821 dicat,
765 1753 815 1808 sed
832 1753 917 1809 etiam
934 1752 1063 1823 procedit
1077 1753 1113 1808 ad
1132 1749 1256 1825 punitio·

663 1840 729 1880 nem
758 1823 865 1892 fratris,
891 1823 963 1880 sieut
987 1825 1023 1880 de
1045 1825 1137 1891 laeto,
1153 1829 1182 1881 et
1198 1826 1253 1881 hoc

664 1902 706 1951 est
716 1894 841 1967 gravius,
851 1894 984 1965 quianon
995 1894 1087 1952 solum
1098 1900 1141 1951 est
1151 1902 1252 1952 eontra

663 1965 842 2035 charitatem,
857 1967 906 2023 sed
923 1964 1008 2022 etiam
1024 1974 1123 2023 contra
1134 1967 1253 2039 Justitiae

664 2038 838 2110 equitatem,
857 2043 886 2093 et
905 2037 941 2094 de
962 2037 1066 2096 talibus
1085 2037 1253 2113 intelligitur

664 2111 781 2167 verbum
795 2107 962 2182 praedictum
979 2128 985 2167 :
1001 2112 1094 2169 Nolite
1109 2111 1250 2182 judicare,

664 2186 717 2237 etc.
735 2180 869 2237 Prohibet
885 2181 1020 2237 Dominus
1034 2197 1070 2238 ne
1084 2187 1191 2239 temere
1204 2185 1252 2255 iu·

664 2252 790 2308 dicemus
799 2253 843 2308 vel
855 2253 1086 2309 condemnemus.
1098 2253 1163 2310 Mali
1176 2254 1253 2313 enim

664 2323 795 2378 homines
812 2338 886 2394 saepe
906 2322 935 2378 in
959 2323 1063 2380 malam
1086 2329 1196 2405 partem
1207 2327 1253 2396 ju·

664 2394 762 2449 dicant
783 2409 845 2463 quae
861 2392 957 2449 vident
970 2395 1014 2450 vel
1030 2396 1157 2451 audiunt.
1179 2397 1252 2454 Boni

663 2470 760 2520 autem
774 2463 804 2519 in
819 2465 922 2520 bonam
938 2471 1047 2536 partem
1061 2465 1249 2538 interpretan-

664 2542 710 2592 tur
722 2541 750 2591 et
765 2551 825 2591 non
841 2534 972 2591 dubitant
987 2535 1055 2606 quin
1066 2542 1141 2594 recte
1154 2539 1251 2596 omnia

664 2608 746 2673 fiant,
765 2609 822 2663 Deo
838 2611 938 2663 cuncta
951 2606 994 2662 vel
1010 2612 1085 2663 recte
1102 2615 1251 2680 operante,

664 2679 707 2735 rel
720 2679 796 2749 juste
811 2677 1003 2751 permittente,
1018 2685 1047 2733 et
1059 2678 1122 2734 idco
1137 2680 1173 2737 de
1189 2698 1250 2738 om·

664 2748 750 2806 nibus
765 2749 875 2806 lucrum
890 2748 1005 2805 iaciunt.
1022 2750 1101 2805 Unde
1119 2751 1194 2808 enim
1211 2752 1252 2810 ait

663 2824 838 2889 ilnpustinus
856 2839 864 2875 ε
882 2842 896 2872 «
912 2822 944 2877 ln
960 2821 1051 2877 tribus
1064 2822 1194 2879 consistit
1209 2840 1253 2880 or·

664 2891 771 2949 diuetio
792 2893 933 2950 bonorum
960 2890 992 2948 in
1016 2892 1183 2951 aestimando
1205 2896 1254 2952 bo-

664 2979 732 3021 num
755 2963 791 3020 de
839 2963 953 3033 uolibet‚
973 2962 1003 3019 in
1029 2963 1186 3023 exhibendo
1202 2967 1255 3024 bo·

665 3051 733 3093 rrum
758 2981 885 3105 cuilihet,
906 3034 935 3091 in
959 3035 1124 3093 sustinendo
1146 3038 1255 3096 malum

665 3124 717 3181 pro
733 3106 868 3178 quolibet.
886 3127 901 3157 »
923 3107 1002 3163 Unde
1025 3113 1053 3164 et
1070 3111 1252 3166 benardus:

667 3201 682 3231 «
710 3179 783 3236 Cave
812 3177 914 3235 alienae
938 3178 1162 3235 conversationis
1190 3196 1254 3238 esse

665 3254 714 3306 aut
729 3249 856 3306 curiosus
873 3249 1045 3320 explorator,
1064 3255 1113 3305 aut
1128 3256 1252 3308 temera·

667 3320 724 3377 rius
737 3320 833 3391 judex,
847 3319 934 3376 eliam
946 3319 969 3376 si
984 3335 1134 3393 perperam
1156 3326 1252 3377 actum

667 3390 736 3463 quid
764 3390 982 3462 deprehendas,
1011 3389 1116 3448 necsic
1140 3391 1252 3462 judices

667 3461 838 3534 proximum,
859 3462 949 3533 magis
965 3469 1061 3520 autem
1076 3478 1187 3520 excusa.
1202 3465 1253 3520 Ex·

667 3549 735 3590 cusa
750 3533 944 3602 intentionem,
961 3534 984 3590 si
1000 3550 1071 3606 opus
1086 3551 1143 3592 non
1159 3540 1251 3608 potes,

668 3611 736 3677 puta
747 3604 1024 3677 ignorantiam‚puta
1033 3607 1252 3680 surreptionem,

668 3681 736 3749 puta
756 3692 861 3733 casum.
877 3674 990 3743 Quodsi
1008 3692 1122 3735 omnem
1136 3678 1253 3737 omnino

668 3746 1253 3821 dissimulationemreicertitudorecusat,

668 3820 755 3876 suade
770 3818 953 3875 nihilominus
970 3817 1031 3890 ipse
1045 3820 1108 3889 tibi,
1126 3828 1154 3879 et
1168 3823 1254 3879 dicito

669 3891 743 3964 apud
758 3890 879 3961 teipsum
898 3907 904 3945 :
921 3891 1082 3947 Vehemens
1099 3893 1152 3950 luit
1170 3893 1254 3950 nimis

669 3961 806 4028 tentatio;
822 3961 890 4032 quid
905 3961 940 4018 de
960 3978 1005 4018 me
1020 3962 1067 4018 illa
1093 3963 1216 4033 lecisset,
1229 3962 1253 4019 si

669 4032 823 4105 accepisset
846 4032 876 4089 in
902 4049 947 4090 me
976 4033 1106 4090 similiter
1129 4041 1253 4107 poteste-

671 4106 745 4161 lem?
755 4130 767 4152 »
777 4105 837 4161 haec
845 4106 1011 4162 Bernartius.
1027 4108 1066 4162 De
1076 4106 1169 4162 dubiis
1185 4119 1254 4176 ergo

666 4175 806 4248 iudicare,
822 4182 851 4234 et
862 4183 1007 4250 suspectos
1016 4176 1097 4248 qcrasi
1113 4192 1177 4232 reos
1190 4191 1255 4232 con-

670 4248 936 4321 demnare,penitus
951 4248 1062 4321 repellit
1076 4247 1181 4304 anobis
1196 4248 1254 4303 Do·

1163 4341 1193 4395 21
