2790 4912
90 286 138 340 ata

439 285 549 338 rtttltn
575 285 698 338 rtnrls
725 283 828 338 CAPUT
855 278 975 334 XXXIV

93 407 155 448 esse
182 389 357 462 prohibitum
372 407 379 458 ;
395 396 424 446 et
451 389 526 462 quod
552 392 682 448 veluntas
737 392 824 460 tpais,
850 393 878 444 et
902 401 996 459 poenae
1019 384 1226 465 determinata,
1248 398 1328 472 Dm,

95 461 171 518 mala
185 479 241 517 noo
257 466 299 517 est
314 467 471 532 peceatum,
485 461 537 517 nisi
553 469 633 518 exeat
652 463 681 518 in
740 459 897 518 secundum
914 459 1049 523 nussam,
1066 473 1123 513 non
1145 456 1319 536 modicus‘rp.

95 533 238 589 ellectum.
255 533 333 588 Unde
348 532 479 588 dicebaut
494 533 529 587 de
542 533 595 589 hoc
611 551 684 605 prae·
740 549 789 589 ror
810 537 862 598 est,
891 544 976 601 quem
1003 528 1160 609 Deussale
1182 538 1312 610 sapienia

95 608 177 676 cepto
200 627 206 660 :
231 605 292 661 Noa
324 604 438 667 occides,
461 604 537 674 quod
560 620 612 675 per
630 606 684 660 hoc
741 602 875 670 condivit,
888 601 1057 655 infatuatum
1070 599 1165 655 dicere
1176 605 1201 654 et
1215 599 1306 660 salienti

95 675 264 747 prohibetur
287 674 434 729 occidendi
449 675 564 743 lactum,
582 683 611 730 et
627 692 685 731 nen
741 674 889 746 derogare.
913 673 1023 742 Moyses
1044 685 1112 740 ergo
1135 676 1162 725 et
1180 671 1228 725 ber
1243 686 1300 728 secu-

97 744 243 801 occidendi
254 746 546 816 propositum.Etlroc
556 752 599 806 θεῖ
609 747 685 812 <ruod

96 815 164 872 dicit
181 834 187 871 :
207 816 336 870 Audistis
352 818 419 885 quia
434 817 537 872 dictum
557 824 596 873 est
610 821 685 872 uriti-

95 890 180 958 quie:
195 890 256 944 Nou
269 887 384 955 occides,
406 887 514 943 scilieet
528 889 685 956 bominem,

95 959 151 1014 boc
169 963 221 1025 est,
238 956 278 1012 sic
297 956 558 1030 interpretabantur
576 976 686 1031 praece-

96 1035 176 1157 ptum
192 1029 262 1096 boc,
277 1028 326 1083 sed
339 1030 414 1084 hunc
427 1047 554 1086 errorem
567 1030 688 1087 excludit

118 1100 237 1167 aleator,
252 1099 404 1168 prohibens
416 1101 500 1157 irasci
513 1102 575 1157 sine
589 1118 685 1158 causa.

63 1182 65 1186 ⁴
97 1172 178 1228 Unde
195 1187 251 1225 non
272 1171 401 1227 occidere
418 1174 563 1228 hominem
581 1173 687 1254 injuste

97 1257 185 1299 manu
208 1248 236 1296 et
263 1248 328 1297 actu
351 1243 473 1314 pertinet
496 1244 532 1299 ad
548 1243 687 1314 justitiam

99 1313 191 1385 Legis.
214 1315 267 1379 Qut
292 1320 382 1368 autem
403 1314 443 1370 sie
468 1316 608 1383 occiderit,
625 1330 688 1370 reus

100 1387 162 1453 em't,
183 1385 337 1440 secundum
358 1387 471 1457 Legem,
483 1387 592 1456 judicio
611 1402 687 1442 mor-

101 1455 148 1524 tis,
164 1472 214 1511 seu
229 1456 407 1512 accusatione
421 1468 449 1512 et
461 1457 645 1514 damnatione
659 1455 688 1511 in

101 1531 233 1594 mortem,
245 1527 312 1596 quia
325 1530 378 1583 Lex
390 1528 470 1600 punit
482 1529 636 1584 secundum
650 1535 689 1583 ta·

100 1596 217 1653 lienem.
228 1599 282 1653 Sed
293 1600 434 1670 perlectus
443 1600 617 1671 superaddit,
627 1615 691 1670 pro·

101 1668 206 1725 bibens
221 1685 256 1723 ne
272 1670 335 1739 quis
352 1670 414 1725 sine
432 1687 517 1726 causa
532 1672 614 1741 ‘justa
633 1671 688 1724 ira·

101 1743 196 1796 suatur
205 1741 283 1795 tratri
294 1740 321 1795 in
333 1741 428 1809 corde,
438 1741 481 1797 rel
494 1741 605 1813 signum
616 1757 690 1797 com·

102 1810 171 1866 moti
188 1811 275 1866 animi
290 1813 422 1867 ostendat
436 1813 466 1868 in
480 1830 558 1880 roce,
572 1813 688 1868 diceus:

101 1885 187 1949 Raeo,
198 1899 260 1952 quae
272 1900 323 1938 ror
334 1883 508 1953 indignantis
518 1890 572 1952 est,
583 1887 690 2008 absipue

103 1957 181 2008 certa
213 1954 393 2022 expressione
417 1955 546 2025 vituperii
566 1956 608 2010 rel
631 1957 691 2009 ba·

105 2021 258 2092 sphemim,
280 2030 327 2078 aut
344 2029 450 2078 certam
472 2025 616 2095 iujuriam,
640 2025 691 2079 sub

103 2092 283 2162 expressione
297 2093 375 2149 uerbi
387 2093 504 2175 irroget,
516 2095 612 2150 dicens
623 2112 629 2148 :
641 2098 691 2149 Fo-

103 2167 158 2230 tue,
179 2163 254 2232 quod
274 2170 317 2218 est
336 2163 426 2234 magis
447 2165 585 2236 injuriari,
605 2181 690 2236 quam

103 2233 199 2290 dicere
208 2237 292 2290 Reice.
305 2235 552 2307 Prohibeturergo
567 2254 574 2291 :
587 2236 690 2308 primo,

103 2311 199 2362 motus
215 2305 263 2361 irin
285 2306 315 2362 in
328 2306 439 2375 animo;
460 2308 597 2375 secundo,
616 2308 691 2363 indi-

105 2375 249 2449 gnationis
268 2376 297 2432 in
318 2377 418 2449 sigu03
435 2383 529 2447 tertio,
549 2380 691 2451 vitupera·

104 2448 191 2505 bonis
205 2448 234 2504 in
249 2451 344 2506 verbo.
359 2451 460 2508 Tribus
474 2459 569 2508 autem
584 2451 693 2522 generi-

105 2520 160 2577 bus
177 2525 205 2576 et
228 2522 363 2591 gradibus
382 2523 470 2595 culpae
491 2523 617 2594 assignat
636 2529 692 2577 tres

106 2591 211 2663 gradus
237 2610 329 2664 poenm
350 2611 357 2649 :
377 2594 470 2664 prima
489 2596 572 2667 eulpa
589 2600 632 2650 est
649 2593 693 2649 ira

106 2663 151 2719 vel
173 2663 270 2719 odium
294 2665 322 2720 iu
339 2666 423 2721 corde
443 2667 552 2735 latens,
568 2666 693 2722 secunda

107 2734 190 2805 culpa
207 2741 249 2789 est
265 2736 307 2792 ira
321 2736 352 2791 in
366 2738 529 2806 generalem
547 2743 692 2793 contume-

106 2804 174 2861 liam
190 2821 376 2878 prorumpens
386 2825 392 2875 ;
404 2808 488 2864 tertia
503 2809 585 2880 culpa
597 2815 640 2864 est
651 2808 694 2864 ira

106 2873 136 2930 in
149 2875 300 2946 specialem
313 2878 514 2934 contumeliam
527 2881 691 2950 procedens.

107 2944 157 3001 His
172 2945 262 2999 tribus
277 2947 366 3017 culpis
383 2947 503 3004 debetur
516 2966 601 3020 penna
616 2950 669 3005 uin
685 2981 696 2990 ·

107 3030 185 3082 rens,
199 3015 241 3076 eis
262 3018 496 3087 correspondens.
518 3022 588 3074 b'am
607 3024 695 3075 omnis

128 3088 159 3140 ui
173 3088 305 3141 irascitur
316 3088 546 3158 motuinteriori,
560 3090 602 3145 rel
617 3091 694 3158 odio,

105 3102 193 3226 Jrutm
207 3174 265 3226 suo,
281 3175 338 3214 non
354 3158 471 3226 vitio,ut
486 3161 522 3216 sit
537 3162 579 3217 ira
611 3178 643 3217 er
657 3162 696 3216 vi-

108 3227 191 3300 tium,
208 3247 267 3286 non
291 3245 342 3301 per
365 3231 467 3301 zelum,
488 3233 534 3302 qui
557 3177 697 3289 deliberat

108 3301 204 3358 edium
229 3308 396 3373 conceptum
415 3301 533 3376 implere
556 3320 653 3376 opere,
672 3305 696 3360 si

108 3375 305 3459 opportunitas
322 3375 448 3443 adesset;
464 3392 526 3432 reus
548 3380 600 3432 erit
615 3377 695 3446 judi-

108 3460 160 3513 cte,
177 3446 206 3503 id
228 3452 271 3503 est
296 3447 398 3518 dignus
420 3448 599 3504 accusatione
621 3450 696 3531 apud

108 3515 209 3582 Deum,
227 3523 255 3570 et
268 3517 297 3572 iu
312 3520 372 3573 toro
383 3519 485 3574 summi
496 3519 616 3587 iudicis,
632 3520 696 3576 beet

109 3587 320 3665 uonphominis,
340 3606 404 3645 eum
426 3591 461 3646 de
477 3592 621 3646 voluntate
640 3607 696 3646 nou

109 3661 199 3727 possit
220 3659 346 3714 accusari
372 3677 468 3716 coram
491 3661 616 3717 homine.
643 3665 697 3729 Qui

109 3732 200 3805 autem
212 3729 319 3805 dicerit
334 3734 421 3798 fratri
432 3749 491 3800 suo,
508 3736 592 3799 Rucu,
607 3749 639 3788 eu
654 3733 695 3788 in·

110 3796 274 3878 dignatione
300 3805 328 3855 et
354 3809 532 3875 contemptu3
558 3820 621 3858 reus
645 3808 697 3859 erit

110 3870 235 3949 concilio,
260 3870 288 3924 rd
309 3876 352 3926 est
370 3889 511 3930 consensu
530 3874 638 3946 judicii,
661 3874 696 3930 de

110 3937 206 3995 danda
225 3956 254 3994 m
268 3957 333 3996 eum
353 3945 503 4015 sententia,
519 3953 548 4001 et
562 3947 696 4002 determi-

108 4009 204 4066 nanda
217 4026 311 4082 poena,
327 4013 464 4085 quiajam
480 4018 557 4072 renit
575 4018 605 4073 in
623 4017 695 4074 uoti-

109 4079 179 4137 tiam
193 4083 284 4154 culpa.
302 4087 355 4150 Qui
368 4093 460 4142 autem
478 4089 583 4144 dicerit
600 4094 696 4160 Fatue,
754 4106 815 4171 rem
830 4090 977 4173 hominum
987 4094 1072 4162 teras,
1081 4099 1201 4173 propter
1214 4092 1346 4173 timorem

109 4152 146 4208 ad
161 4159 354 4234 contemptum
368 4171 505 4227 personae,
520 4176 577 4216 non
587 4161 624 4216 ad
637 4178 698 4217 eor·
756 4163 805 4218 Der
819 4178 857 4217 ne
872 4178 1022 4219 minimum
1041 4164 1156 4235 quidem
1175 4162 1345 4236 patierrslu

109 4228 266 4284 rectionem
290 4227 392 4300 culpae;
418 4245 480 4286 reus
501 4234 553 4287 erit
569 4234 697 4301 nehemia
754 4233 816 4290 haec
840 4235 1056 4304 Glepsostomus.
1081 4237 1116 4291 Et
1135 4233 1160 4291 si
1179 4235 1348 4308 prohibetur

742 746 796 801 rim
811 742 906 816 posuit
922 742 959 798 ad
973 757 1086 796 ramum
1101 740 1218 805 arboris,
1228 743 1298 812 prebi-

742 819 813 874 bens
828 813 1025 880 homicidium
1041 813 1170 868 Christus
1181 829 1240 867 rere
1251 820 1298 868 tam

742 902 827 959 quam
836 883 1297 957 sapiensagricolaperliraugelim
1370 894 1372 898 ’

743 958 866 1015 securim
879 954 1018 1029 posuitad
1027 955 1165 1024 radicem,
1176 954 1297 1034 prohibeo

743 1031 826 1098 iram,
853 1034 883 1084 ut
900 1042 1014 1082 omnem
1032 1026 1158 1082 radicem
1174 1023 1298 1096 peccabdc
1369 1076 1372 1083 .

745 1101 877 1158 cordibus
903 1097 1008 1154 nostris
1035 1099 1171 1162 auferret,
1192 1098 1249 1167 quia
1264 1108 1299 1176 per

745 1170 921 1229 iracundiam
941 1169 1026 1225 etiam
1049 1184 1139 1240 usque
1159 1168 1193 1223 ad
1211 1169 1297 1245 bourn-

744 1245 822 1299 dium
839 1240 980 1313 perveniri
997 1244 1101 1311 potest.
1120 1241 1153 1294 Et
1170 1240 1235 1294 bene
1249 1237 1298 1291 inu·

744 1315 786 1397 pit
802 1316 838 1370 ab
854 1314 907 1380 ira,
927 1312 1004 1382 quia,
1025 1312 1180 1367 secundum
1196 1311 1299 1373 Glossm,

741 1401 831 1458 Janua
851 1383 978 1440 emulum
1004 1382 1138 1437 uitiorum
1162 1387 1202 1436 θεῖ
1219 1381 1299 1459 imern-

745 1457 815 1513 dia.:
832 1471 888 1526 qua
904 1455 1010 1521 clausa,
1031 1453 1181 1508 virtutibus
1199 1452 1299 1506 iutrruse

746 1546 795 1584 eus
819 1527 933 1582 dabitur
956 1524 1084 1596 requies3
1110 1528 1207 1596 aperta
1226 1516 1301 1587 saal

745 1614 831 1656 omne
849 1597 958 1653 lacinus
973 1596 1131 1652 armabitur
1147 1591 1302 1668 animusle

745 1670 870 1727 eundum
893 1671 1098 1737 Hieronymum,
1113 1667 1157 1721 ira
1178 1670 1217 1722 est
1237 1672 1303 1719 omme

746 1741 946 1797 metusmetus
962 1740 998 1795 ad
1014 1738 1187 1804 nocendum3
1203 1742 1302 1800 auterre

747 1812 838 1884 surgit
861 1812 966 1877 subite,
982 1816 1010 1865 et
1029 1809 1070 1865 sic
1091 1817 1134 1864 est
1153 1804 1305 1887 renideant

748 1901 780 1940 ex
793 1881 996 1939 deliberatione
1008 1886 1034 1936 θῖ
1044 1897 1193 1946 consensu,
1201 1886 1228 1934 et
1236 1892 1267 1932 sic
1276 1875 1305 1928 est

748 1954 878 2011 mortale.
894 1952 1137 2009 Considerandum
1152 1959 1244 2006 tamen
1254 1940 1307 2017 quel
1369 1978 1372 1997 ·

749 2027 814 2081 licet
843 2025 885 2079 ira
911 2023 948 2079 sit
974 2028 1132 2094 peccatum,
1157 2039 1213 2078 non
1238 2026 1308 2096 tanet
1370 2034 1372 2051 ²

748 2096 841 2152 omnis
865 2095 908 2151 ira
935 2112 941 2149 :
966 2094 1009 2149 ira
1031 2093 1107 2149 enim
1132 2100 1176 2148 θεῖ
1197 2091 1309 2173 appetitui

749 2168 893 2234 vindicum
910 2166 1033 2221 vindicta
1047 2171 1154 2233 autem,
1167 2165 1189 2220 si
1204 2170 1237 2218 sit
1247 2161 1310 2232 Juslb

749 2256 806 2294 non
822 2244 866 2294 est
884 2242 1029 2309 peecatum
1050 2252 1112 2292 eam
1128 2241 1265 2308 appetere.
1278 2228 1312 2284 bal

749 2316 844 2366 autem
872 2309 978 2379 injusta
1008 2308 1231 2379 quadrupliciter
1255 2293 1312 2386 {tel

750 2380 885 2452 qnoniam
895 2379 1038 2451 appetitur
1049 2395 1131 2449 paena
1145 2381 1208 2449 ejus
1220 2393 1263 2447 qur
1272 2380 1312 2427 neu

750 2452 868 2519 meruit;
885 2451 929 2506 rel
944 2450 1011 2532 quia
1021 2450 1165 2521 appetitur
1178 2451 1239 2521 plus
1252 2450 1316 2521 quam

750 2522 854 2579 meruit
863 2540 870 2590 ;
880 2522 922 2577 vel
938 2538 960 2577 ει
968 2527 1117 2648 appetatur
1128 2522 1227 2576 critiae
1241 2516 1316 2574 debtlt

749 2596 956 2666 pretermisso3
972 2610 1006 2649 ve
1031 2593 1099 2664 quia
1117 2593 1259 2665 appetitur
1270 2596 1317 2660 pre

750 2672 814 2738 pter
826 2665 981 2720 indebitum
990 2665 1126 2731 tinemut
1137 2663 1250 2735 quaudo
1258 2667 1321 2733 appr

750 2736 820 2792 titur
843 2736 934 2792 solum
956 2743 1072 2807 propter
1095 2736 1262 2801 vindictam,
1281 2735 1322 2786 not

751 2813 868 2880 prepter
879 2807 1030 2877 justitiam.
1046 2806 1174 2863 Christus
1190 2807 1324 2932 itatpuert·

752 2879 828 2935 dices
840 2878 1063 2947 inimicitiarum,
1084 2878 1218 2949 ipsosque
1250 2879 1327 2935 ontea

750 2966 803 3021 per
818 2966 888 3020 quos
906 2949 1030 3006 charitas
1052 2950 1148 3005 necari
1171 2950 1246 3005 solet
1260 2947 1328 3003 inter

752 3021 869 3093 cipiens,
885 3021 980 3076 studet
994 3038 1046 3076 nos
1062 3021 1168 3076 mutuis
1184 3019 1268 3077 nobis
1280 3018 1330 3073 cna

752 3092 844 3148 ritatis
860 3092 976 3147 nexibus
987 3092 1131 3162 colligare,
1145 3093 1224 3162 quod
1237 3097 1332 3150 tamen,

753 3164 824 3219 heut
838 3179 937 3233 parum
948 3180 1080 3219 curamus
1093 3164 1257 3219 advertere.
1267 3157 1334 3217 unte

754 3236 959 3303 chrysostomus
977 3254 985 3289 :
1003 3255 1015 3287 o
1032 3237 1066 3290 Et
1083 3251 1135 3290 nos
1150 3235 1269 3305 quidem
1284 3245 1335 3308 ma·¹

750 3307 828 3387 jores
848 3310 960 3361 nostros
980 3311 1009 3362 et
1026 3306 1212 3377 potentiores,
1235 3303 1337 3360 etiamst

754 3376 865 3447 injuriis
893 3380 921 3432 et
948 3376 1126 3433 contumeliis
1158 3384 1263 3433 eontra
1294 3385 1338 3430 nos

753 3454 850 3519 agant,
871 3448 998 3517 terimus,
1015 3454 1147 3504 verentes
1166 3465 1203 3505 ne
1222 3446 1293 3519 quid
1311 3443 1340 3501 ab

754 3519 795 3576 eis
816 3519 930 3590 gravius
953 3520 1109 3591 patiamur;
1132 3537 1203 3590 erga
1222 3517 1341 3594 aequales

752 3607 821 3646 vero
834 3591 877 3646 rel
890 3591 1049 3660 interiores,
1063 3591 1208 3647 interdum
1221 3607 1277 3646 nec
1289 3590 1342 3646 laest

753 3661 913 3729 irascimur,
927 3663 955 3717 in
971 3667 1081 3718 tanturn
1096 3663 1240 3718 humanus
1255 3666 1342 3717 metus

753 3733 856 3789 timore
876 3733 926 3788 [lei
942 3734 1127 3806 praeponitur.
1149 3734 1224 3800 Noli,
1243 3731 1343 3804 iuquit,

753 3804 837 3860 irasci
853 3804 933 3860 tratri
949 3812 996 3861 tuo
1009 3805 1069 3861 sine
1081 3821 1182 3872 causa;
1197 3821 1266 3860 uam
1279 3801 1344 3859 mul-

755 3881 782 3931 to
804 3877 857 3931 boc
878 3876 967 3932 levius
989 3882 1040 3945 est,
1056 3892 1141 3957 quam
1163 3877 1189 3931 si
1209 3884 1240 3933 tu
1260 3875 1345 3932 alium

754 3947 829 4003 teras
842 3945 1012 4003 irascentem
1025 3947 1074 4004 tibr
1090 3947 1151 4003 sine
1166 3964 1265 4004 causa.
1278 3949 1345 4004 Cum

754 4034 833 4090 ergo,
851 4020 926 4090 quod
944 4021 1035 4091 majus
1052 4024 1106 4089 est,
1126 4025 1245 4092 propter
1267 4018 1346 4076 timo·
