2790 4912
410 305 451 358 DS
477 306 705 361 concursione
732 308 944 363 SALVATORIS.
1263 322 1289 374 31

121 419 137 460 ι·
162 406 354 479 proprietates
380 409 484 491 quippe
512 411 648 482 hominis,
705 414 972 473 arationishonore
983 418 1082 475 mutati
1097 425 1174 490 sunt,
1187 424 1295 495 pecori·

58 484 120 541 ,ιι
135 483 180 533 est
193 479 377 537 verecundari
405 497 434 537 rn
450 481 525 554 turpi
546 499 648 556 perpe·
706 491 1293 566 namnaturamassumentes,ettamquam

140 588 147 602 .
165 549 283 630 lfropter
309 551 386 633 quod
407 552 589 611 inverecundi
604 554 649 610 di·
705 557 841 614 ellrontes
857 557 931 615 inter
947 559 1079 617 homines
1093 562 1248 624 rationales
1262 582 1293 623 se

174 620 411 695 memendabrles,
425 623 492 697 quia
506 625 538 682 in
551 625 648 698 aliquo
706 628 853 687 habentes.

614 803 743 862 ORATIO

45 912 52 979 ²-
112 940 203 998 Sancte
215 943 351 1011 loannes,
367 947 409 1010 to,
424 942 525 1000 eodem
536 944 644 1016 Angelo
659 960 714 1017 quo
729 946 857 1004 Christus
869 949 1066 1021 denuntiante,
1084 960 1247 1025 conceptus,
1262 963 1290 1014 et

10 1022 14 1026 ·
58 1060 66 1091 ,ἶ
85 1008 152 1139 Εἷς
163 1013 196 1069 ab
208 1011 269 1085 ipso
280 1013 389 1098 Angelo
400 1014 635 1101 laudatus,quam
645 1032 665 1098 a
671 1021 751 1089 patre
757 1018 926 1145 genitus3tu
936 1022 971 1078 de
984 1039 1040 1094 quo
1052 1022 1121 1079 dixit
1136 1025 1291 1084 Dominus:

159 1086 390 1140 nuormuuerum
403 1093 756 1156 monumentorum
795 1096 834 1157 te,
850 1090 976 1161 domme,
996 1100 1054 1149 tam
1074 1100 1216 1166 sanctum,
1232 1102 1289 1154 tam

61 1200 67 1207 .
89 1150 194 1221 bertum,
206 1159 262 1211 tam
277 1169 412 1226 magnum
424 1155 568 1228 coniugio,
585 1157 688 1215 dubius
702 1159 737 1216 de
752 1161 842 1217 salute
856 1177 930 1230 mea,
946 1163 1013 1234 quia
1031 1171 1125 1221 certus
1137 1165 1173 1223 de
1186 1182 1291 1240 magna

11 1224 21 1291 ζ
66 1274 70 1279 .
91 1225 236 1306 meaculpa,
257 1224 308 1282 sed
326 1241 446 1298 sperans
463 1227 498 1283 de
520 1228 621 1300 majori
636 1234 686 1285 tua
698 1231 799 1304 gratia.
817 1232 883 1289 Dele
898 1248 966 1304 ergo
985 1235 1061 1305 apud
1077 1238 1165 1292 Deum
1183 1239 1291 1295 scelera

10 1297 15 1361 ζ
73 1308 76 1313 ·
93 1306 217 1367 manum
229 1298 338 1368 majora
352 1303 420 1354 sunt
433 1297 507 1370 apud
524 1315 588 1355 eum
605 1299 706 1357 merita
717 1307 775 1358 tua.
790 1304 892 1372 blegne
906 1304 982 1359 enim
997 1311 1073 1372 suut,
1088 1322 1191 1378 magne
1204 1310 1288 1366 Joanl

10 1366 17 1375 “
40 1376 69 1415 .·.
95 1367 245 1434 memerito
262 1374 321 1437 tua,
337 1372 368 1425 ut
386 1367 518 1425 sufficere
535 1369 645 1442 possint
668 1371 719 1428 tibi
742 1377 771 1428 et
792 1373 872 1441 mibi,
895 1379 923 1429 et
942 1374 965 1429 si
985 1375 1095 1445 prosint
1116 1377 1197 1446 mibi,
1217 1379 1290 1434 nihi-

97 1433 230 1516 minueutur
241 1438 309 1506 tibi;
325 1439 455 1512 suppleat
471 1455 540 1513 ergo
557 1446 606 1497 tua
626 1442 801 1498 abundantia
819 1459 912 1500 meam
926 1444 1063 1517 inopiam,
1084 1452 1114 1503 ut
1128 1448 1164 1503 de
1181 1453 1209 1505 te
1228 1465 1288 1505 me-

98 1504 190 1565 buum
202 1515 228 1567 et
239 1510 377 1568 salvatum
393 1509 422 1567 in
441 1515 578 1568 aeteruum
591 1512 743 1583 gaudeam.
759 1517 859 1571 Amen.

563 1826 714 1905 ,CAPUT
750 1830 780 1901 V

437 2044 477 2091 DE
497 2043 698 2092 concnrmoun
720 2045 910 2093 SALVATORIS.

578 2236 658 2291 Lucae
677 2248 739 2307 cap.
755 2235 777 2290 l.

129 2438 273 2496 rllrmrrnn
312 2455 346 2493 sn
375 2438 511 2494 Vmemnu
538 2438 648 2494 llsnrmr
704 2436 1286 2512 intervenientemVirgineconseutientc.

104 2504 187 2567 duum
211 2525 412 2568 murmannus.
429 2540 464 2550 —
492 2510 523 2564 ln
551 2524 649 2565 mense
706 2508 798 2566 Verba
822 2516 917 2567 autem
946 2511 991 2567 hic
1023 2512 1115 2582 posita
1147 2513 1289 2583 mysteriis

17 2596 41 2633 et
102 2583 165 2639 nou
176 2588 248 2640 sexto
261 2597 279 2638 a
292 2578 479 2651 conceptione
492 2580 651 2637 Praecurso·
705 2585 770 2636 sunt
794 2580 888 2652 plena,
910 2586 939 2637 et
957 2581 1032 2649 ideo,
1052 2588 1082 2636 ut
1109 2580 1176 2637 dicit
1203 2583 1287 2645 Beda,

10 2646 37 2703 r:
61 2660 69 2673 ·
101 2646 285 2725 dspostquam
309 2649 387 2707 venit
407 2649 552 2721 plenitudo
575 2651 651 2707 illius
704 2651 870 2708 solemniter
903 2655 968 2707 suot
995 2651 1130 2717 notanda,
1153 2656 1289 2723 tantoque

10 2764 31 2784 .-
99 2724 249 2782 ttcmtissimi
273 2727 303 2780 et
318 2719 475 2779 felicissimi
502 2722 649 2793 temporis,
704 2720 868 2793 diligentius
888 2720 966 2778 cordi
997 2721 1159 2792 inserenda,
1183 2729 1289 2797 quanto

20 2808 25 2813 ·
96 2790 173 2854 &licet
209 2792 361 2867 rincipium
375 2796 460 2848 sexte
474 2791 577 2860 aetatis,
594 2809 649 2864 quo
706 2791 881 2850 manifestius
907 2799 1033 2864 apparet,
1062 2794 1138 2864 quod
1165 2793 1196 2849 io
1220 2793 1289 2865 ipsis

10 2878 24 2903 ··
94 2874 176 2925 duma
190 2813 318 2925 Arinitas
336 2861 436 2934 generi
454 2863 580 2920 humano
599 2879 651 2934 per
704 2868 763 2921 tota
774 2863 976 2936 redemptionis
986 2870 1089 2920 nostrae
1101 2880 1212 2921 summa
1222 2881 1290 2921 con·

10 2948 24 2985 .-
90 2931 289 2997 ltttruationem
307 2934 392 2993 Verbi
414 2933 563 3007 providere
582 2941 650 2990 ante
704 2934 785 2991 sistit.
799 2935 932 2992 Libenter
951 2935 1027 2993 enim
1046 2937 1289 2993 debemusrecor-

10 3042 21 3059 -
89 3008 194 3085 tempora
221 3009 417 3073 ordinaverat3
446 3020 551 3062 vocans
576 3007 650 3061 Deus
704 3005 765 3062 dari
793 3006 828 3062 de
860 3006 1007 3078 principiis
1040 3013 1145 3063 nostrae
1179 3007 1287 3064 salutis.

10 3093 12 3097 ·
85 3086 244 3156 omnipotens
259 3076 420 3136 Gabrielem
435 3074 649 3146 archangelum,
704 3077 865 3133 Notandum
877 3093 946 3149 ergo
961 3079 1035 3149 quod
1050 3095 1186 3135 numerus
1204 3094 1288 3133 senu-

80 3145 579 3232 mumdeprimisprincipibusregni
595 3147 648 3215 sui,
704 3147 763 3203 rius
793 3164 851 3204 nou
884 3152 965 3204 vacat
997 3164 1013 3204 a
1039 3149 1184 3221 mysterio.
1208 3149 1290 3205 Unde

75 3225 139 3284 misit
158 3239 224 3282 eum
246 3222 276 3278 in
299 3219 440 3276 civitatem
457 3218 590 3285 Galilaeae,
605 3217 649 3274 di·
703 3218 831 3275 Christus
854 3225 1005 3290 conceptus
1025 3226 1068 3276 est
1094 3226 1173 3276 sexta
1193 3223 1288 3287 aetate,

71 3302 135 3355 ctum
148 3294 299 3361 Nazareth,
316 3290 352 3347 ad
367 3289 512 3372 Virginem
531 3289 649 3346 Mariam
703 3289 769 3415 Huic
781 3306 832 3361 per
845 3290 938 3362 ipsum
952 3290 1093 3346 debebant
1108 3288 1206 3370 omnia
1221 3305 1285 3360 per-

66 3368 263 3442 desponsatam
281 3360 387 3432 loseph
403 3377 464 3416 mro
482 3360 517 3416 de
533 3376 584 3416 suo
600 3376 649 3430 ge·
724 3360 760 3428 ci,
776 3376 911 3416 numerus
930 3364 1025 3415 autem
1047 3376 1175 3416 senarius
1187 3360 1289 3440 'perle-

10 3446 12 3453 '
65 3436 313 3509 ueretqnioambo
322 3435 403 3488 eraut
411 3431 446 3486 de
456 3430 540 3486 domo
549 3429 648 3499 David,
702 3436 763 3486 ctus
779 3437 836 3498 est;
857 3430 925 3486 item
940 3435 1017 3510 sexta
1031 3429 1169 3510 chyliade,
1186 3430 1214 3486 rd
1231 3436 1288 3511 est,

61 3510 93 3569 de
116 3507 229 3567 familia
249 3501 349 3576 regali,
364 3502 400 3558 de
422 3499 498 3557 tribu
519 3505 548 3559 et
562 3500 650 3572 stirpe
703 3500 883 3568 millenario,
913 3517 960 3571 qur
990 3505 1032 3555 est
1060 3500 1142 3556 limes
1161 3516 1289 3557 omnium

60 3580 163 3649 nobili,
176 3583 207 3636 et
219 3591 279 3649 prae
295 3570 397 3631 ceteris
415 3571 465 3628 reli
488 3571 558 3641 'osa,
577 3571 649 3627 sicut
703 3587 895 3639 numerorum,
912 3577 942 3626 ut
966 3570 1093 3651 cbristus
1106 3576 1150 3651 est
1164 3571 1246 3628 limes
1260 3577 1288 3628 et

58 3654 128 3711 dicit
150 3648 319 3709 bernardus.
345 3641 454 3700 Placuit
499 3658 532 3699 eo
548 3643 649 3699 eodem
701 3642 768 3698 finis
797 3643 921 3699 omnium
950 3649 1073 3711 entrum3
1104 3647 1173 3698 rtem
1210 3649 1288 3699 sexto

56 3725 186 3792 ordine,
215 3725 245 3776 et
271 3717 370 3775 eodem
393 3712 478 3770 modo
504 3713 648 3770 bominem
702 3728 811 3782 mense,
840 3713 906 3795 quia
931 3712 980 3769 illo
1010 3728 1108 3770 mense
1136 3714 1225 3769 tactus
1246 3721 1290 3770 est

55 3792 259 3859 reconciliare,
281 3804 337 3860 quo
357 3789 476 3843 noverat
502 3784 646 3841 cecidisse.
701 3785 831 3853 mundus,
849 3800 898 3856 qur
917 3800 969 3856 per
985 3783 1078 3856 ipsum
1104 3783 1183 3841 refici
1202 3784 1288 3841 debe·
1369 3800 1373 3808 ·

53 3866 210 3926 Ceciderat
237 3865 333 3919 autem
358 3858 468 3923 homo,
494 3856 647 3912 secundum
700 3857 759 3924 bat,
784 3856 857 3912 sicut
877 3872 929 3927 per
952 3855 1044 3927 ipsum
1066 3856 1156 3913 lactus
1179 3854 1286 3923 luerat3

50 3939 173 3999 Rodum,
191 3931 307 3991 diabolo
328 3927 499 3994 destinante,
520 3930 649 3996 serpente
699 3926 769 3983 item
789 3934 866 3984 sexta
884 3926 965 3995 leria,
986 3926 1053 4009 qnia
1067 3926 1117 3983 illa
1135 3927 1181 3983 die
1202 3928 1287 4007 homo

50 4009 218 4091 exequente
240 4046 248 4073 ,
270 3999 383 4070 dialogo
418 3995 647 4065 interveniente,
699 4003 742 4055 est
754 4004 877 4081 creatus,
888 4004 981 4124 etAEer
992 4013 1085 4079 ipsum
1101 3998 1288 4079 recreari-de·

48 4082 181 4138 muliere
199 4071 404 4133 consentiente.
420 4070 579 4139 Reparatus
606 4070 649 4123 est
699 4069 784 4125 bebat
795 4084 856 4140 Jam
871 4084 920 4141 per
942 4076 1006 4125 rtus.
1024 4071 1058 4124 Et
1076 4069 1140 4146 ideo
1156 4069 1287 4125 srmrlrter

46 4153 158 4210 eodem
185 4145 286 4205 ordine
304 4159 321 4199 e
339 4140 494 4208 contrario,
522 4141 580 4196 Deo
603 4137 651 4192 de·
699 4138 1287 4219 eademaetate,eodemmillenario,eodem

45 4224 198 4289 stinante,
215 4214 326 4287 Angelo
349 4215 517 4285 exequente,
536 4208 650 4280 dialogo
682 4215 809 4285 mense,
831 4216 860 4268 et
885 4211 985 4268 eadem
1012 4208 1082 4264 lena
1107 4224 1208 4281 passus
1234 4211 1287 4274 est,
