2790 4912
142 291 190 343 290

142 393 252 455 Deinde
271 389 415 461 sequitur:
443 389 475 443 st
489 387 538 456 qui
563 386 656 465 eulert
681 385 735 466 tibi

142 483 203 540 qua
227 471 275 521 tuo
300 466 374 528 sunt,
398 458 457 514 sive
481 470 646 528 pecuniam,
675 472 735 511 sire

143 554 204 596 rem
219 535 315 601 aliem,
330 547 364 587 ne
384 533 502 601 repetas,
518 526 624 582 scilicet
647 526 675 581 in
688 527 733 597 ju-

143 610 229 677 dicio,
244 622 278 663 ac
292 619 355 660 cum
365 601 415 657 lite
424 606 454 656 et
464 598 656 654 contentione.
673 600 734 654 Non

144 683 221 738 enim
236 677 302 734 licet
316 671 400 731 alicui
415 686 475 727 rem
491 668 640 751 injudicio
654 685 736 740 repe-

144 759 216 818 tere,
228 748 342 804 turbato
355 743 462 810 animo,
475 746 503 797 et
518 756 551 796 ex
564 756 608 796 ira
617 745 646 797 et
657 756 736 797 com·

144 821 280 886 motione,
297 832 330 872 ae
340 831 392 887 per
400 812 592 870 inordinatum
601 812 735 868 allectum

143 892 287 951 vindicte.
303 886 398 959 polius
412 900 498 957 quam
510 883 546 940 ad
557 882 734 939 emendatio·

144 979 211 1021 nem
237 957 429 1030 delinquentis
446 973 453 1024 3
469 955 524 1024 vel,
552 970 585 1010 ex
604 953 734 1018 avaritia,

145 1051 202 1108 qna
217 1032 310 1103 magis
328 1029 388 1084 vult
407 1043 471 1085 cum
485 1027 597 1100 jactura
615 1025 735 1098 proximi

144 1108 219 1165 bene
233 1121 264 1160 se
280 1102 395 1158 babere.

181 1178 339 1234 8D1xecrro
354 1185 511 1227 mimeonuu
526 1184 734 1225 couurunnrun.

146 1251 239 1315 -Et,
256 1245 323 1317 quia
340 1241 435 1299 docuit
450 1239 588 1297 Dominus
602 1240 735 1312 injuriam

146 1311 735 1379 inferentibusnonesseresistendum,sed

145 1391 182 1450 ad
202 1391 283 1463 plura
303 1384 473 1460 perferenda
493 1399 555 1439 esse
581 1388 735 1455 peratum,

146 1464 354 1533 consequenter
369 1459 451 1513 docet
466 1454 599 1527 injuriam
613 1453 736 1510 inseren-

146 1535 233 1601 tibus,
258 1528 480 1601 impendendum
508 1542 570 1582 esse
590 1524 735 1582 charitatis

146 1606 279 1662 ellectum
289 1600 371 1656 simul
382 1605 410 1655 et
422 1599 565 1654 ellectum.
577 1597 648 1665 Quia
660 1596 736 1652 enim

147 1692 164 1733 o
185 1691 235 1731 ere
256 1672 373 1746 justitim
394 1670 570 1726 infructuosa
589 1673 653 1724 sunt
675 1667 736 1724 sine

147 1691 298 1812 efflorente,
318 1743 382 1798 ideo
411 1740 490 1797 addit
523 1740 558 1797 de
588 1738 737 1796 charitalis

147 1817 332 1891 perfectione,
348 1819 376 1870 et
396 1813 445 1868 dat
469 1811 645 1867 intellectum
664 1826 736 1882 prae-

146 1888 218 1960 cepti
237 1889 273 1942 de
291 1884 441 1941 dilectione
465 1882 597 1953 proximi,
624 1882 653 1938 in
680 1898 737 1953 qno

146 1960 281 2015 errabant
300 1955 401 2012 Judmi.
431 1956 469 2009 Ex
489 1954 542 2008 hoc
560 1955 637 2009 enim
662 1952 737 2024 qnod

143 2032 317 2101 preceptum
337 2023 424 2080 estin
443 2025 533 2105 Lege:
549 2022 656 2094 Diliges
670 2040 737 2095 pro-

145 2099 254 2156 ximum
269 2102 348 2152 tuum
371 2093 443 2150 sicut
458 2099 595 2164 teipsum3
613 2099 641 2150 et
660 2095 737 2166 quod

144 2170 248 2228 iterum
269 2167 373 2224 ibidem
393 2165 514 2221 dicitur:
536 2165 641 2236 Diliges
663 2166 736 2221 nmi-

145 2258 209 2300 cum
236 2247 326 2306 tuum,
358 2238 515 2308 arguebant
547 2252 565 2292 a
593 2236 736 2293 contrario

145 2307 735 2384 sensu‚quoddebebantodireinimicum;

144 2387 195 2444 sed
209 2386 262 2440 boc
278 2389 321 2440 est
336 2382 449 2449 falsum,
460 2380 526 2452 quia
541 2379 634 2436 omnis
649 2381 736 2436 honio

143 2474 176 2516 ex
191 2456 330 2513 charitato
346 2453 509 2524 diligendus
530 2456 583 2523 est,
601 2452 629 2508 in
645 2468 754 2524 quan·⁴

145 2534 206 2587 tum
232 2527 269 2584 ed
288 2527 441 2597 imaginem
457 2523 507 2580 Dei
525 2528 579 2593 est,
599 2528 628 2580 et
648 2539 736 2596 capax

144 2600 244 2673 ipsine,
266 2615 318 2671 per
341 2597 533 2668 cognitionem
548 2602 577 2653 et
596 2611 734 2652 amorem.

145 2671 220 2729 Dicit
236 2687 303 2741 ergo
319 2687 324 2725 :
342 2670 472 2724 Audistis
489 2669 556 2738 quia
575 2667 737 2723 dictumest

143 2742 173 2799 in
191 2745 278 2814 Lege:
293 2743 397 2808 Dtttpec
412 2742 571 2810 proximum
594 2744 682 2808 taum,
708 2743 736 2794 et

146 2813 249 2869 ellectu
268 2810 308 2866 sic
324 2810 392 2880 ligat
414 2825 524 2877 omnm,
540 2815 568 2865 et
580 2811 683 2867 ellectu
696 2809 736 2866 sic

144 2883 214 2953 ligat
229 2882 370 2953 perlectos
384 2896 436 2950 pro
461 2881 523 2936 loco
539 2886 567 2936 ct
582 2885 732 2952 tempore:

145 2958 172 3009 et
185 2954 247 3007 odio
267 2951 379 3005 babebis
393 2953 536 3005 inimicum
552 2956 652 3020 tuum,·
682 2953 736 3009 hoc

144 3025 240 3081 antem
256 3020 386 3075 ultimum
408 3024 524 3076 nonest
549 3020 686 3092 scriptum
705 3023 735 3078 in

145 3097 230 3167 Lege,
244 3092 294 3149 sed
310 3097 354 3147 est
370 3089 484 3148 traditio
498 3092 671 3160 Scribarum,
686 3096 734 3164 qui

144 3167 198 3225 hoc
212 3165 365 3233 addebant,
382 3166 410 3218 et
428 3178 461 3218 ex
476 3161 541 3218 aliis
554 3162 665 3235 scriptis
680 3163 733 3221 ibi-

142 3241 220 3307 dem,
237 3244 267 3295 ut
281 3235 387 3293 dictum
402 3240 455 3303 est,
471 3233 642 3308 colligebant
657 3252 664 3304 3
677 3237 732 3302 vel,

144 3313 167 3369 si
183 3309 286 3369 alicubi
307 3306 442 3379 seriptum
462 3305 581 3375 dicatur,
597 3312 673 3375 tune,
687 3324 733 3364 se·

142 3385 265 3441 cundum
280 3382 479 3450 Arrpustinum,
495 3394 552 3434 non
567 3394 619 3435 vox
629 3379 734 3451 juben·

143 3456 180 3511 tis
192 3455 269 3526 justo
293 3449 460 3524 accipienda
476 3455 529 3518 est,
554 3449 732 3522 sedpermit-

142 3525 229 3582 tentis
240 3524 366 3580 infirmo.
382 3525 440 3591 Epo
454 3526 544 3577 autem
558 3521 619 3577 dieo
632 3523 731 3579 uobis:

143 3598 268 3664 Diligite,
285 3593 391 3650 scilicet
409 3594 523 3662 ellectu,
540 3595 666 3650 inimicos
687 3610 732 3649 vo-

142 3671 225 3737 atros,
237 3664 367 3722 homines
379 3664 496 3732 scilicet,
507 3679 565 3720 non
577 3663 646 3721 vitia
659 3681 667 3733 ;
683 3682 733 3723 na·

140 3742 244 3805 turam,
267 3737 453 3807 nonculpam.
476 3734 557 3805 Quia,
575 3737 732 3794 secundum

142 3810 340 3878 Aupuettnum,
355 3807 396 3863 sic
409 3805 545 3888 diligendi
560 3813 625 3864 sunt
637 3808 730 3865 homi-

141 3895 203 3950 nes,
216 3883 248 3936 ut
261 3893 361 3935 eorum
371 3894 429 3934 non
441 3877 596 3960 diligantur
606 3896 729 3938 errores.

140 3949 264 4024 Diligere
279 3950 415 4030 debemus¹
427 3948 569 4019 inimicos,
581 3951 656 4008 bone
669 3968 733 4024 gra·

141 4023 189 4081 tiae
216 4024 245 4079 et
273 4021 372 4093 gloriae
390 4036 431 4076 eis
456 4022 592 4092 optando,
626 4023 729 4095 quibus

502 278 610 332 l‘llllldl
636 276 758 332 rllrls
784 275 889 330 olrnr
914 274 1017 330 XXXV

791 382 988 457 generalitate,
1020 383 1047 439 in
1067 386 1260 456 quantumve

791 456 912 513 salutem
942 470 1052 521 eorum,
1084 457 1161 526 quod
1180 454 1233 511 soli

790 532 907 596 notum;
925 525 992 598 quia
1007 525 1112 582 talibus
1126 526 1211 583 bonis
1225 544 1260 598 po

791 614 838 655 mo
853 600 925 656 bene
946 598 987 654 uti
1009 598 1053 653 vel
1068 598 1154 667 male,
1180 606 1208 655 et
1228 599 1260 655 id

791 671 852 726 haec
866 685 922 727 non
940 672 984 726 est
1001 668 1110 741 aliquid
1124 672 1260 741 petendur

791 741 909 798 minate.
922 743 1039 809 Etnota,
1047 742 1124 811 quod
1131 741 1251 812 diligere

791 818 835 868 est
853 812 945 884 magis
963 812 1101 880 debitum,
1122 817 1150 868 et
1181 830 1237 869 non

793 883 929 941 Dominus
942 899 959 940 a
971 883 1124 940 dilectione
1138 884 1260 941 amicoru

791 954 902 1024 cedem,
918 955 968 1012 sed
982 954 1076 1011 innuit
1089 955 1242 1024 minorem,
1257 979 1260 1007 t

790 1027 860 1083 teris
872 1027 1000 1099 paribus,
1014 1025 1129 1083 dilectio
1145 1026 1258 1083 inimico

791 1097 883 1168 magis
916 1097 1072 1167 meritoria,
1102 1114 1189 1169 quam
1203 1099 1260 1154 ami

791 1172 857 1241 quie
871 1168 1017 1225 difficilior
1035 1173 1144 1227 etcum
1164 1170 1260 1241 majori

792 1241 875 1297 bonae
898 1241 1071 1307 volontatis3
1098 1241 1165 1312 quia
1181 1241 1258 1313 purio

792 1318 871 1368 motu
891 1312 990 1382 gratiae
1006 1328 1062 1368 non
1077 1319 1189 1369 naturae
1204 1313 1260 1369 ineli

791 1381 858 1455 quia
891 1382 1056 1451 liberalior,
1090 1390 1120 1440 et
1139 1401 1197 1440 non
1224 1401 1253 1440 ex

791 1453 885 1511 meriti
905 1454 1103 1526 precedendo.

828 1550 844 1599 9
872 1528 931 1582 Nou
947 1544 1063 1583 surmcir
1079 1543 1200 1582 uinncrro
1215 1545 1260 1582 eon

793 1615 921 1654 cussinis
945 1616 993 1653 nsr
1025 1615 1139 1654 insurnn
1167 1616 1256 1654 oraxis

791 1687 845 1724 nro.
862 1701 897 1710 -
916 1671 950 1724 Et
975 1669 1042 1740 qnia
1066 1686 1125 1725 non
1145 1670 1246 1725 suflicit

792 1741 888 1809 corde,
907 1740 962 1796 nisi
988 1740 1102 1797 dilectio
1129 1743 1260 1812 probetur

792 1811 975 1880 exhibitione,
989 1813 1025 1867 ad
1045 1812 1140 1868 minus
1155 1813 1217 1868 loco
1232 1817 1257 1868 et

794 1899 836 1952 re,
850 1883 945 1939 subdit
958 1907 965 1940 ι
977 1885 1255 1951 benefacitescilicel

793 1957 892 2025 bisqui
900 1955 1014 2010 oderunt
1023 1971 1080 2023 eos,
1090 1955 1119 2010 in
1129 1955 1173 2010 his
1186 1972 1260 2026 quas.

794 2027 830 2082 ed
846 2042 945 2083 eorum
961 2026 1091 2094 salutem,
1109 2043 1173 2082 eam
1187 2027 1260 2082 mod(

793 2103 822 2153 et
840 2096 969 2169 possibili
988 2097 1177 2224 procurando,
1200 2098 1260 2170 quia

792 2169 887 2226 faeere
901 2175 947 2225 est
959 2169 986 2225 di
999 2168 1118 2225 cetionis
1131 2170 1249 2225 oll'ectus

792 2240 873 2296 bitio.
889 2243 923 2296 Et
936 2240 1011 2308 ideo,
1028 2239 1099 2296 sicut
1120 2245 1249 2297 tenemur

792 2310 1081 2384 inimicos,quantum
1093 2312 1129 2367 ad
1152 2313 1230 2368 bona
1244 2329 1260 2383 g

792 2383 901 2453 glorie,
917 2383 957 2440 ita
975 2389 1104 2439 tenemur
1121 2382 1151 2439 in
1174 2385 1255 2440 ellect

793 2461 849 2510 tom
865 2471 963 2511 eorum
975 2471 1138 2527 procurare.
1152 2454 1260 2512 lnimicr

791 2526 887 2652 guoad
914 2533 1055 2596 naturam,
1077 2533 1197 2597 quaest
1225 2543 1258 2599 pr

811 2614 826 2653 e
846 2597 1014 2654 necessitate
1031 2598 1176 2670 precepti,
1193 2605 1237 2653 est
1256 2619 1260 2666 r

792 2668 942 2725 dilectione
972 2668 1144 2740 diligendus,
1173 2686 1231 2741 qua
1257 2694 1260 2721 t

790 2743 895 2808 Dittpes
906 2744 1062 2811 proximum
1074 2747 1160 2809 tauns,
1168 2743 1219 2797 sed
1230 2741 1258 2797 di

791 2811 916 2882 speciali,
933 2818 963 2867 ut
977 2811 1138 2884 specialiter
1156 2813 1221 2883 quis
1235 2830 1260 2869 m

790 2882 826 2939 ed
857 2882 1033 2952 diligendum
1068 2883 1227 2954 inimicum,

790 2957 935 3025 precepti,
950 2955 1001 3010 sed
1018 2955 1212 3026 perfeetionis,
1231 2958 1260 3012 N«

789 3030 833 3081 est
848 3030 1020 3097 praeceptum
1046 3027 1083 3083 ad
1097 3043 1197 3083 omues
1216 3043 1260 3099 spe

790 3096 877 3167 allici,
894 3097 962 3169 quia
978 3113 1030 3154 nec
1047 3098 1102 3154 hoc
1121 3103 1164 3154 ost
1184 3098 1260 3170 possi

790 3167 855 3224 ideo
868 3184 921 3224 nec
947 3174 989 3225 est
1014 3178 1189 3250 preceptum
1221 3187 1260 3242 spi

789 3238 865 3295 affici
880 3238 917 3296 ad
941 3238 1098 3310 inimicum,
1126 3242 1175 3297 sed
1209 3259 1260 3313 gen

788 3310 818 3366 in
837 3316 974 3382 quantum
990 3317 1034 3369 est
1059 3314 1144 3368 homo
1161 3312 1260 3394 proxin

789 3381 855 3452 quia
879 3383 1019 3439 exteriora
1049 3384 1188 3439 beneficia
1216 3401 1260 3457 pr<

788 3458 892 3509 nentur
909 3453 1039 3511 interiori
1058 3455 1215 3525 dilectioni,
1236 3456 1260 3512 si

786 3525 893 3581 neralis
907 3525 1077 3598 dilectionis,
1092 3532 1124 3584 ut
1140 3527 1258 3598 aliquod

787 3595 881 3653 lacere
910 3597 962 3653 toti
980 3597 1187 3667 communitati,
1221 3598 1260 3655 vel

785 3683 837 3795 Ero
852 3673 912 3750 toto
925 3671 1030 3751 populo
1043 3671 1072 3726 in
1087 3670 1244 3753 communi,

808 3740 886 3796 ibere
898 3756 1031 3809 immicis,
1047 3757 1111 3799 cum
1124 3743 1160 3799 ab
1175 3743 1221 3798 his
1232 3758 1261 3815 qi

786 3810 959 3882 generaliter
976 3812 1136 3870 exbibenda
1166 3830 1226 3871 non
1255 3835 1260 3868 r

785 3883 906 3965 excludi,
922 3889 967 3941 est
985 3883 1022 3967 de
1035 3884 1206 3967 necessitate
1219 3902 1259 4014 {r

784 3969 890 4026 quiesi
919 3957 956 4013 ab
985 3972 1010 4013 rs
1034 3957 1195 4014 mteuderet
1242 3975 1258 4015 o

784 4026 943 4097 excludere,
974 4029 1038 4110 jem
1062 4028 1236 4100 generaliter

141 4096 227 4154 homo
242 4109 300 4149 non
314 4096 408 4164 potest
423 4091 464 4147 uti
477 4093 569 4162 male;
590 4093 647 4152 alia
661 4112 728 4153 vero
781 4114 841 4155 non
867 4098 1002 4168 terretur,
1030 4115 1089 4157 nmo
1104 4099 1195 4173 magis
1213 4099 1260 4157 odi

139 4169 225 4238 bona,
245 4163 353 4222 scilicet
372 4167 493 4233 nature,
518 4163 564 4220 vel
593 4165 727 4238 lortunae,
781 4169 956 4228 tenderetur.
977 4173 1011 4228 Et
1027 4171 1095 4243 qnia
1109 4171 1141 4229 in
1169 4177 1260 4245 temp<

138 4254 196 4296 non
213 4241 280 4297 suut
299 4235 341 4295 eis
363 4233 498 4310 optanda,
525 4234 581 4294 nisi
602 4239 726 4311 quedem
781 4244 881 4301 treme
907 4242 1084 4303 necessitatis
1116 4243 1260 4318 obligatur

78 4500 239 4638 ’Ἰ
