2790 4912
263 230 303 284 hl
329 229 523 289 trultrlolll
549 232 644 295 teum
669 229 703 285 tlt
729 231 848 287 lllillll.
1125 236 1171 293 ω

63 355 90 403 n,
105 353 159 409 per
171 353 204 395 sc
217 336 368 407 lectorum,
381 337 448 411 quia
460 344 529 398 ante
556 344 559 411 l
586 339 630 399 rio
652 340 714 412 cius
730 339 768 397 ad
781 354 902 411 regnum
916 342 1053 399 eoelorum
1073 343 1172 402 erudi·

63 415 126 466 runt
144 409 228 480 signa
253 424 305 481 per
320 410 434 467 Patrem
453 410 530 468 laeta
556 416 559 473 l
585 413 718 470 ebantur.
735 431 749 461 u

63 483 183 537 sumllt
200 481 264 538 ideo
279 480 381 538 lalsum
395 485 440 538 est
472 482 530 539 uod
556 478 558 517 ¹
624 504 656 540 ιο
670 483 778 540 Nurrns
792 498 1002 545 oumnurmcns.
1017 516 1049 528 ··
1063 487 1173 545 Notan-

63 554 93 609 lc
112 551 203 624 signis
224 551 389 634 puerilibus,
406 551 436 609 iu
453 497 530 611 irhro
585 554 652 611 dnm
668 552 714 610 hie
731 554 818 625 quod,
834 555 989 613 seeundum
1008 557 1172 630 quadrupli·

63 624 110 680 itia
134 624 300 694 salvatoris,
315 627 344 679 et
358 623 388 679 in
403 625 529 696 Evange·
585 641 647 683 eenr
669 640 785 682 sensum
809 642 898 685 sacra
919 627 1082 701 Scriptura,
1104 645 1174 702 qua·

63 711 204 752 rraeorum.
218 694 294 752 Fecit
307 699 403 776 autem
420 696 484 765 hoe,
500 700 531 752 io
585 695 726 778 drupliees
744 702 810 754 sunt
829 698 945 771 nuptiae,
965 700 1072 759 scilicet
1089 717 1172 759 :car-

65 767 113 823 illa
134 765 259 838 quadam
279 765 433 838 provinciae
450 767 529 825 Coti·
586 768 660 825 nalis
671 767 869 840 copulationis,
887 771 1043 829 secundum
1057 787 1174 831 sensum

63 855 119 910 qua
130 837 209 904 villa,
221 835 380 895 ostenditur
388 837 467 897 locus
482 837 530 896 ubi
585 839 752 908 litteralem
773 840 876 899 divina
895 842 1111 912 incarnationis,
1128 860 1173 902 se·
1249 852 1252 856 ’

63 917 81 966 rt
106 908 226 980 hydriae,
244 912 273 966 et
298 908 453 965 triclinium
481 908 529 967 ubi
585 911 833 970 cundumsensum
851 912 1048 985 allegoricum
1061 914 1174 988 spiritu

63 986 83 1037 rt
104 996 225 1047 mensam
250 985 279 1037 ct
297 979 480 1038 descenditur
494 981 530 1038 ad
585 981 639 1040 alis
649 982 856 1054 coniunctionis
887 985 1042 1043 secundum
1057 1001 1174 1046 sensum

63 1052 151 1133 dures
160 1051 276 1133 gradus,
289 1053 342 1108 suh
356 1056 444 1133 terra,
459 1051 531 1134 sieut
585 1053 806 1126 tropologicum,
818 1061 848 1112 et
859 1025 950 1114 ireatae
963 1056 1117 1126 fruitionis,
1132 1074 1175 1115 se-

73 1124 203 1196 plurrhus
225 1122 289 1179 alus
310 1120 380 1179 lons
408 1130 530 1191 sanchs;
586 1126 711 1183 cundum
723 1141 839 1183 sensum
854 1128 1053 1200 anagogicum.
1063 1131 1103 1187 lle
1116 1128 1175 1202 pri·

63 1200 104 1250 rte
119 1193 222 1251 accidit
239 1197 356 1276 propter
370 1194 532 1276 frequentes
588 1197 642 1254 mis
657 1196 771 1268 nuptiis,
790 1197 827 1254 ad
841 1196 976 1266 litteram,
992 1204 1036 1257 est
1054 1214 1175 1272 evauge-

63 1266 149 1322 :iones
166 1271 194 1322 et
207 1263 406 1322 nnumlactas
422 1266 530 1324 inillis.
588 1268 656 1324 lium
677 1283 814 1339 praesens.
835 1270 900 1326 letis
914 1269 1020 1342 nuptiis
1038 1269 1176 1334 interesse

63 1340 183 1405 {scotavit
205 1352 257 1408 per
271 1336 325 1393 hoc
340 1335 452 1407 signum
477 1340 535 1406 plo-
588 1339 694 1396 debent
707 1340 919 1408 llaterlesu,el
930 1340 991 1412 ipse
1001 1342 1096 1409 lesus,
1111 1356 1177 1398 cum

63 1426 117 1473 um,
134 1408 163 1463 id
176 1413 218 1464 est
230 1406 383 1479 gloriosam
398 1409 534 1466 latentem
589 1409 658 1467 disci
680 1408 734 1467 ulis
756 1409 830 1480 suis;
851 1426 903 1484 per
932 1411 1002 1469 istos
1025 1417 1083 1467 tres
1101 1409 1178 1469 enim

63 1497 74 1537 e
93 1479 240 1547 deitatem,
255 1484 284 1534 et
297 1493 349 1551 per
362 1479 476 1538 deitatis
490 1496 536 1552 po
589 1425 787 1552 inteliiguntur
811 1482 868 1541 tria
892 1483 968 1540 bona
991 1480 1176 1540 matrimonii.

64 1567 230 1625 ,perquam
243 1550 391 1620 haeserit,
406 1556 434 1609 et
450 1568 535 1623 quam
591 1552 717 1610 Primum
739 1553 847 1611 bonum
870 1559 913 1611 est
938 1554 1010 1610 fides
1029 1552 1178 1624 castitatis,

63 1640 84 1680 rs
99 1628 144 1680 est
157 1639 165 1690 ;
180 1621 334 1679 ostendens
344 1638 395 1693 per
404 1622 536 1680 ellectum
590 1624 666 1695 quod
680 1624 822 1695 significat
845 1630 924 1681 easta
942 1627 1033 1682 ltlater
1046 1624 1178 1696 Domini;

68 1693 192 1762 virtutis,
214 1693 290 1765 quod
310 1692 370 1765 ipse
391 1699 466 1752 esset
480 1697 536 1751 llo·
591 1695 746 1753 secundum
764 1700 807 1753 est
823 1702 1032 1754 sacramentum
1048 1713 1055 1752 :
1072 1695 1180 1779 signill-

68 1765 207 1821 rirtulum
238 1768 267 1822 el
291 1765 349 1822 Rex
372 1765 482 1837 gloriae,
509 1771 537 1824 et
591 1774 637 1824 cat
666 1766 742 1823 enim
767 1767 998 1839 conjunctionem
1025 1766 1180 1824 diurnitatis

63 1854 99 1893 se
116 1842 192 1893 esset
206 1838 332 1908 Sponsus
345 1837 493 1905 Ecclesiae3
509 1840 537 1893 et
591 1843 620 1896 et
635 1836 821 1895 humanitatis
834 1838 864 1894 in
876 1838 999 1907 Christo,
1012 1839 1056 1895 vel
1076 1837 1179 1897 Christi

63 1925 101 1965 »se
123 1914 197 1964 esset
212 1907 260 1989 qui
282 1914 383 1965 cuncta
400 1925 432 1965 er
448 1908 537 1964 nihilo
592 1916 620 1967 et
634 1909 777 1978 Ecclesia,
793 1925 878 1981 quam
892 1927 1002 1968 sacram
1015 1925 1076 1968 rem
1095 1908 1181 1981 signi·

63 1995 166 2048 reare,
182 1994 228 2049 qur
242 1979 340 2047 eliam,
353 1978 426 2038 sicut
441 1979 537 2037 Domi·
593 1982 660 2037 hrat
679 1985 709 2038 el
729 1981 816 2039 eilleit
838 1981 975 2052 Christus,
990 1981 1038 2054 qui
1053 1980 1181 2038 interluit

63 2051 147 2107 ¹ando
167 2049 264 2119 voluit,
286 2050 377 2122 potuit
395 2051 537 2108 elementa
594 2052 712 2124 nuptiis3
729 2053 845 2116 tertium
859 2059 902 2111 est
917 2054 1011 2127 proles
1026 2052 1180 2126 suscipien·
1201 2095 1203 2100 -

66 2138 113 2188 re3
141 2120 294 2179 ostendens
311 2121 361 2190 ita,
381 2122 537 2179 secundum
593 2124 640 2192 da,
656 2129 684 2181 et
696 2124 843 2183 educanda
854 2125 884 2184 in
902 2126 958 2182 fide
975 2125 1089 2194 Christi,
1105 2123 1181 2197 quod

66 2199 181 2261 tomum,
194 2192 330 2264 quoniam
344 2193 405 2265 ipse
420 2200 473 2262 est,
489 2192 537 2264 qui
593 2194 756 2266 significant
768 2195 872 2254 Christi
882 2195 1022 2268 discipuli.
1037 2229 1062 2237 α
1079 2198 1182 2255 Secun·

63 2281 72 2320 ι
88 2279 192 2334 aquarn
208 2270 392 2333 transmutat,
409 2264 537 2337 pluviam
594 2267 638 2322 dae
651 2267 756 2347 nuptiae
769 2266 928 2337 allegoricae
941 2271 1007 2323 suut
1020 2266 1124 2323 divinus
1139 2269 1183 2323 ln·

63 2335 134 2391 icem
148 2335 179 2390 in
191 2334 289 2391 vinum
299 2335 394 2405 vertit,
406 2336 538 2407 quodque
594 2337 776 2394 carnationis.
785 2339 815 2394 ln
826 2337 870 2393 his
884 2336 993 2409 nuptiis
1005 2352 1125 2409 sponsus
1139 2340 1183 2394 est

63 2413 114 2463 uta
151 2421 203 2478 per
241 2406 363 2463 multum
399 2407 536 2480 temporis
595 2407 896 2477 Filiusllei,llerhum
919 2413 1077 2474 aelernum;
1099 2422 1183 2479 spen-

63 2478 98 2534 ris
121 2477 164 2545 lit,
193 2478 247 2534 hoc
265 2483 382 2550 reponte
402 2480 489 2536 semel
509 2478 538 2534 iu
595 2496 626 2536 sa
639 2478 1051 2548 vero,humananatura.lnhis
1065 2477 1181 2548 nuptiis,

63 2555 194 2620 operatus
208 2553 261 2608 est.
596 2549 719 2607 totaliter
735 2548 788 2606 luit
804 2552 894 2606 lllater
911 2552 990 2616 lesu,
1014 2553 1042 2606 et
1061 2548 1121 2620 ipse
1134 2551 1182 2606 le·

63 2637 147 2677 mrum
161 2637 188 2675 ru
203 2638 264 2676 rme
278 2639 491 2678 courrnunrrrun.
504 2649 539 2663 -
595 2638 653 2690 sus,
668 2626 695 2677 el
706 2619 836 2692 discipuli
851 2621 914 2691 ejus
926 2619 1022 2688 luturi,
1039 2635 1111 2701 quos
1123 2621 1183 2701 elo·

63 2726 64 2733 ι
87 2691 225 2748 miraculo
240 2695 415 2749 crediderunt
433 2696 462 2748 in
478 2709 538 2748 ειιιιι
595 2692 635 2765 git
655 2693 683 2749 ln
712 2691 785 2764 ipso,
813 2697 880 2750 ante
907 2690 1005 2749 mundi
1022 2693 1182 2748 constitutr-

63 2767 79 2820 'i
94 2764 164 2833 ejus,
180 2763 286 2822 scilicet
307 2763 400 2835 nragis
418 2764 540 2820 firmiter
594 2780 688 2822 onem.
705 2765 811 2821 llarum
826 2780 893 2820 vero
909 2763 1072 2834 nuptiarum
1088 2762 1182 2844 proles

63 2837 137 2901 ecte,
160 2849 245 2905 quam
268 2841 334 2894 ante
358 2835 536 2892 miraculum.
595 2842 661 2892 sunt
679 2850 779 2892 omnes
792 2835 841 2907 qui
853 2835 973 2893 eredunt
988 2834 1018 2891 in
1034 2849 1110 2891 eum.
1125 2833 1182 2890 th·

63 2904 164 2963 tenim
175 2921 281 2976 pancos
293 2906 538 2988 discipulos,sicul
576 2914 648 2976 ¹ter,
668 2906 730 2964 istas
747 2907 853 2980 nuptiae
875 2905 1027 2978 allegorice
1051 2905 1184 2963 dicuntur

63 2993 133 3043 ines,
156 2993 227 3047 quos
246 2979 423 3036 familiariter
453 2978 537 3034 dore·
594 2995 658 3035 esse
678 2977 752 3035 inter
773 2978 916 3037 Christum
932 2994 1068 3052 sponsum
1089 2981 1118 3034 et
1135 2979 1184 3034 Ee·

65 3066 83 3104 n
118 3054 214 3105 tamen
235 3050 275 3106 sic
307 3048 538 3121 inseparabiliter
595 3050 865 3123 clesiamsponsam,
881 3067 1001 3124 quarum
1020 3049 1183 3122 nuptiarum

63 3125 136 3188 nles,
147 3124 175 3175 et
186 3122 310 3193 perfecte
318 3121 539 3189 eredentessie·
595 3122 689 3203 proles
704 3127 770 3179 sunt
786 3139 887 3181 omnes
901 3123 1011 3190 fideles,
1026 3126 1055 3179 et
1070 3119 1183 3200 reditin

64 3196 76 3247 t
114 3190 312 3250 miraculum:
339 3193 389 3250 sed
421 3191 470 3263 qui
498 3190 538 3247 illi
594 3193 747 3249 rdemcum
762 3194 822 3265 jam
841 3193 1006 3266 praemissis.
1030 3222 1066 3233 —
1083 3193 1184 3248 Tcrlrae

64 3261 235 3331 ,nescimus
248 3265 329 3322 Unde
346 3263 478 3321 dicuntur
495 3262 538 3319 di·
595 3266 700 3391 nuptie
724 3269 791 3320 sunt
815 3263 1008 3343 tropologicae,
1026 3259 1182 3341 spiritualis

63 3340 176 3405 propter
185 3335 326 3405 notitiam,
338 3341 367 3393 et
381 3334 537 3405 sequelam,
594 3335 620 3390 ri
642 3334 941 3404 elicetcoujunctrours
951 3334 1001 3388 ller
1013 3335 1042 3388 el
1056 3344 1158 3410 anrmae
1173 3345 1181 3397 ;

63 3421 128 3462 uum
150 3403 226 3464 inter
247 3406 392 3465 Christum
415 3411 443 3462 et
462 3405 539 3486 ipsos
596 3406 622 3462 in
652 3405 697 3460 his
721 3403 827 3475 nuptiis
846 3402 1006 3461 consistunl
1028 3404 1083 3457 trra
1106 3399 1183 3459 bona

63 3493 84 3545 ι;
97 3477 395 3550 velquiapostluturi
408 3474 539 3548 discipuli
595 3473 719 3547 conjugii
751 3492 759 3532 z
786 3475 870 3544 fides,
893 3473 997 3547 proles,
1017 3486 1184 3529 sacramen·

75 3547 113 3604 ad
128 3550 243 3607 verbum
258 3549 337 3607 enim
349 3547 465 3606 loannis
478 3548 540 3619 plu·
595 3553 665 3604 tum.
686 3578 720 3588 -
734 3548 847 3615 Quartae
868 3545 976 3619 nuptiae
992 3547 1060 3601 sunl
1079 3558 1183 3626 anago-

62 3635 73 3674 ι
87 3623 195 3678 occulte
214 3621 380 3688 audiebant,
400 3618 447 3691 qui
462 3623 539 3691 post·
596 3618 666 3690 gieta
681 3622 710 3675 et
723 3620 864 3688 coelesles,
879 3617 909 3674 in
924 3617 1029 3690 quihus
1047 3614 1182 3698 gaudium

63 3693 195 3749 ⁸omnino
209 3709 274 3749 eum
287 3691 459 3749 seculisuul.
474 3691 541 3747 Pot-
597 3696 725 3749 nostrum
749 3689 802 3748 erit
821 3690 946 3761 plenum.
969 3688 1048 3746 Unde
1063 3704 1093 3744 ιιι
1107 3688 1183 3762 ltpo·

63 3779 98 3820 tm
116 3764 183 3833 diei,
201 3764 277 3836 quod
296 3762 442 3845 aliqui,de
455 3778 540 3830 novo,
596 3761 702 3834 eclypsi
726 3779 733 3818 :
752 3762 936 3825 Gaudeamus.
960 3766 986 3817 et
1006 3761 1182 3825 occultemus,

86 3836 283 3904 erediderunt;
300 3840 329 3893 et
344 3834 385 3891 uli
402 3832 450 3905 qui
463 3832 541 3904 prius
596 3840 621 3890 et
636 3838 732 3890 demus
743 3837 862 3903 aleriam
875 3837 928 3890 lleo
944 3855 951 3890 :
968 3834 1037 3903 puio
1054 3831 1185 3887 uenerem

64 3914 139 3977 rant,
159 3915 188 3966 ut
213 3907 342 3964 Andreas
365 3904 470 3986 etalii,
487 3919 540 3975 per
595 3909 701 3976 nuptia
711 3905 798 3975 aqna,
814 3911 842 3961 et
855 3921 927 3963 scor
940 3904 1001 3986 ejus
1014 3901 1185 3983 praeparauit

69 3979 127 4037 ilde
146 3979 259 4036 solidati
275 3978 400 4037 luerunt.
415 3977 468 4034 Ubi
482 3978 542 4033 Aa·
596 3993 634 4033 ae.
650 3978 692 4034 hd
707 3978 760 4034 has
779 3993 818 4034 nu
839 3975 894 4033 tias
916 3992 976 4034 non
993 3977 1112 4041 intrant,
1129 3985 1185 4028 nrsr

63 4066 100 4106 s:
120 4050 289 4123 «Scriptura
303 4066 360 4109 uon
374 4048 467 4107 solum
478 4047 544 4104 illos
598 4047 684 4116 beati,
711 4047 760 4120 qui
798 3992 838 4106 ai
872 4061 984 4106 coenam
1020 4043 1185 4129 nuptiarum

66 4137 98 4178 os
108 4122 233 4204 appellat
243 4121 312 4179 disci
334 4121 399 4180 ulos
412 4120 487 4201 eius,
493 4118 544 4175 sed
597 4118 670 4192 agni
685 4117 776 4177 vocati
790 4124 866 4191 suut,
878 4120 977 4203 quales
990 4122 1185 4186 suntrrrgmes

66 4193 115 4265 uui
129 4209 236 4254 meum
253 4209 301 4253 cre
322 4197 403 4253 entes
413 4194 545 4264 maante
598 4190 763 4264 prudentes,
801 4207 865 4264 qua
904 4191 1082 4250 intraverunt
1120 4195 1185 4243 cum
