2790 4912
320 107 361 161 Dii
388 109 673 164 suessionibus
701 107 819 162 bouill
848 108 880 161 lli
906 108 1077 163 rubebunt.
1274 116 1317 168 tor

10 222 26 279 ζ.
112 216 178 279 leus,
191 209 218 268 in
232 211 363 269 manibus
374 213 546 286 bajulamus,
560 220 590 272 et
601 231 665 288 pro-

26 298 30 303 ·
112 282 238 342 oudonem
259 282 396 341 facientes
410 301 500 358 usque
519 287 556 343 ad
575 287 665 343 altare

14 362 18 369 '
113 352 234 412 monus
266 358 295 411 et
322 356 480 425 ollerimus,
505 358 665 415 recolentes

16 479 24 483 -
112 424 161 482 illud
173 425 261 482 lumen
278 425 424 484 incllabile
444 430 519 499 quod
534 428 621 485 Maria
635 434 664 486 et

10 506 14 511 '
113 496 197 555 suen
212 496 351 555 hodierna
369 498 416 555 die
434 504 619 570 portaverunt
633 499 663 557 in

15 579 18 583 ·
113 567 219 625 mnibus.
237 570 307 651 §unt
334 569 411 626 enim
433 569 488 653 tria
514 571 543 627 in
568 587 662 640 cereo,

112 640 423 794 bidelltilfltl
436 642 663 796 blitilde

10 788 25 839 ·,
57 798 61 809 ·
112 794 197 861 arnoni
207 782 320 851 Christi,
335 798 398 854 quie
415 789 483 840 nata
496 790 540 840 est
551 784 588 841 de
602 787 662 841 Vir-

10 904 13 909 .
111 865 160 921 gne
179 852 257 909 llario
285 853 348 911 siue
376 854 572 926 corruptione,
590 855 662 912 sicut

53 948 60 959 ·
112 934 163 993 spes
177 939 261 980 ceram
277 924 408 1007 gignunt,
429 925 492 982 siue
511 927 663 984 alterutro·

11 1048 15 1053 .
53 1026 58 1033 ·
110 995 362 1053 rmirommixtione.
378 996 500 1054 lichnus
518 1003 613 1054 autem
630 997 661 1055 in

110 1063 253 1147 mulabus,
264 1066 405 1138 significat
417 1067 543 1125 animam
556 1067 660 1126 Christi

14 1140 23 1177 '-
111 1134 315 1215 mndidssimam,
339 1138 368 1195 in
397 1155 484 1196 carne
512 1139 658 1197 latentem.

12 1220 23 1263 .·
110 1204 308 1285 lgnumro,sive
317 1210 422 1278 lumen,
434 1209 576 1280 significat
587 1211 659 1268 divi·

10 1284 22 1335 ,·
110 1278 298 1351 mtiieu3qnia,
310 1284 382 1337 Deus
395 1287 496 1345 noster,
509 1285 584 1351 ignis
599 1299 659 1339 eon-

10 1412 16 1421 ·
111 1356 245 1406 animost.
263 1353 318 1407 Per
329 1352 389 1408 liaec
405 1351 660 1425 etiamtriapotest

111 1414 200 1477 'liinitas
211 1421 366 1495 designari.
383 1423 463 1480 Unde
477 1423 523 1480 bie
538 1440 656 1484 uersus:

134 1561 190 1630 lero,
198 1567 285 1634 (oeus,
297 1566 429 1630 lichnum,
441 1569 498 1622 trio
508 1571 573 1623 sunt
584 1582 660 1624 mon·

396 1637 528 1709 [sanatio
543 1640 656 1695 trinum.

107 1766 155 1827 lun
175 1779 265 1833 autem
293 1777 463 1849 perveniunt
488 1780 525 1837 ad
554 1781 657 1850 altare,

104 1837 241 1926 lilerium
249 1849 657 1921 reverentiagenuellectit,et

103 1906 289 1992 Dloebmimum
305 1920 406 1977 Filium
426 1937 508 1978 suum
524 1925 581 1979 Deo
602 1925 657 1979 Pa-

101 1982 183 2044 lnsuo
201 2005 287 2062 super
305 1991 396 2048 ellare
413 1992 507 2048 ollert.
525 1994 657 2050 Priesen-

98 2052 155 2135 tibit
171 2059 233 2131 ipsa
251 2062 335 2119 beata
354 2062 439 2134 Virgo
459 2065 582 2120 Puerum
605 2066 657 2121 Do·

95 2135 163 2197 mio,
188 2132 296 2203 gratias
321 2148 407 2205 agens
429 2135 488 2191 Deo
513 2135 591 2192 Patri
621 2135 657 2192 de

91 2207 188 2259 ninere
207 2208 299 2273 tantu,
315 2205 391 2276 quod
410 2204 472 2276 ipsa
486 2205 572 2278 Virgo
590 2221 657 2263 enm

86 2279 241 2399 ςυιὲεεηῑ
253 2279 282 2330 et
295 2282 455 2348 pepererat,
466 2282 496 2333 et
510 2278 585 2349 quod
594 2277 657 2350 ipsa

10 2406 17 2433 t
83 2352 106 2395 u
199 2344 279 2426 prole
303 2346 480 2417 dignissima,
501 2349 559 2406 Deo
578 2348 655 2406 Patri

10 2444 14 2453 ·
78 2417 309 2473 communicabat.

10 2522 22 2549 ,.
104 2503 138 2541 ao
154 2485 393 2544 Pnesnurnriouis
410 2505 511 2547 causis.
526 2520 562 2532 -
575 2491 652 2546 Pras·

71 2555 191 2613 eentalio
204 2557 281 2615 enim
293 2575 445 2631 puerorum
455 2561 492 2618 ad
504 2562 652 2633 templum,

67 2632 213 2700 precepta
235 2635 297 2686 erat
316 2635 432 2756 propter
448 2636 508 2689 tres
528 2647 650 2689 causas:

66 2700 139 2767 lum,
157 2703 189 2755 ut
207 2715 241 2757 eii
260 2702 314 2757 boc
332 2718 361 2757 in
373 2717 427 2759 ans
445 2703 564 2760 Domino
583 2719 652 2759 eon·

66 2775 247 2839 sectaretum
266 2776 338 2840 tuni,
358 2778 387 2830 ut
406 2790 458 2846 per
475 2775 529 2831 boc
549 2773 652 2830 divinae

63 2839 205 2922 mistodiae
235 2844 498 2913 commendaretnr3
529 2849 600 2913 tum,
623 2850 654 2902 ut

63 2914 324 2981 gratiarumactio
352 2917 410 2972 Deo
438 2916 615 2985 redderetur,
636 2932 653 2974 a

62 2995 124 3053 quo
138 2982 198 3040 tale
209 2984 314 3042 donum
329 2992 461 3058 parentes
471 2993 651 3059 acceperunt,

63 3056 122 3108 etc.
159 3055 215 3111 Sed
266 3056 347 3114 rimae
374 3057 439 3114 duce
471 3074 564 3115 causae
594 3074 653 3115 non

62 3122 215 3181 habebant
241 3072 335 3184 fiscum
367 3128 397 3185 iu
426 3129 555 3210 Christo,
585 3129 653 3201 quia

61 3208 133 3276 mox
152 3204 304 3270 conceptus
321 3199 351 3255 in
367 3204 457 3269 utero,
477 3200 529 3257 luit
546 3199 652 3272 plenis·

61 3279 141 3348 sime
154 3267 213 3323 Deo
227 3276 418 3339 consecratus,
440 3275 469 3327 et
484 3270 588 3327 diriiiae
603 3288 652 3327 cu-

62 3335 179 3407 stodiae,
192 3353 245 3410 per
257 3340 412 3398 divinitatis
426 3341 561 3398 unionem
574 3358 651 3398 com·

61 3407 236 3479 mendatus3
252 3411 303 3468 sed
312 3413 396 3469 tertia
410 3428 495 3470 causa
508 3412 652 3486 praecipue

61 3476 161 3536 locum
189 3482 289 3539 babuit
314 3483 343 3539 in
374 3483 496 3552 Christo,
536 3500 568 3540 ro
595 3499 652 3555 qua

61 3548 150 3632 beata
162 3552 249 3625 Virgo
261 3554 369 3626 gratias
383 3571 469 3626 agere
482 3500 578 3612 deguit
592 3557 650 3612 Deo

62 3618 145 3677 Petri
164 3636 223 3694 prae
237 3626 371 3683 omnibus
390 3626 537 3694 matribus,
553 3631 649 3699 utpote

61 3704 130 3763 quae
158 3708 224 3751 eum
250 3695 386 3769 singulari
407 3697 561 3780 privilegio
585 3714 650 3754 cnu-

61 3761 141 3835 eepit
171 3770 200 3821 et
224 3766 344 3851 peperit.
363 3769 435 3836 Quid
465 3774 560 3825 auteni
587 3768 649 3841 ipsa

61 3836 133 3891 lune
159 3844 298 3907 oraverit,
328 3839 430 3910 quidve
447 3839 559 3910 dixerit,
578 3839 648 3896 scri-

60 3908 144 4031 flium
158 3922 216 3964 non
227 3908 383 3979 babemus3
399 3911 449 3968 sed
460 3911 531 3967 lorte
544 3910 649 3968 similia

83 3990 109 4033 is
121 3979 221 4049 rerba,
231 3981 332 4038 saltem
345 3998 396 4038 ore
405 3982 509 4050 cordis,
519 3981 646 4040 dicebat:

62 4046 146 4120 Ecce,
175 4051 307 4125 Domine,
334 4058 430 4111 sancte
457 4055 551 4122 Pater,
573 4068 646 4125 prae·

728 218 810 271 sento
825 213 876 271 tibi
894 212 994 269 Filium
1011 220 1100 283 tuum,
1115 231 1133 272 a
1147 222 1174 273 te
1191 223 1312 276 aeterna·

728 285 793 341 liter
805 284 943 356 genitum,
959 289 987 341 et
1006 284 1042 342 de
1057 301 1102 343 me
1116 289 1312 360 temporaliter

728 361 838 425 natum,
852 372 920 427 ergo
939 361 1080 428 praesento
1097 357 1148 415 tibi
1165 376 1242 428 eum,
1262 362 1309 443 qui

727 427 778 484 tibi
790 443 903 499 semper
921 432 963 483 est
976 444 1112 499 praesens.
1130 430 1242 488 Gratias
1259 432 1310 489 tibi

726 515 791 570 ago,
807 498 881 570 quod
897 514 962 555 eum
977 503 1025 555 tuo
1048 515 1165 558 munere
1184 502 1225 558 sic
1242 520 1309 560 con-

726 569 787 643 cepi
813 569 991 638 mirabiliter,
1007 575 1036 627 et
1059 570 1240 630 inellabiliter
1258 590 1310 646 pe·

725 640 835 713 peri.D
863 647 959 697 sancte
988 643 1082 709 Pater,
1104 644 1179 699 bunc
1208 644 1308 702 Filium

724 717 805 769 tuum
814 715 844 769 et
856 728 960 782 meum,
971 712 1022 769 tibi
1035 713 1124 770 ollero
1135 715 1308 773 oblationem

725 799 839 851 novem,
858 785 946 840 Deum
969 800 1034 840 caro
1059 784 1173 853 lactum,
1189 786 1236 858 qui
1256 803 1309 860 pro

725 854 817 911 salute
832 854 929 911 muudi
938 855 1085 912 oblaturus
1098 863 1141 913 est
1149 857 1200 914 tibi
1208 863 1310 914 semet-

724 925 733 980 i
755 926 836 982 suml
860 927 882 983 0
909 925 1002 997 qualis
1029 931 1073 982 est
1101 928 1155 983 ista
1176 929 1306 986 oblatiol

749 1012 884 1067 uniquam
899 996 963 1053 talis
983 997 1056 1053 lacta
1073 1014 1090 1053 a
1108 999 1213 1055 seculo.
1229 999 1308 1058 Unde

723 1069 910 1123 Ber-nardus:
941 1089 956 1118 «
981 1069 1059 1124 Oller
1084 1068 1194 1137 Filium,
1222 1069 1307 1142 Virgo

724 1153 815 1206 sacra,
836 1143 864 1193 et
890 1137 1070 1194 benedictum
1098 1139 1308 1198 lruetum‘ven-

723 1209 774 1266 tris
805 1208 845 1265 tui
871 1208 990 1265 Domino
1014 1215 1197 1281 repraesenta.
1218 1211 1306 1281 Oller,

723 1280 759 1337 ad
787 1285 914 1336 nostram
947 1279 1075 1336 omnium
1103 1281 1307 1339 reconciliatio-

721 1367 800 1421 nem,
814 1351 937 1408 bostiam
963 1356 1090 1407 sanctam
1115 1354 1172 1407 Deo
1191 1353 1305 1424 placen·

721 1428 779 1479 tem
798 1440 805 1478 :
824 1444 838 1472 »i
867 1423 928 1479 haec
946 1424 1113 1478 bernardus.
1136 1422 1232 1480 Voluit
1255 1440 1305 1481 au-

722 1498 779 1550 tem
799 1494 925 1551 Christus
945 1496 1002 1550 Deo
1027 1493 1103 1550 Patri
1127 1494 1304 1566 praesentari,

721 1564 768 1636 qui
799 1579 955 1637 numquam
985 1566 1022 1621 ab
1053 1567 1115 1637 ejus
1144 1566 1306 1638 aspectibus

719 1635 811 1705 latuit,
831 1636 914 1693 nobis
933 1635 961 1691 in
981 1637 1154 1708 exemplum3
1179 1642 1208 1693 ut
1234 1637 1308 1694 sicut

719 1723 777 1764 nou
796 1707 889 1779 gratia
912 1706 955 1763 sui
979 1709 1053 1764 Deus
1076 1709 1165 1764 lactus
1187 1713 1230 1764 est
1253 1710 1306 1765 bo-

719 1794 777 1847 mo,
793 1778 843 1835 sed
861 1783 891 1835 nt
910 1795 962 1834 nos
981 1794 1032 1850 per
1055 1781 1177 1850 gratiam
1200 1780 1306 1837 laceret

719 1848 803 1931 deos,
832 1865 884 1906 nec
917 1855 1034 1977 propter
1062 1867 1092 1907 sn
1120 1850 1305 1933 circumcisus

719 1925 762 1977 est
777 1937 806 1976 in
821 1936 917 1989 carne,
935 1937 965 1977 se
1006 1926 1035 1977 ut
1049 1938 1102 1978 nos
1118 1922 1304 1993 spiritualiter

719 1990 971 2061 circumcidamur;
994 1991 1035 2048 sic
1059 1999 1175 2064 propter
1192 2009 1246 2049 iios
1263 1992 1303 2049 si·

718 2062 802 2119 stitur
815 2063 945 2131 Domino,
962 2068 991 2119 ut
1006 2063 1149 2120 discamus
1159 2065 1216 2120 Deo
1228 2079 1302 2136 prae-

718 2138 832 2190 seutare
846 2133 985 2205 nosipsos.

755 2225 784 2261 ii
808 2207 931 2261 Douiuns
952 2222 1071 2268 ouiuoon
1091 2222 1172 2260 siciis
1194 2223 1302 2262 anuini-

717 2293 778 2332 rnn.
804 2307 840 2318 -
866 2275 972 2332 Deinde
997 2276 1173 2331 advocantur
1206 2292 1300 2333 sacer·

717 2346 809 2415 dotes,
821 2352 849 2403 et
859 2345 1008 2402 redimitur
1016 2345 1151 2400 Dominus
1160 2345 1299 2416 omnium,

717 2415 1301 2489 tamquamserrus,quiuquesiclisargen·

716 2488 780 2556 teis,
793 2488 859 2560 quia
867 2493 928 2544 orat
936 2486 1141 2560 primogenitus
1155 2504 1162 2542 :
1178 2486 1299 2558 quisque
1313 2548 1315 2552 Α

716 2562 792 2615 euim
803 2558 880 2615 siclis
891 2558 1015 2631 quinque
1025 2557 1168 2629 argenteis
1180 2557 1300 2616 redime-

715 2631 799 2687 batur
825 2630 1041 2704 primogenitus.
1071 2633 1104 2686 Et
1127 2635 1189 2686 eret
1214 2629 1300 2688 siclus

714 2714 806 2774 genus
816 2708 948 2771 monetae,
960 2701 1059 2759 obolos
1071 2701 1168 2773 viginti
1180 2702 1299 2759 babens.

716 2773 854 2845 Praecepit
873 2774 978 2856 quippe
1000 2775 1054 2830 Lex
1068 2772 1298 2855 omnemasculi·

715 2845 1073 2916 numprimogenitumtam
1085 2846 1300 2915 hominisquam

714 2916 836 2987 pecoris,
855 2922 985 2973 sanctum
1005 2916 1124 2972 Domino
1144 2914 1250 2983 vocari,
1271 2915 1300 2972 id

714 2992 757 3043 est
767 2987 888 3043 Domino
896 2987 1065 3043 sanctificari
1079 2993 1106 3042 et
1120 2986 1298 3056 presentari,

714 3072 747 3114 ac
770 3058 978 3115 sauctilluatum
1002 3062 1031 3113 et
1056 3056 1219 3112 dedicatum
1245 3058 1298 3113 Do·

714 3128 791 3184 mino
817 3128 883 3198 diri,
909 3132 937 3184 et
964 3126 1121 3183 sacerdotis
1148 3141 1230 3193 esse;
1256 3126 1297 3182 ita

714 3199 790 3271 quod
802 3198 1007 3270 primogenitus
1022 3198 1057 3254 de
1072 3195 1148 3277 tribu
1159 3194 1223 3277 Levi
1239 3212 1298 3255 uon

713 3270 911 3338 redimeretur,
940 3269 989 3325 sed
1018 3268 1048 3325 in
1080 3272 1239 3324 ministerio
1268 3272 1297 3324 et

714 3340 828 3398 servitio
842 3341 943 3396 domus
958 3339 1056 3407 David,
1068 3338 1174 3395 scilicet
1185 3338 1295 3411 templi,

713 3427 825 3483 semper
851 3418 879 3468 et
898 3417 1033 3484 perpetuo
1054 3414 1215 3480 teneretur;
1239 3409 1297 3483 pri·

712 3481 886 3555 mogenitum
899 3499 965 3540 vero
980 3482 1015 3539 de
1028 3481 1091 3538 aliis
1101 3481 1232 3539 undecim
1246 3480 1295 3538 tri-

712 3556 814 3625 bubus,
841 3554 973 3611 sacerdos
993 3553 1094 3610 redimi
1119 3554 1242 3621 laceret3
1267 3557 1296 3610 et

711 3625 802 3697 pretio
815 3631 942 3698 accepto,
957 3625 1027 3682 illud
1037 3625 1072 3682 ad
1086 3623 1201 3696 propria
1215 3639 1233 3705 a
1247 3640 1295 3697 pa-

711 3697 840 3755 rentibus
853 3696 953 3755 relerri
972 3696 1165 3769 permitteret,
1185 3710 1294 3768 primo-

711 3768 840 3895 ἱοιιιῑιιιιι
876 3784 988 3840 quoque
1016 3767 1146 3825 animalis
1176 3765 1293 3837 muudi,

736 3855 769 3896 eo
784 3840 916 3908 ollerret;
932 3839 1071 3896 immundi
1086 3854 1152 3895 vero
1169 3842 1218 3919 aut
1232 3853 1295 3908 pre·

711 3909 749 3966 tio
775 3909 878 3967 redimi
896 3917 946 3967 aut
965 3911 1070 3967 mundo
1099 3912 1293 3989 mutari,·aut

710 3980 800 4037 occidi
831 3981 945 4039 laceret.
979 3985 1027 4039 Est
1055 3987 1151 4038 autem
1186 3978 1292 4036 animal

709 4052 846 4110 mundum
872 4053 909 4110 ad
935 4053 1125 4122 ollerendum,
1152 4050 1290 4108 mundum
