2790 4912
79 313 121 367 DE
147 311 350 366 resultoblo
376 311 515 365 tolhuls
541 314 581 367 ll!
608 312 753 368 ouulsro
779 311 837 367 Dlll
862 313 961 368 hono.

57 423 76 475 st
104 416 298 483 institutionis,
325 432 410 488 quarn
436 418 488 474 ba·

57 496 100 545 tus
112 489 190 546 solus
204 488 252 559 qui
260 488 313 544 hoc
324 503 487 545 sacramen-

57 561 101 617 rit.
112 591 145 601 -
161 560 488 631 Sextaestpraeparatio-

67 631 168 689 habuit
184 633 320 698 loannes,
339 631 419 702 cujus
436 633 487 688 ba-

57 709 102 760 rat
120 702 251 774 quaedam
270 701 440 775 praeparatio
459 705 489 759 et

57 775 174 831 >futuri
191 804 227 815 -
240 773 367 846 Septima
380 779 425 830 est
436 774 487 830 mi-

58 846 283 918 terioris,qua1n
297 844 376 902 dedit
390 846 486 902 Eccle-

59 918 120 974 tris.
150 919 293 976 Nesciebat
317 916 405 988 igitur
419 933 487 974 eum

57 997 113 1046 lam
132 989 283 1058 subtiliter,
306 1004 402 1059 quem,
424 988 485 1060 Spi-

57 1061 253 1130 lescendente,
265 1061 487 1133 cognoritlunc

58 1134 94 1189 cit
118 1134 194 1204 quod
214 1132 286 1189 sicut
300 1132 420 1189 aliorum
441 1148 487 1188 sa-

57 1221 122 1273 um,
153 1203 193 1259 sic
225 1209 254 1260 et
283 1204 420 1275 Baptismi
443 1203 487 1259 sui

57 1294 67 1332 ι
84 1275 220 1332 Dominus
236 1281 311 1331 esset
325 1275 378 1331 sibi
396 1280 490 1331 reten-

67 1348 136 1403 nulli
168 1362 230 1402 eam
254 1362 337 1403 servo
356 1346 485 1402 daturus.

57 1419 164 1477 Christo
182 1417 311 1474 veniente
338 1418 374 1473 ad
398 1417 488 1488 hapti·

57 1490 145 1557 idicit,
159 1491 314 1546 secundum
334 1491 491 1558 Chrysosto

57 1563 75 1617 d
92 1562 144 1617 iste
161 1562 190 1617 in
206 1577 328 1632 persona
350 1561 398 1616 ille
418 1563 490 1627 erat,

57 1634 199 1690 dicaverat
213 1638 373 1688 venturum.
389 1634 492 1688 Secun-

57 1709 170 1762 rstinum
193 1719 272 1772 vero,
291 1703 390 1759 didicit
416 1702 491 1774 quod

57 1795 69 1832 r
91 1776 231 1847 baptismo
252 1779 421 1846 potestatem
442 1791 492 1829 au·

57 1854 79 1905 et
94 1847 275 1914 excellentiae,
285 1845 432 1916 quamsibi
447 1862 491 1900 re-

57 1923 97 1975 iro
112 1934 239 1990 praesens
253 1917 282 1973 in
299 1923 374 1973 terra
390 1933 492 1988 corpo·

57 1993 154 2049 absens
178 2005 306 2060 corpore,
327 1995 355 2046 et
368 2004 494 2062 praesens

57 2111 59 2120 ,
85 2062 163 2129 Quod
186 2077 254 2133 ergo
276 2062 402 2117 Christus
419 2066 496 2132 pote-

57 2133 147 2205 ptismi
163 2132 496 2200 retineret,hocloannes

57 2208 98 2263 ¹‚ed
124 2221 174 2331 per
198 2203 357 2261 columbam
376 2205 493 2260 descen·

57 2295 67 2334 e
83 2293 153 2333 coeo
169 2275 279 2332 didicit.

58 2366 160 2405 uonrnu
180 2363 356 2411 ocannurnnx
369 2363 403 2400 nr:
416 2347 495 2403 Cum-

58 2422 105 2478 1de
119 2421 250 2476 subditur
266 2437 273 2474 :
290 2420 344 2475 Sed
354 2421 404 2489 qni
417 2422 494 2473 misit

57 2500 89 2550 el
118 2496 193 2550 Dens
212 2496 241 2546 et
266 2494 328 2547 tola
357 2489 491 2557 Trinitas,

57 2582 86 2622 ra
99 2569 164 2621 sunt
175 2561 449 2633 indivisa,boptiznre
464 2565 494 2616 in

57 2638 103 2695 rin
122 2635 238 2707 Spiritu,
257 2637 305 2690 itte
324 2634 410 2690 etiam
424 2635 495 2687 mihi

57 2710 228 2779 >subjectam
249 2711 418 2773 creaturam,
442 2704 494 2760 sci-

57 2782 122 2838 elum
138 2780 179 2835 rel
194 2777 426 2849 inspirationem:
443 2778 493 2832 Su-

71 2853 144 2908 inter
155 2851 257 2906 multos
276 2865 347 2921 qnos
368 2847 492 2919 baptiza-

57 2926 79 2981 is
104 2927 240 2994 Spiritum
257 2922 306 2977 Dei
328 2920 491 3001 descenden-

57 3002 166 3050 tuentem
184 3010 266 3065 super
285 3009 354 3054 eccm,
369 3008 396 3046 ιι]
411 3006 492 3061 signo

57 3067 181 3128 dornbae.
210 3068 253 3121 bic
279 3065 356 3120 solus
374 3067 414 3117 est
444 3065 493 3133 qni

65 3137 233 3195 auctoritate
253 3141 281 3193 et
294 3139 445 3218 potestate,
462 3137 492 3189 in

57 3215 150 3272 taneto,
170 3207 278 3265 scilicet
293 3225 322 3263 ιιι
346 3205 490 3262 remissio·

57 3289 156 3349 torum,
169 3297 232 3352 quae
241 3283 284 3336 ost
294 3296 346 3352 per
356 3277 491 3350 Spiritum

57 3354 155 3426 ,quod
175 3358 219 3408 est
234 3350 381 3424 proprium
403 3351 491 3421 ipsius

57 3436 96 3482 :et
115 3426 210 3480 lavare
230 3423 339 3480 animas
362 3438 413 3494 per
427 3436 492 3492 gra-

59 3497 114 3553 itus
136 3495 246 3564 Sancti3
267 3494 331 3550 aliis
352 3510 418 3550 vero
435 3508 492 3548 non

57 3585 73 3625 n
90 3567 222 3637 contulit,
235 3566 285 3623 sed
300 3563 491 3621 ministerium

77 3639 206 3696 Minister
230 3637 308 3694 enim
338 3637 491 3704 ministrat,

58 3717 103 3769 tus
133 3709 266 3783 baptizat.
313 3709 494 3790 Quapropter

60 3783 155 3852 ericis,
184 3781 243 3838 sire
271 3797 289 3838 a
319 3780 408 3848 laicrs,
435 3778 494 3835 sive

57 3855 226 3922 mulieribus,
242 3851 412 3909 necessitate
439 3851 494 3906 im·

64 3926 226 4000 Baptismus
251 3925 344 3994 detur,
371 3938 428 3978 non
451 3927 494 3978 ta·

57 4004 123 4056 rtur.
146 4001 191 4067 Et,
206 3995 360 4053 secundum
382 3994 494 4076 Beatam,

58 4070 202 4142 tiens,sive
217 4066 424 4137 schismaticus,
437 4082 496 4122 srre

1080 318 1126 374 all

542 418 720 477 facinorosus
747 418 867 492 quisque
895 420 924 477 in
949 423 1128 482 consessione

537 496 645 546 ‘sanotae
660 490 806 547 trinitatis
818 491 986 564 baptizetur,
1000 495 1086 563 valet,
1102 500 1131 553 et

542 578 599 644 non
628 561 712 618 debet
730 562 777 619 ille
795 578 813 619 a
834 564 981 620 catholicis
1001 566 1129 637 rebapti-

540 648 609 701 sarr,
625 649 660 689 ne
679 633 819 690 confessio
839 634 884 690 vel
899 634 1040 693 invocatio
1056 638 1130 695 tanti

541 703 665 760 nominis
684 704 815 762 videatur
833 706 973 762 annulari.
1001 708 1130 767 Potestas

540 774 654 857 quidem
666 792 685 858 a
698 777 817 834 Domino
826 777 1007 836 inneminem
1015 779 1129 850 transit,

540 847 591 903 sed
608 847 798 905 ministerium
816 847 846 904 in
867 849 958 906 bonos
978 855 1010 907 et
1026 851 1127 910 malos.

540 920 580 974 Ne
595 918 659 990 quis
672 935 741 991 ergo
760 922 910 978 exhorreat
924 922 1063 980 malorum
1079 920 1132 981 mi·

540 990 700 1060 nisterium,
720 991 854 1063 respiciat
873 991 903 1048 in
919 993 1031 1051 Domini
1050 999 1129 1067 pote-

541 1067 657 1119 statem:
675 1064 780 1119 veritas
794 1063 870 1120 enim
885 1070 1128 1123 sacramentorum

541 1151 600 1190 non
625 1133 761 1191 minuitur
791 1133 892 1192 merito
921 1135 1127 1195 ministrorum.

542 1206 694 1286 Subjungit
707 1210 803 1262 autem
820 1223 828 1262 ι
847 1210 885 1262 Et
903 1223 951 1277 epo
971 1210 1041 1272 uidi,
1055 1207 1128 1265 scili·

542 1286 586 1333 cet
601 1276 737 1347 Spintum
750 1279 882 1334 Sanctum
896 1278 1032 1350 predicto
1048 1279 1132 1336 modo

543 1347 761 1403 descendentem
784 1364 870 1420 super
883 1351 992 1419 lesum,
1012 1355 1038 1405 et
1056 1353 1130 1406 testi·

543 1424 664 1474 moratum
678 1420 807 1489 perhibui
821 1439 830 1475 ε
846 1423 913 1490 quio
929 1423 973 1476 hic
988 1427 1027 1476 est
1041 1423 1132 1477 Filius

544 1494 594 1546 liet
612 1488 724 1571 unicus,
748 1506 805 1546 non
832 1491 991 1573 adoptatus.
1018 1494 1049 1548 ln
1075 1507 1133 1565 quo

545 1562 713 1630 ostenditur,
730 1561 798 1633 quid
817 1565 944 1634 Baptista
964 1579 996 1619 ex
1015 1564 1068 1620 hac
1092 1562 1133 1619 ri·

545 1634 624 1690 sione
647 1633 825 1703 intellexerit,
839 1634 947 1691 scilicet
966 1635 1041 1706 quod
1057 1634 1136 1692 Chri·

546 1712 608 1762 stus
617 1704 786 1762 essetl'ilins
796 1706 934 1763 lleiverus
947 1712 976 1762 et
985 1706 1134 1775 naturalis,

547 1784 574 1833 et
589 1793 641 1848 per
661 1792 837 1847 consequens
854 1780 984 1834 eamdem
1007 1778 1138 1835 virtutem

548 1850 657 1904 habens
674 1864 738 1904 cum
761 1849 855 1905 Patre.
872 1848 923 1905 llio
942 1853 1064 1907 testatur
1085 1847 1136 1906 Dei

548 1919 660 1986 Filium,
683 1922 777 1991 quem*
782 1921 844 1992 jam
867 1936 953 1992 supra
972 1920 1081 1977 dixerat
1095 1919 1139 1977 vi·

549 2007 622 2059 rum,
648 1995 679 2046 ut
704 1992 740 2047 ab
766 2008 799 2048 eo
826 1993 965 2049 habeatur
991 1993 1139 2064 utriusque

549 2069 658 2119 naturae
674 2061 876 2120 testimonium.
895 2063 1140 2136 Quadripartitum

548 2142 643 2192 autern
658 2134 758 2191 habuit
773 2136 909 2192 Dominus
923 2135 1138 2193 testimonium:

550 2205 648 2263 babuit
658 2205 735 2261 enim
748 2206 941 2263 testimonium
952 2223 968 2262 a
979 2207 1140 2279 Prophetis,

550 2279 617 2350 quia
634 2277 679 2333 bic
694 2284 769 2333 esset
784 2279 925 2345 Christus;
942 2278 1042 2334 habuit
1056 2276 1135 2333 testi·

550 2349 677 2405 monium
700 2348 819 2409 loannis
839 2367 847 2403 ε
870 2352 937 2404 Ecce
959 2350 1056 2416 Aphas
1071 2351 1138 2416 θείς

550 2419 649 2476 habuit
670 2419 864 2477 testimonium
885 2419 1000 2474 Patris:
1024 2421 1076 2475 llic
1099 2422 1139 2474 est

552 2495 638 2547 Filius
652 2506 726 2545 meus
748 2491 876 2556 dilectum
893 2489 993 2545 habuit
1007 2488 1136 2545 testimo·

549 2562 630 2619 nium
654 2577 802 2632 operum:
831 2564 864 2619 Si
883 2577 937 2617 non
954 2563 1029 2629 socio
1052 2576 1136 2631 opero

548 2636 642 2690 Patris
651 2635 715 2696 mei,
732 2637 786 2688 otc.

585 2729 600 2778 7
615 2705 791 2761 Counonnrro
803 2705 911 2762 Cunrsrr
920 2708 989 2760 arun
998 2705 1135 2761 lohusen.

548 2811 578 2820 -
596 2776 727 2832 hloditari
739 2775 874 2849 hicpotes
886 2777 1027 2847 quomodo
1043 2772 1138 2832 Domi·

548 2866 601 2906 nus
616 2853 709 2917 lesus,
726 2849 866 2905 aloanne
893 2848 1024 2904 alacriter
1048 2863 1145 2903 susce-

547 2928 621 2994 ptus.
631 2920 669 2977 ibi
686 2919 893 2993 aliquantulum
906 2919 1041 2987 substitit,
1051 2923 1080 2975 et
1092 2917 1142 2975 illa

547 2993 635 3049 cruda
668 2992 755 3050 eremi
789 2992 897 3051 cibaria
926 2991 1048 3050 comedit
1079 3004 1144 3048 cum

548 3082 597 3147 eo;
625 3070 656 3121 tu
680 3082 747 3122 vero
770 3072 867 3122 astans
894 3065 1000 3123 ibidem
1018 3068 1047 3120 et
1069 3060 1142 3189 aspi·

548 3153 637 3207 erens,
655 3136 775 3193 extende
797 3154 912 3194 manum
933 3137 1006 3194 sicut
1027 3151 1093 3191 men
1114 3149 1137 3188 ι-

548 3218 604 3265 cus¹
639 3208 848 3280 eleemosynam
888 3213 1001 3278 petens;
1027 3203 1141 3260 insinua

549 3277 629 3352 quasi
648 3279 805 3334 labetactus
826 3279 939 3345 samem,
958 3277 981 3332 si
1002 3276 1073 3330 lorte
1091 3288 1139 3329 vo·

549 3350 606 3406 cari
634 3348 772 3405 merearis
792 3348 828 3404 ad
854 3346 1054 3425 reiectionem.¹
1069 3345 1140 3399 Tan·

549 3422 614 3478 dem
627 3421 802 3476 recreatione
825 3417 922 3475 babila
941 3423 969 3476 et
983 3419 1141 3487 gratiarum

550 3492 662 3550 actione
677 3499 802 3564 peracta,
818 3489 956 3549 Dominus
969 3485 1074 3546 loanni
1090 3501 1139 3542 va·

550 3563 653 3632 lolecit,
668 3568 696 3619 et
717 3563 753 3620 ad
767 3569 879 3635 tempus
893 3564 929 3619 ab
944 3578 978 3618 eo
995 3558 1140 3628 discessit;

551 3641 616 3694 tuno
635 3641 731 3691 autem
744 3648 866 3708 sequens
879 3633 895 3693 J
898 3650 987 3702 esum,
1005 3637 1033 3688 et
1047 3630 1076 3687 in
1092 3629 1141 3688 ad·

550 3713 648 3775 ventu,
676 3713 704 3764 et
743 3706 772 3764 in
804 3707 941 3774 discessu,
981 3705 1142 3788 genuflecte

550 3779 666 3847 loanni,
682 3778 850 3836 deosculans
864 3780 951 3851 pedes
966 3792 1038 3848 ejus,
1052 3792 1084 3832 ac
1095 3775 1144 3832 be·

553 3851 744 3908 nedictionem
762 3855 873 3923 potens,
893 3847 1096 3906 recommendo
1113 3849 1143 3902 te

553 3924 658 3990 eidem3
673 3921 813 3979 excellens
829 3920 946 3979 enimet
960 3935 1083 3989 magnus
1098 3921 1145 3975 est

552 3988 1143 4066 valde,ipsoetiamDominotestimonium

553 4067 588 4123 de
604 4067 659 4123 hoo
673 4065 854 4138 perhibente.

870 4472 1167 4638 ,Γ
