<?xml version="1.0" encoding="UTF-8"?>
<!DOCTYPE html PUBLIC "-//W3C//DTD XHTML 1.0 Transitional//EN"
    "http://www.w3.org/TR/xhtml1/DTD/xhtml1-transitional.dtd">
<html xmlns="http://www.w3.org/1999/xhtml" xml:lang="en" lang="en">
 <head>
  <title>
</title>
<meta http-equiv="Content-Type" content="text/html;charset=utf-8" />
  <meta name='ocr-system' content='tesseract 3.04.00' />
  <meta name='ocr-capabilities' content='ocr_page ocr_carea ocr_par ocr_line ocrx_word'/>
</head>
<body>
  <div class='ocr_page' id='page_1' title='image "./vitajesuchristi02ludogoog_0129.png"; bbox 0 0 2790 4912; ppageno 0'>
   <div class='ocr_carea' id='block_1_1' title="bbox 94 386 950 446">
    <p class='ocr_par' dir='ltr' id='par_1_1' title="bbox 94 386 950 446">
     <span class='ocr_line' id='line_1_1' title="bbox 94 386 950 446; baseline -0.006 0"><span class='ocrx_word' id='word_1_1' title='bbox 94 394 137 446; x_wconf 77' lang='lat' dir='ltr'>illi</span> <span class='ocrx_word' id='word_1_2' title='bbox 466 388 576 441; x_wconf 76' lang='lat' dir='ltr'>l‘ttltllt</span> <span class='ocrx_word' id='word_1_3' title='bbox 602 386 721 441; x_wconf 77' lang='lat' dir='ltr'>Pullis</span> <span class='ocrx_word' id='word_1_4' title='bbox 747 388 852 441; x_wconf 75' lang='lat' dir='ltr'>CAPUT</span> <span class='ocrx_word' id='word_1_5' title='bbox 881 389 950 441; x_wconf 79' lang='lat' dir='ltr'>xiil</span> 
     </span>
    </p>
   </div>
   <div class='ocr_carea' id='block_1_2' title="bbox 69 493 677 4418">
    <p class='ocr_par' dir='ltr' id='par_1_2' title="bbox 84 493 677 1979">
     <span class='ocr_line' id='line_1_2' title="bbox 90 493 677 567; baseline -0.003 -15"><span class='ocrx_word' id='word_1_6' title='bbox 90 496 198 554; x_wconf 90' lang='lat' dir='ltr'>tatione</span> <span class='ocrx_word' id='word_1_7' title='bbox 212 496 335 567; x_wconf 87' lang='lat' dir='ltr'>repletus</span> <span class='ocrx_word' id='word_1_8' title='bbox 349 499 402 550; x_wconf 89' lang='lat' dir='ltr'>est.</span> <span class='ocrx_word' id='word_1_9' title='bbox 420 493 474 551; x_wconf 87' lang='lat' dir='ltr'>Sed</span> <span class='ocrx_word' id='word_1_10' title='bbox 493 508 591 550; x_wconf 91' lang='lat' dir='ltr'>rursus</span> <span class='ocrx_word' id='word_1_11' title='bbox 610 493 677 550; x_wconf 89' lang='lat' dir='ltr'>huic</span> 
     </span>
     <span class='ocr_line' id='line_1_3' title="bbox 89 562 675 641; baseline -0.007 -16"><span class='ocrx_word' id='word_1_12' title='bbox 89 568 194 641; x_wconf 89' lang='lat' dir='ltr'>gaudio</span> <span class='ocrx_word' id='word_1_13' title='bbox 217 566 373 639; x_wconf 91' lang='lat' dir='ltr'>periculum</span> <span class='ocrx_word' id='word_1_14' title='bbox 396 562 504 635; x_wconf 89' lang='lat' dir='ltr'>grande</span> <span class='ocrx_word' id='word_1_15' title='bbox 528 564 675 634; x_wconf 88' lang='lat' dir='ltr'>successit,</span> 
     </span>
     <span class='ocr_line' id='line_1_4' title="bbox 90 636 676 709; baseline -0.003 -13"><span class='ocrx_word' id='word_1_16' title='bbox 90 655 154 696; x_wconf 86' lang='lat' dir='ltr'>oum</span> <span class='ocrx_word' id='word_1_17' title='bbox 174 643 234 695; x_wconf 89' lang='lat' dir='ltr'>tota</span> <span class='ocrx_word' id='word_1_18' title='bbox 255 636 354 693; x_wconf 89' lang='lat' dir='ltr'>civitas</span> <span class='ocrx_word' id='word_1_19' title='bbox 377 636 552 704; x_wconf 80' lang='lat' dir='ltr'>turbaretur,</span> <span class='ocrx_word' id='word_1_20' title='bbox 568 640 597 692; x_wconf 89' lang='lat' dir='ltr'>et</span> <span class='ocrx_word' id='word_1_21' title='bbox 615 636 676 709; x_wconf 89' lang='lat' dir='ltr'>ipse</span> 
     </span>
     <span class='ocr_line' id='line_1_5' title="bbox 89 707 674 768; baseline -0.005 -1"><span class='ocrx_word' id='word_1_22' title='bbox 89 727 137 768; x_wconf 83' lang='lat' dir='ltr'>reu</span> <span class='ocrx_word' id='word_1_23' title='bbox 163 710 280 765; x_wconf 84' lang='lat' dir='ltr'>iuraret.</span> <span class='ocrx_word' id='word_1_24' title='bbox 302 708 403 764; x_wconf 91' lang='lat' dir='ltr'>Sedet</span> <span class='ocrx_word' id='word_1_25' title='bbox 426 707 502 763; x_wconf 93' lang='lat' dir='ltr'>bunc</span> <span class='ocrx_word' id='word_1_26' title='bbox 524 722 674 764; x_wconf 78' lang='lat' dir='ltr'>moerorem</span> 
     </span>
     <span class='ocr_line' id='line_1_6' title="bbox 89 778 674 850; baseline -0.003 -12"><span class='ocrx_word' id='word_1_27' title='bbox 89 797 188 838; x_wconf 92' lang='lat' dir='ltr'>rursus</span> <span class='ocrx_word' id='word_1_28' title='bbox 198 779 297 835; x_wconf 71' lang='lat' dir='ltr'>latitia</span> <span class='ocrx_word' id='word_1_29' title='bbox 308 780 461 837; x_wconf 90' lang='lat' dir='ltr'>subsecuta</span> <span class='ocrx_word' id='word_1_30' title='bbox 468 783 521 846; x_wconf 89' lang='lat' dir='ltr'>est,</span> <span class='ocrx_word' id='word_1_31' title='bbox 534 778 674 850; x_wconf 78' lang='lat' dir='ltr'>apparitio</span> 
     </span>
     <span class='ocr_line' id='line_1_7' title="bbox 88 849 673 921; baseline 0.002 -15"><span class='ocrx_word' id='word_1_32' title='bbox 88 852 219 909; x_wconf 87' lang='lat' dir='ltr'>videlicet</span> <span class='ocrx_word' id='word_1_33' title='bbox 233 851 332 919; x_wconf 83' lang='lat' dir='ltr'>stellae,</span> <span class='ocrx_word' id='word_1_34' title='bbox 341 855 369 907; x_wconf 95' lang='lat' dir='ltr'>et</span> <span class='ocrx_word' id='word_1_35' title='bbox 378 849 505 906; x_wconf 87' lang='lat' dir='ltr'>adoratio</span> <span class='ocrx_word' id='word_1_36' title='bbox 517 851 673 921; x_wconf 79' lang='lat' dir='ltr'>Magorum.</span> 
     </span>
     <span class='ocr_line' id='line_1_8' title="bbox 89 919 675 994; baseline 0 -15"><span class='ocrx_word' id='word_1_37' title='bbox 89 925 157 980; x_wconf 87' lang='lat' dir='ltr'>Post</span> <span class='ocrx_word' id='word_1_38' title='bbox 172 924 247 979; x_wconf 89' lang='lat' dir='ltr'>hauc</span> <span class='ocrx_word' id='word_1_39' title='bbox 263 938 377 994; x_wconf 86' lang='lat' dir='ltr'>quoque</span> <span class='ocrx_word' id='word_1_40' title='bbox 389 919 608 993; x_wconf 89' lang='lat' dir='ltr'>jucunditatem,</span> <span class='ocrx_word' id='word_1_41' title='bbox 625 921 675 979; x_wconf 78' lang='lat' dir='ltr'>ite</span> 
     </span>
     <span class='ocr_line' id='line_1_9' title="bbox 87 991 673 1076; baseline -0.002 -25"><span class='ocrx_word' id='word_1_42' title='bbox 87 1010 150 1051; x_wconf 92' lang='lat' dir='ltr'>rum</span> <span class='ocrx_word' id='word_1_43' title='bbox 170 994 339 1076; x_wconf 89' lang='lat' dir='ltr'>periculum,</span> <span class='ocrx_word' id='word_1_44' title='bbox 359 991 519 1062; x_wconf 84' lang='lat' dir='ltr'>iterumque</span> <span class='ocrx_word' id='word_1_45' title='bbox 542 992 673 1050; x_wconf 89' lang='lat' dir='ltr'>lormido.</span> 
     </span>
     <span class='ocr_line' id='line_1_10' title="bbox 88 1064 675 1135; baseline -0.003 -12"><span class='ocrx_word' id='word_1_46' title='bbox 88 1067 193 1134; x_wconf 79' lang='lat' dir='ltr'>Quaern</span> <span class='ocrx_word' id='word_1_47' title='bbox 220 1066 347 1122; x_wconf 90' lang='lat' dir='ltr'>Herodes</span> <span class='ocrx_word' id='word_1_48' title='bbox 372 1064 497 1121; x_wconf 92' lang='lat' dir='ltr'>animam</span> <span class='ocrx_word' id='word_1_49' title='bbox 520 1064 616 1135; x_wconf 87' lang='lat' dir='ltr'>Pueri,</span> <span class='ocrx_word' id='word_1_50' title='bbox 646 1070 675 1121; x_wconf 90' lang='lat' dir='ltr'>et</span> 
     </span>
     <span class='ocr_line' id='line_1_11' title="bbox 88 1134 675 1209; baseline 0.002 -17"><span class='ocrx_word' id='word_1_51' title='bbox 88 1139 187 1209; x_wconf 90' lang='lat' dir='ltr'>lugere</span> <span class='ocrx_word' id='word_1_52' title='bbox 216 1152 333 1193; x_wconf 89' lang='lat' dir='ltr'>necesse</span> <span class='ocrx_word' id='word_1_53' title='bbox 352 1141 405 1205; x_wconf 89' lang='lat' dir='ltr'>est,</span> <span class='ocrx_word' id='word_1_54' title='bbox 420 1141 448 1192; x_wconf 93' lang='lat' dir='ltr'>et</span> <span class='ocrx_word' id='word_1_55' title='bbox 470 1134 499 1190; x_wconf 92' lang='lat' dir='ltr'>in</span> <span class='ocrx_word' id='word_1_56' title='bbox 518 1135 675 1208; x_wconf 80' lang='lat' dir='ltr'>longinqua</span> 
     </span>
     <span class='ocr_line' id='line_1_12' title="bbox 87 1206 672 1279; baseline 0 -14"><span class='ocrx_word' id='word_1_57' title='bbox 87 1208 261 1279; x_wconf 88' lang='lat' dir='ltr'>pertransire</span> <span class='ocrx_word' id='word_1_58' title='bbox 291 1227 298 1264; x_wconf 89' lang='lat'>:</span> <span class='ocrx_word' id='word_1_59' title='bbox 323 1229 337 1258; x_wconf 79' lang='lat' dir='ltr'>n</span> <span class='ocrx_word' id='word_1_60' title='bbox 370 1208 431 1263; x_wconf 83' lang='lat' dir='ltr'>haec</span> <span class='ocrx_word' id='word_1_61' title='bbox 457 1206 672 1277; x_wconf 72' lang='lat' dir='ltr'>chrysostomus.</span> 
     </span>
     <span class='ocr_line' id='line_1_13' title="bbox 87 1278 673 1350; baseline -0.003 -13"><span class='ocrx_word' id='word_1_62' title='bbox 87 1282 156 1337; x_wconf 86' lang='lat' dir='ltr'>Cum</span> <span class='ocrx_word' id='word_1_63' title='bbox 181 1296 249 1350; x_wconf 90' lang='lat' dir='ltr'>ergo</span> <span class='ocrx_word' id='word_1_64' title='bbox 277 1278 499 1336; x_wconf 80' lang='lat' dir='ltr'>consolationem</span> <span class='ocrx_word' id='word_1_65' title='bbox 528 1278 673 1349; x_wconf 86' lang='lat' dir='ltr'>habueris,</span> 
     </span>
     <span class='ocr_line' id='line_1_14' title="bbox 86 1351 672 1423; baseline 0 -17"><span class='ocrx_word' id='word_1_66' title='bbox 86 1351 298 1408; x_wconf 85' lang='lat' dir='ltr'>tribulationem</span> <span class='ocrx_word' id='word_1_67' title='bbox 310 1355 450 1423; x_wconf 83' lang='lat' dir='ltr'>exspecta,</span> <span class='ocrx_word' id='word_1_68' title='bbox 460 1354 488 1406; x_wconf 92' lang='lat' dir='ltr'>et</span> <span class='ocrx_word' id='word_1_69' title='bbox 500 1365 672 1408; x_wconf 85' lang='lat' dir='ltr'>econverso.</span> 
     </span>
     <span class='ocr_line' id='line_1_15' title="bbox 86 1421 674 1480; baseline 0.002 -2"><span class='ocrx_word' id='word_1_70' title='bbox 86 1423 165 1480; x_wconf 85' lang='lat' dir='ltr'>Unde</span> <span class='ocrx_word' id='word_1_71' title='bbox 180 1423 272 1479; x_wconf 90' lang='lat' dir='ltr'>necin</span> <span class='ocrx_word' id='word_1_72' title='bbox 285 1421 525 1479; x_wconf 79' lang='lat' dir='ltr'>consolationibus</span> <span class='ocrx_word' id='word_1_73' title='bbox 537 1421 674 1479; x_wconf 89' lang='lat' dir='ltr'>debemus</span> 
     </span>
     <span class='ocr_line' id='line_1_16' title="bbox 86 1492 672 1566; baseline -0.003 -15"><span class='ocrx_word' id='word_1_74' title='bbox 86 1494 192 1561; x_wconf 81' lang='lat' dir='ltr'>extolli,</span> <span class='ocrx_word' id='word_1_75' title='bbox 209 1512 260 1550; x_wconf 87' lang='lat' dir='ltr'>nec</span> <span class='ocrx_word' id='word_1_76' title='bbox 278 1496 304 1549; x_wconf 90' lang='lat' dir='ltr'>in</span> <span class='ocrx_word' id='word_1_77' title='bbox 321 1492 551 1550; x_wconf 86' lang='lat' dir='ltr'>tribulationibus</span> <span class='ocrx_word' id='word_1_78' title='bbox 570 1492 672 1566; x_wconf 81' lang='lat' dir='ltr'>frangi.</span> 
     </span>
     <span class='ocr_line' id='line_1_17' title="bbox 86 1563 672 1635; baseline 0 -13"><span class='ocrx_word' id='word_1_79' title='bbox 86 1567 140 1623; x_wconf 87' lang='lat' dir='ltr'>Dat</span> <span class='ocrx_word' id='word_1_80' title='bbox 157 1567 233 1622; x_wconf 91' lang='lat' dir='ltr'>enim</span> <span class='ocrx_word' id='word_1_81' title='bbox 255 1565 337 1622; x_wconf 92' lang='lat' dir='ltr'>nobis</span> <span class='ocrx_word' id='word_1_82' title='bbox 358 1567 432 1621; x_wconf 87' lang='lat' dir='ltr'>Deus</span> <span class='ocrx_word' id='word_1_83' title='bbox 453 1563 672 1635; x_wconf 88' lang='lat' dir='ltr'>consolationes,</span> 
     </span>
     <span class='ocr_line' id='line_1_18' title="bbox 85 1634 671 1708; baseline 0 -15"><span class='ocrx_word' id='word_1_84' title='bbox 85 1638 122 1693; x_wconf 85' lang='lat' dir='ltr'>ad</span> <span class='ocrx_word' id='word_1_85' title='bbox 137 1653 216 1708; x_wconf 91' lang='lat' dir='ltr'>spem</span> <span class='ocrx_word' id='word_1_86' title='bbox 229 1636 434 1693; x_wconf 80' lang='lat' dir='ltr'>sublevandam</span> <span class='ocrx_word' id='word_1_87' title='bbox 445 1652 480 1690; x_wconf 92' lang='lat' dir='ltr'>ne</span> <span class='ocrx_word' id='word_1_88' title='bbox 491 1634 671 1707; x_wconf 86' lang='lat' dir='ltr'>deficiamus;</span> 
     </span>
     <span class='ocr_line' id='line_1_19' title="bbox 86 1706 672 1765; baseline 0 -1"><span class='ocrx_word' id='word_1_89' title='bbox 86 1713 114 1764; x_wconf 88' lang='lat' dir='ltr'>et</span> <span class='ocrx_word' id='word_1_90' title='bbox 130 1707 329 1765; x_wconf 87' lang='lat' dir='ltr'>tribulationes</span> <span class='ocrx_word' id='word_1_91' title='bbox 348 1708 384 1763; x_wconf 89' lang='lat' dir='ltr'>ad</span> <span class='ocrx_word' id='word_1_92' title='bbox 400 1706 587 1762; x_wconf 89' lang='lat' dir='ltr'>humilitatem</span> <span class='ocrx_word' id='word_1_93' title='bbox 604 1723 672 1764; x_wconf 92' lang='lat' dir='ltr'>con·</span> 
     </span>
     <span class='ocr_line' id='line_1_20' title="bbox 85 1779 672 1850; baseline 0.002 -16"><span class='ocrx_word' id='word_1_94' title='bbox 85 1779 265 1847; x_wconf 86' lang='lat' dir='ltr'>servandam,</span> <span class='ocrx_word' id='word_1_95' title='bbox 280 1784 309 1836; x_wconf 95' lang='lat' dir='ltr'>ut</span> <span class='ocrx_word' id='word_1_96' title='bbox 328 1784 531 1850; x_wconf 81' lang='lat' dir='ltr'>cognoscentes</span> <span class='ocrx_word' id='word_1_97' title='bbox 545 1782 672 1835; x_wconf 89' lang='lat' dir='ltr'>nostram</span> 
     </span>
     <span class='ocr_line' id='line_1_21' title="bbox 84 1848 672 1923; baseline 0.002 -17"><span class='ocrx_word' id='word_1_98' title='bbox 84 1850 240 1919; x_wconf 89' lang='lat' dir='ltr'>miseriam,</span> <span class='ocrx_word' id='word_1_99' title='bbox 250 1866 362 1923; x_wconf 89' lang='lat' dir='ltr'>semper</span> <span class='ocrx_word' id='word_1_100' title='bbox 374 1850 404 1906; x_wconf 94' lang='lat' dir='ltr'>iu</span> <span class='ocrx_word' id='word_1_101' title='bbox 420 1865 471 1905; x_wconf 94' lang='lat' dir='ltr'>suo</span> <span class='ocrx_word' id='word_1_102' title='bbox 482 1848 585 1907; x_wconf 88' lang='lat' dir='ltr'>timore</span> <span class='ocrx_word' id='word_1_103' title='bbox 596 1856 672 1907; x_wconf 85' lang='lat' dir='ltr'>stare</span> 
     </span>
     <span class='ocr_line' id='line_1_22' title="bbox 84 1923 257 1979; baseline 0.012 -3"><span class='ocrx_word' id='word_1_104' title='bbox 84 1923 257 1979; x_wconf 88' lang='lat' dir='ltr'>studeamus.</span> 
     </span>
    </p>

    <p class='ocr_par' dir='ltr' id='par_1_3' title="bbox 69 1994 672 3060">
     <span class='ocr_line' id='line_1_23' title="bbox 119 1994 671 2061; baseline -0.002 -11"><span class='ocrx_word' id='word_1_105' title='bbox 119 1994 671 2061; x_wconf 76' lang='lat' dir='ltr'>dSecunoo,ouooJossrusruonlllnrru</span> 
     </span>
     <span class='ocr_line' id='line_1_24' title="bbox 83 2063 672 2132; baseline 0.002 -12"><span class='ocrx_word' id='word_1_106' title='bbox 83 2063 672 2132; x_wconf 73' lang='lat' dir='ltr'>ruonscurrarum-Secundo,considera</span> 
     </span>
     <span class='ocr_line' id='line_1_25' title="bbox 82 2134 669 2218; baseline 0.002 -27"><span class='ocrx_word' id='word_1_107' title='bbox 82 2135 157 2192; x_wconf 90' lang='lat' dir='ltr'>circa</span> <span class='ocrx_word' id='word_1_108' title='bbox 173 2134 222 2192; x_wconf 89' lang='lat' dir='ltr'>Dei</span> <span class='ocrx_word' id='word_1_109' title='bbox 248 2134 457 2192; x_wconf 89' lang='lat' dir='ltr'>consolationes</span> <span class='ocrx_word' id='word_1_110' title='bbox 473 2138 502 2191; x_wconf 92' lang='lat' dir='ltr'>et</span> <span class='ocrx_word' id='word_1_111' title='bbox 520 2135 669 2218; x_wconf 75' lang='lat' dir='ltr'>beneficia,</span> 
     </span>
     <span class='ocr_line' id='line_1_26' title="bbox 82 2205 668 2289; baseline 0 -26"><span class='ocrx_word' id='word_1_112' title='bbox 82 2208 157 2278; x_wconf 88' lang='lat' dir='ltr'>quod</span> <span class='ocrx_word' id='word_1_113' title='bbox 173 2206 220 2278; x_wconf 73' lang='lat' dir='ltr'>crui</span> <span class='ocrx_word' id='word_1_114' title='bbox 239 2223 273 2263; x_wconf 88' lang='lat' dir='ltr'>ea</span> <span class='ocrx_word' id='word_1_115' title='bbox 287 2205 416 2278; x_wconf 89' lang='lat' dir='ltr'>percipit,</span> <span class='ocrx_word' id='word_1_116' title='bbox 432 2221 490 2262; x_wconf 93' lang='lat' dir='ltr'>uon</span> <span class='ocrx_word' id='word_1_117' title='bbox 504 2205 668 2289; x_wconf 83' lang='lat' dir='ltr'>percipienti</span> 
     </span>
     <span class='ocr_line' id='line_1_27' title="bbox 81 2277 669 2351; baseline 0 -17"><span class='ocrx_word' id='word_1_118' title='bbox 81 2295 112 2335; x_wconf 90' lang='lat' dir='ltr'>se</span> <span class='ocrx_word' id='word_1_119' title='bbox 133 2279 268 2351; x_wconf 83' lang='lat' dir='ltr'>praelerre</span> <span class='ocrx_word' id='word_1_120' title='bbox 292 2294 349 2333; x_wconf 93' lang='lat' dir='ltr'>uon</span> <span class='ocrx_word' id='word_1_121' title='bbox 368 2277 475 2333; x_wconf 90' lang='lat' dir='ltr'>debet:</span> <span class='ocrx_word' id='word_1_122' title='bbox 495 2281 523 2334; x_wconf 92' lang='lat' dir='ltr'>et</span> <span class='ocrx_word' id='word_1_123' title='bbox 545 2294 591 2349; x_wconf 86' lang='lat' dir='ltr'>qur</span> <span class='ocrx_word' id='word_1_124' title='bbox 612 2295 669 2335; x_wconf 90' lang='lat' dir='ltr'>non</span> 
     </span>
     <span class='ocr_line' id='line_1_28' title="bbox 81 2347 669 2422; baseline 0.002 -16"><span class='ocrx_word' id='word_1_125' title='bbox 81 2350 211 2422; x_wconf 88' lang='lat' dir='ltr'>percipit,</span> <span class='ocrx_word' id='word_1_126' title='bbox 233 2365 288 2406; x_wconf 90' lang='lat' dir='ltr'>non</span> <span class='ocrx_word' id='word_1_127' title='bbox 313 2348 463 2421; x_wconf 84' lang='lat' dir='ltr'>dejiciatur</span> <span class='ocrx_word' id='word_1_128' title='bbox 485 2347 591 2418; x_wconf 90' lang='lat' dir='ltr'>animo,</span> <span class='ocrx_word' id='word_1_129' title='bbox 617 2365 669 2407; x_wconf 88' lang='lat' dir='ltr'>uec</span> 
     </span>
     <span class='ocr_line' id='line_1_29' title="bbox 81 2419 668 2493; baseline 0 -16"><span class='ocrx_word' id='word_1_130' title='bbox 81 2421 248 2493; x_wconf 87' lang='lat' dir='ltr'>percipienti</span> <span class='ocrx_word' id='word_1_131' title='bbox 263 2419 398 2477; x_wconf 85' lang='lat' dir='ltr'>invideat.</span> <span class='ocrx_word' id='word_1_132' title='bbox 415 2421 485 2476; x_wconf 89' lang='lat' dir='ltr'>Nam</span> <span class='ocrx_word' id='word_1_133' title='bbox 503 2425 532 2477; x_wconf 89' lang='lat' dir='ltr'>et</span> <span class='ocrx_word' id='word_1_134' title='bbox 546 2421 668 2492; x_wconf 75' lang='lat' dir='ltr'>Angelo-</span> 
     </span>
     <span class='ocr_line' id='line_1_30' title="bbox 69 2492 668 2564; baseline 0.003 -18"><span class='ocrx_word' id='word_1_135' title='bbox 69 2509 143 2549; x_wconf 88' lang='lat' dir='ltr'>rum</span> <span class='ocrx_word' id='word_1_136' title='bbox 158 2493 314 2550; x_wconf 90' lang='lat' dir='ltr'>locutiones</span> <span class='ocrx_word' id='word_1_137' title='bbox 328 2492 433 2549; x_wconf 82' lang='lat' dir='ltr'>debant</span> <span class='ocrx_word' id='word_1_138' title='bbox 446 2493 561 2564; x_wconf 88' lang='lat' dir='ltr'>Joseph,</span> <span class='ocrx_word' id='word_1_139' title='bbox 570 2499 599 2548; x_wconf 91' lang='lat' dir='ltr'>et</span> <span class='ocrx_word' id='word_1_140' title='bbox 611 2509 668 2548; x_wconf 93' lang='lat' dir='ltr'>non</span> 
     </span>
     <span class='ocr_line' id='line_1_31' title="bbox 80 2563 668 2635; baseline -0.002 -15"><span class='ocrx_word' id='word_1_141' title='bbox 80 2564 173 2634; x_wconf 83' lang='lat' dir='ltr'>Matri,</span> <span class='ocrx_word' id='word_1_142' title='bbox 190 2581 252 2621; x_wconf 80' lang='lat' dir='ltr'>curn</span> <span class='ocrx_word' id='word_1_143' title='bbox 271 2570 367 2621; x_wconf 87' lang='lat' dir='ltr'>tamen</span> <span class='ocrx_word' id='word_1_144' title='bbox 384 2564 470 2635; x_wconf 89' lang='lat' dir='ltr'>louge</span> <span class='ocrx_word' id='word_1_145' title='bbox 485 2568 560 2620; x_wconf 89' lang='lat' dir='ltr'>esset</span> <span class='ocrx_word' id='word_1_146' title='bbox 575 2579 609 2620; x_wconf 90' lang='lat' dir='ltr'>ea</span> <span class='ocrx_word' id='word_1_147' title='bbox 625 2563 668 2619; x_wconf 92' lang='lat' dir='ltr'>in-</span> 
     </span>
     <span class='ocr_line' id='line_1_32' title="bbox 80 2634 668 2708; baseline -0.003 -16"><span class='ocrx_word' id='word_1_148' title='bbox 80 2637 176 2694; x_wconf 80' lang='lat' dir='ltr'>ferior.</span> <span class='ocrx_word' id='word_1_149' title='bbox 195 2640 264 2693; x_wconf 90' lang='lat' dir='ltr'>ltem</span> <span class='ocrx_word' id='word_1_150' title='bbox 286 2641 315 2694; x_wconf 86' lang='lat' dir='ltr'>et</span> <span class='ocrx_word' id='word_1_151' title='bbox 338 2635 386 2708; x_wconf 90' lang='lat' dir='ltr'>qui</span> <span class='ocrx_word' id='word_1_152' title='bbox 411 2634 540 2707; x_wconf 88' lang='lat' dir='ltr'>percipit,</span> <span class='ocrx_word' id='word_1_153' title='bbox 564 2634 587 2690; x_wconf 91' lang='lat' dir='ltr'>si</span> <span class='ocrx_word' id='word_1_154' title='bbox 610 2651 668 2691; x_wconf 92' lang='lat' dir='ltr'>non</span> 
     </span>
     <span class='ocr_line' id='line_1_33' title="bbox 79 2706 667 2790; baseline -0.005 -25"><span class='ocrx_word' id='word_1_155' title='bbox 79 2708 200 2790; x_wconf 83' lang='lat' dir='ltr'>percipit</span> <span class='ocrx_word' id='word_1_156' title='bbox 212 2725 263 2780; x_wconf 96' lang='lat' dir='ltr'>pro</span> <span class='ocrx_word' id='word_1_157' title='bbox 276 2725 327 2764; x_wconf 92' lang='lat' dir='ltr'>suo</span> <span class='ocrx_word' id='word_1_158' title='bbox 342 2708 425 2775; x_wconf 79' lang='lat' dir='ltr'>velle,</span> <span class='ocrx_word' id='word_1_159' title='bbox 436 2724 492 2763; x_wconf 91' lang='lat' dir='ltr'>non</span> <span class='ocrx_word' id='word_1_160' title='bbox 507 2706 593 2762; x_wconf 86' lang='lat' dir='ltr'>debet</span> <span class='ocrx_word' id='word_1_161' title='bbox 604 2722 667 2763; x_wconf 89' lang='lat' dir='ltr'>esse</span> 
     </span>
     <span class='ocr_line' id='line_1_34' title="bbox 79 2777 667 2851; baseline -0.002 -16"><span class='ocrx_word' id='word_1_162' title='bbox 79 2785 218 2851; x_wconf 86' lang='lat' dir='ltr'>ingratus,</span> <span class='ocrx_word' id='word_1_163' title='bbox 235 2779 277 2834; x_wconf 83' lang='lat' dir='ltr'>vel</span> <span class='ocrx_word' id='word_1_164' title='bbox 296 2794 483 2844; x_wconf 87' lang='lat' dir='ltr'>murmurare,</span> <span class='ocrx_word' id='word_1_165' title='bbox 500 2792 562 2833; x_wconf 90' lang='lat' dir='ltr'>cum</span> <span class='ocrx_word' id='word_1_166' title='bbox 581 2777 667 2834; x_wconf 87' lang='lat' dir='ltr'>etiam</span> 
     </span>
     <span class='ocr_line' id='line_1_35' title="bbox 78 2849 666 2921; baseline -0.007 -13"><span class='ocrx_word' id='word_1_167' title='bbox 78 2851 195 2921; x_wconf 90' lang='lat' dir='ltr'>Joseph,</span> <span class='ocrx_word' id='word_1_168' title='bbox 213 2849 260 2920; x_wconf 91' lang='lat' dir='ltr'>qui</span> <span class='ocrx_word' id='word_1_169' title='bbox 275 2853 371 2904; x_wconf 87' lang='lat' dir='ltr'>tantus</span> <span class='ocrx_word' id='word_1_170' title='bbox 391 2853 452 2904; x_wconf 91' lang='lat' dir='ltr'>erat</span> <span class='ocrx_word' id='word_1_171' title='bbox 470 2849 547 2920; x_wconf 92' lang='lat' dir='ltr'>apud</span> <span class='ocrx_word' id='word_1_172' title='bbox 565 2849 666 2918; x_wconf 76' lang='lat' dir='ltr'>lieurn,</span> 
     </span>
     <span class='ocr_line' id='line_1_36' title="bbox 80 2918 668 2992; baseline 0.002 -16"><span class='ocrx_word' id='word_1_173' title='bbox 80 2938 139 2977; x_wconf 92' lang='lat' dir='ltr'>non</span> <span class='ocrx_word' id='word_1_174' title='bbox 152 2921 257 2992; x_wconf 86' lang='lat' dir='ltr'>palam,</span> <span class='ocrx_word' id='word_1_175' title='bbox 267 2919 316 2975; x_wconf 85' lang='lat' dir='ltr'>sed</span> <span class='ocrx_word' id='word_1_176' title='bbox 331 2918 361 2974; x_wconf 93' lang='lat' dir='ltr'>iu</span> <span class='ocrx_word' id='word_1_177' title='bbox 376 2918 494 2983; x_wconf 87' lang='lat' dir='ltr'>somnis,</span> <span class='ocrx_word' id='word_1_178' title='bbox 510 2918 579 2975; x_wconf 88' lang='lat' dir='ltr'>tales</span> <span class='ocrx_word' id='word_1_179' title='bbox 594 2918 668 2977; x_wconf 91' lang='lat' dir='ltr'>locu-</span> 
     </span>
     <span class='ocr_line' id='line_1_37' title="bbox 79 2991 337 3060; baseline -0.012 -12"><span class='ocrx_word' id='word_1_180' title='bbox 79 2992 173 3048; x_wconf 88' lang='lat' dir='ltr'>tiones</span> <span class='ocrx_word' id='word_1_181' title='bbox 187 2991 337 3060; x_wconf 87' lang='lat' dir='ltr'>acciperet.</span> 
     </span>
    </p>

    <p class='ocr_par' dir='ltr' id='par_1_4' title="bbox 74 3065 667 4418">
     <span class='ocr_line' id='line_1_38' title="bbox 115 3065 666 3130; baseline 0 -12"><span class='ocrx_word' id='word_1_182' title='bbox 115 3069 130 3119; x_wconf 89' lang='lat'>5</span> <span class='ocrx_word' id='word_1_183' title='bbox 151 3065 262 3130; x_wconf 82' lang='lat' dir='ltr'>Turno,</span> <span class='ocrx_word' id='word_1_184' title='bbox 283 3078 354 3124; x_wconf 86' lang='lat' dir='ltr'>ouon</span> <span class='ocrx_word' id='word_1_185' title='bbox 377 3077 565 3117; x_wconf 76' lang='lat' dir='ltr'>arrorcnours</span> <span class='ocrx_word' id='word_1_186' title='bbox 586 3079 666 3118; x_wconf 74' lang='lat' dir='ltr'>arran</span> 
     </span>
     <span class='ocr_line' id='line_1_39' title="bbox 79 3131 666 3201; baseline -0.002 -11"><span class='ocrx_word' id='word_1_187' title='bbox 79 3131 666 3201; x_wconf 80' lang='lat' dir='ltr'>suisDeusruurrnr.-Tertio,cousidera</span> 
     </span>
     <span class='ocr_line' id='line_1_40' title="bbox 78 3202 667 3332; baseline -0.005 -68"><span class='ocrx_word' id='word_1_188' title='bbox 78 3207 201 3275; x_wconf 75' lang='lat' dir='ltr'>qualitor</span> <span class='ocrx_word' id='word_1_189' title='bbox 217 3208 289 3261; x_wconf 79' lang='lat' dir='ltr'>lions</span> <span class='ocrx_word' id='word_1_190' title='bbox 299 3202 441 3332; x_wconf 44' lang='lat' dir='ltr'>permittit</span> <span class='ocrx_word' id='word_1_191' title='bbox 456 3220 522 3260; x_wconf 89' lang='lat' dir='ltr'>suos</span> <span class='ocrx_word' id='word_1_192' title='bbox 538 3219 667 3275; x_wconf 89' lang='lat' dir='ltr'>persecu·</span> 
     </span>
     <span class='ocr_line' id='line_1_41' title="bbox 78 3273 666 3335; baseline -0.002 -2"><span class='ocrx_word' id='word_1_193' title='bbox 78 3278 203 3335; x_wconf 91' lang='lat' dir='ltr'>tionibus</span> <span class='ocrx_word' id='word_1_194' title='bbox 223 3282 251 3334; x_wconf 92' lang='lat' dir='ltr'>et</span> <span class='ocrx_word' id='word_1_195' title='bbox 270 3283 305 3333; x_wconf 81' lang='lat' dir='ltr'>tri</span> <span class='ocrx_word' id='word_1_196' title='bbox 329 3273 500 3332; x_wconf 89' lang='lat' dir='ltr'>ulationibus</span> <span class='ocrx_word' id='word_1_197' title='bbox 515 3274 619 3331; x_wconf 85' lang='lat' dir='ltr'>vexari.</span> <span class='ocrx_word' id='word_1_198' title='bbox 633 3278 666 3332; x_wconf 87' lang='lat' dir='ltr'>Et</span> 
     </span>
     <span class='ocr_line' id='line_1_42' title="bbox 77 3345 667 3420; baseline 0 -16"><span class='ocrx_word' id='word_1_199' title='bbox 77 3366 144 3407; x_wconf 85' lang='lat' dir='ltr'>vere</span> <span class='ocrx_word' id='word_1_200' title='bbox 160 3366 264 3420; x_wconf 87' lang='lat' dir='ltr'>magna</span> <span class='ocrx_word' id='word_1_201' title='bbox 285 3353 348 3405; x_wconf 87' lang='lat' dir='ltr'>erat</span> <span class='ocrx_word' id='word_1_202' title='bbox 371 3345 515 3403; x_wconf 87' lang='lat' dir='ltr'>tribulatio</span> <span class='ocrx_word' id='word_1_203' title='bbox 538 3346 620 3403; x_wconf 86' lang='lat' dir='ltr'>Matri</span> <span class='ocrx_word' id='word_1_204' title='bbox 638 3352 667 3404; x_wconf 90' lang='lat' dir='ltr'>et</span> 
     </span>
     <span class='ocr_line' id='line_1_43' title="bbox 78 3420 666 3492; baseline -0.009 -13"><span class='ocrx_word' id='word_1_205' title='bbox 78 3422 194 3492; x_wconf 89' lang='lat' dir='ltr'>Joseph,</span> <span class='ocrx_word' id='word_1_206' title='bbox 210 3437 274 3477; x_wconf 91' lang='lat' dir='ltr'>cum</span> <span class='ocrx_word' id='word_1_207' title='bbox 290 3420 421 3476; x_wconf 89' lang='lat' dir='ltr'>riderent</span> <span class='ocrx_word' id='word_1_208' title='bbox 454 3434 553 3475; x_wconf 92' lang='lat' dir='ltr'>uerum</span> <span class='ocrx_word' id='word_1_209' title='bbox 568 3421 666 3475; x_wconf 89' lang='lat' dir='ltr'>Jesum</span> 
     </span>
     <span class='ocr_line' id='line_1_44' title="bbox 77 3434 667 3563; baseline -0.005 -14"><span class='ocrx_word' id='word_1_210' title='bbox 77 3492 114 3549; x_wconf 91' lang='lat' dir='ltr'>ad</span> <span class='ocrx_word' id='word_1_211' title='bbox 128 3492 297 3549; x_wconf 91' lang='lat' dir='ltr'>occisionem</span> <span class='ocrx_word' id='word_1_212' title='bbox 313 3489 412 3563; x_wconf 85' lang='lat' dir='ltr'>quaeri.</span> <span class='ocrx_word' id='word_1_213' title='bbox 426 3434 497 3557; x_wconf 57' lang='lat' dir='ltr'>guid</span> <span class='ocrx_word' id='word_1_214' title='bbox 513 3489 589 3546; x_wconf 89' lang='lat' dir='ltr'>euim</span> <span class='ocrx_word' id='word_1_215' title='bbox 604 3506 667 3561; x_wconf 89' lang='lat' dir='ltr'>gra-</span> 
     </span>
     <span class='ocr_line' id='line_1_45' title="bbox 78 3561 667 3633; baseline -0.002 -16"><span class='ocrx_word' id='word_1_216' title='bbox 78 3563 140 3619; x_wconf 81' lang='lat' dir='ltr'>vius</span> <span class='ocrx_word' id='word_1_217' title='bbox 151 3563 248 3618; x_wconf 83' lang='lat' dir='ltr'>audire</span> <span class='ocrx_word' id='word_1_218' title='bbox 256 3561 448 3633; x_wconf 85' lang='lat' dir='ltr'>poteraut‘lln</span> <span class='ocrx_word' id='word_1_219' title='bbox 458 3563 512 3616; x_wconf 87' lang='lat' dir='ltr'>hoe</span> <span class='ocrx_word' id='word_1_220' title='bbox 524 3564 610 3618; x_wconf 87' lang='lat' dir='ltr'>etiam</span> <span class='ocrx_word' id='word_1_221' title='bbox 618 3561 667 3616; x_wconf 88' lang='lat' dir='ltr'>tri·</span> 
     </span>
     <span class='ocr_line' id='line_1_46' title="bbox 78 3632 665 3704; baseline -0.007 -13"><span class='ocrx_word' id='word_1_222' title='bbox 78 3634 186 3691; x_wconf 90' lang='lat' dir='ltr'>bulatio</span> <span class='ocrx_word' id='word_1_223' title='bbox 196 3639 268 3701; x_wconf 89' lang='lat' dir='ltr'>erat,</span> <span class='ocrx_word' id='word_1_224' title='bbox 280 3634 354 3704; x_wconf 91' lang='lat' dir='ltr'>quod</span> <span class='ocrx_word' id='word_1_225' title='bbox 366 3637 472 3689; x_wconf 91' lang='lat' dir='ltr'>terram</span> <span class='ocrx_word' id='word_1_226' title='bbox 482 3632 665 3704; x_wconf 87' lang='lat' dir='ltr'>longinquam</span> 
     </span>
     <span class='ocr_line' id='line_1_47' title="bbox 79 3702 664 3785; baseline -0.002 -25"><span class='ocrx_word' id='word_1_227' title='bbox 79 3721 164 3776; x_wconf 89' lang='lat' dir='ltr'>quam</span> <span class='ocrx_word' id='word_1_228' title='bbox 176 3704 356 3775; x_wconf 85' lang='lat' dir='ltr'>ignorabant,</span> <span class='ocrx_word' id='word_1_229' title='bbox 368 3711 396 3760; x_wconf 93' lang='lat' dir='ltr'>et</span> <span class='ocrx_word' id='word_1_230' title='bbox 411 3720 462 3775; x_wconf 92' lang='lat' dir='ltr'>per</span> <span class='ocrx_word' id='word_1_231' title='bbox 474 3702 534 3759; x_wconf 86' lang='lat' dir='ltr'>rias</span> <span class='ocrx_word' id='word_1_232' title='bbox 548 3718 664 3785; x_wconf 85' lang='lat' dir='ltr'>asperas</span> 
     </span>
     <span class='ocr_line' id='line_1_48' title="bbox 78 3774 664 3847; baseline -0.002 -16"><span class='ocrx_word' id='word_1_233' title='bbox 78 3792 128 3832; x_wconf 90' lang='lat' dir='ltr'>eos</span> <span class='ocrx_word' id='word_1_234' title='bbox 147 3774 189 3832; x_wconf 92' lang='lat' dir='ltr'>ire</span> <span class='ocrx_word' id='word_1_235' title='bbox 208 3776 366 3847; x_wconf 89' lang='lat' dir='ltr'>oportebat,</span> <span class='ocrx_word' id='word_1_236' title='bbox 389 3791 452 3831; x_wconf 89' lang='lat' dir='ltr'>cum</span> <span class='ocrx_word' id='word_1_237' title='bbox 472 3779 567 3831; x_wconf 89' lang='lat' dir='ltr'>essent</span> <span class='ocrx_word' id='word_1_238' title='bbox 583 3775 664 3830; x_wconf 85' lang='lat' dir='ltr'>inha-</span> 
     </span>
     <span class='ocr_line' id='line_1_49' title="bbox 77 3845 665 3919; baseline -0.003 -16"><span class='ocrx_word' id='word_1_239' title='bbox 77 3846 150 3904; x_wconf 84' lang='lat' dir='ltr'>biles</span> <span class='ocrx_word' id='word_1_240' title='bbox 176 3846 213 3902; x_wconf 90' lang='lat' dir='ltr'>ad</span> <span class='ocrx_word' id='word_1_241' title='bbox 241 3845 376 3916; x_wconf 89' lang='lat' dir='ltr'>eundum,</span> <span class='ocrx_word' id='word_1_242' title='bbox 402 3848 524 3903; x_wconf 86' lang='lat' dir='ltr'>Domina</span> <span class='ocrx_word' id='word_1_243' title='bbox 547 3851 665 3919; x_wconf 89' lang='lat' dir='ltr'>propter</span> 
     </span>
     <span class='ocr_line' id='line_1_50' title="bbox 74 3918 664 4001; baseline 0 -27"><span class='ocrx_word' id='word_1_244' title='bbox 74 3919 263 3990; x_wconf 78' lang='lat' dir='ltr'>juventutem,</span> <span class='ocrx_word' id='word_1_245' title='bbox 279 3918 386 4001; x_wconf 89' lang='lat' dir='ltr'>Joseph</span> <span class='ocrx_word' id='word_1_246' title='bbox 400 3933 466 3974; x_wconf 82' lang='lat' dir='ltr'>vero</span> <span class='ocrx_word' id='word_1_247' title='bbox 486 3922 603 3990; x_wconf 88' lang='lat' dir='ltr'>propter</span> <span class='ocrx_word' id='word_1_248' title='bbox 620 3933 664 3974; x_wconf 92' lang='lat' dir='ltr'>se·</span> 
     </span>
     <span class='ocr_line' id='line_1_51' title="bbox 78 3989 665 4072; baseline -0.003 -26"><span class='ocrx_word' id='word_1_249' title='bbox 78 3989 299 4059; x_wconf 87' lang='lat' dir='ltr'>nectutem,ipse</span> <span class='ocrx_word' id='word_1_250' title='bbox 314 3994 401 4046; x_wconf 86' lang='lat' dir='ltr'>elram</span> <span class='ocrx_word' id='word_1_251' title='bbox 416 3990 490 4046; x_wconf 88' lang='lat' dir='ltr'>Puer</span> <span class='ocrx_word' id='word_1_252' title='bbox 501 4004 585 4072; x_wconf 87' lang='lat' dir='ltr'>quem</span> <span class='ocrx_word' id='word_1_253' title='bbox 600 4005 665 4061; x_wconf 93' lang='lat' dir='ltr'>por·</span> 
     </span>
     <span class='ocr_line' id='line_1_52' title="bbox 78 4060 662 4128; baseline -0.003 -12"><span class='ocrx_word' id='word_1_254' title='bbox 78 4060 662 4128; x_wconf 84' lang='lat' dir='ltr'>tarehabebaul,adhuctenerrimusorat.</span> 
     </span>
     <span class='ocr_line' id='line_1_53' title="bbox 79 4130 664 4204; baseline 0 -17"><span class='ocrx_word' id='word_1_255' title='bbox 79 4131 258 4204; x_wconf 88' lang='lat' dir='ltr'>Peregrinnri</span> <span class='ocrx_word' id='word_1_256' title='bbox 268 4147 380 4203; x_wconf 89' lang='lat' dir='ltr'>quoque</span> <span class='ocrx_word' id='word_1_257' title='bbox 390 4131 534 4188; x_wconf 88' lang='lat' dir='ltr'>habebant</span> <span class='ocrx_word' id='word_1_258' title='bbox 545 4130 575 4187; x_wconf 93' lang='lat' dir='ltr'>iu</span> <span class='ocrx_word' id='word_1_259' title='bbox 587 4136 664 4188; x_wconf 89' lang='lat' dir='ltr'>terra</span> 
     </span>
     <span class='ocr_line' id='line_1_54' title="bbox 77 4201 665 4275; baseline -0.002 -17"><span class='ocrx_word' id='word_1_260' title='bbox 77 4203 181 4272; x_wconf 87' lang='lat' dir='ltr'>aliena,</span> <span class='ocrx_word' id='word_1_261' title='bbox 192 4218 330 4275; x_wconf 88' lang='lat' dir='ltr'>pauperes</span> <span class='ocrx_word' id='word_1_262' title='bbox 342 4207 370 4258; x_wconf 88' lang='lat' dir='ltr'>ot</span> <span class='ocrx_word' id='word_1_263' title='bbox 381 4201 462 4274; x_wconf 89' lang='lat' dir='ltr'>quasi</span> <span class='ocrx_word' id='word_1_264' title='bbox 475 4201 546 4258; x_wconf 92' lang='lat' dir='ltr'>nihil</span> <span class='ocrx_word' id='word_1_265' title='bbox 559 4203 665 4259; x_wconf 87' lang='lat' dir='ltr'>haben-</span> 
     </span>
     <span class='ocr_line' id='line_1_55' title="bbox 77 4272 663 4332; baseline 0 -3"><span class='ocrx_word' id='word_1_266' title='bbox 77 4281 130 4330; x_wconf 88' lang='lat' dir='ltr'>tes.</span> <span class='ocrx_word' id='word_1_267' title='bbox 142 4273 244 4331; x_wconf 88' lang='lat' dir='ltr'>Omnia</span> <span class='ocrx_word' id='word_1_268' title='bbox 254 4272 330 4332; x_wconf 90' lang='lat' dir='ltr'>euim</span> <span class='ocrx_word' id='word_1_269' title='bbox 338 4273 468 4331; x_wconf 82' lang='lat' dir='ltr'>istasunt</span> <span class='ocrx_word' id='word_1_270' title='bbox 476 4272 663 4331; x_wconf 81' lang='lat' dir='ltr'>afflictionum</span> 
     </span>
     <span class='ocr_line' id='line_1_56' title="bbox 77 4342 661 4418; baseline -0.003 -17"><span class='ocrx_word' id='word_1_271' title='bbox 77 4344 208 4404; x_wconf 92' lang='lat' dir='ltr'>materia.</span> <span class='ocrx_word' id='word_1_272' title='bbox 235 4348 276 4404; x_wconf 86' lang='lat' dir='ltr'>Tu</span> <span class='ocrx_word' id='word_1_273' title='bbox 301 4360 425 4418; x_wconf 87' lang='lat' dir='ltr'>quoque,</span> <span class='ocrx_word' id='word_1_274' title='bbox 444 4359 509 4401; x_wconf 89' lang='lat' dir='ltr'>cum</span> <span class='ocrx_word' id='word_1_275' title='bbox 527 4342 661 4413; x_wconf 88' lang='lat' dir='ltr'>turbaris,</span> 
     </span>
    </p>
   </div>
   <div class='ocr_carea' id='block_1_3' title="bbox 721 492 1323 4418">
    <p class='ocr_par' dir='ltr' id='par_1_5' title="bbox 734 492 1323 693">
     <span class='ocr_line' id='line_1_57' title="bbox 734 492 1323 567; baseline 0.01 -18"><span class='ocrx_word' id='word_1_276' title='bbox 734 492 900 567; x_wconf 86' lang='lat' dir='ltr'>patientiam</span> <span class='ocrx_word' id='word_1_277' title='bbox 910 493 1055 563; x_wconf 87' lang='lat' dir='ltr'>habe,nec</span> <span class='ocrx_word' id='word_1_278' title='bbox 1065 494 1169 553; x_wconf 88' lang='lat' dir='ltr'>credas</span> <span class='ocrx_word' id='word_1_279' title='bbox 1178 496 1323 555; x_wconf 85' lang='lat' dir='ltr'>tibiabeo</span> 
     </span>
     <span class='ocr_line' id='line_1_58' title="bbox 734 564 1323 691; baseline 0.01 -70"><span class='ocrx_word' id='word_1_280' title='bbox 734 564 913 691; x_wconf 47' lang='lat' dir='ltr'>privilegium</span> <span class='ocrx_word' id='word_1_281' title='bbox 924 564 1081 638; x_wconf 86' lang='lat' dir='ltr'>dari,quod</span> <span class='ocrx_word' id='word_1_282' title='bbox 1090 582 1143 624; x_wconf 88' lang='lat' dir='ltr'>nec</span> <span class='ocrx_word' id='word_1_283' title='bbox 1151 567 1207 625; x_wconf 89' lang='lat' dir='ltr'>sibi</span> <span class='ocrx_word' id='word_1_284' title='bbox 1216 569 1323 640; x_wconf 90' lang='lat' dir='ltr'>tribuit,</span> 
     </span>
     <span class='ocr_line' id='line_1_59' title="bbox 734 652 893 693; baseline -0.019 -1"><span class='ocrx_word' id='word_1_285' title='bbox 734 653 786 693; x_wconf 90' lang='lat' dir='ltr'>nec</span> <span class='ocrx_word' id='word_1_286' title='bbox 829 652 893 692; x_wconf 83' lang='lat' dir='ltr'>arr.</span> 
     </span>
    </p>

    <p class='ocr_par' dir='ltr' id='par_1_6' title="bbox 729 708 1322 2211">
     <span class='ocr_line' id='line_1_60' title="bbox 769 708 1322 778; baseline 0.007 -14"><span class='ocrx_word' id='word_1_287' title='bbox 769 712 785 764; x_wconf 85' lang='lat'>6</span> <span class='ocrx_word' id='word_1_288' title='bbox 796 708 918 778; x_wconf 75' lang='lat' dir='ltr'>Quaere,</span> <span class='ocrx_word' id='word_1_289' title='bbox 930 725 1002 771; x_wconf 90' lang='lat' dir='ltr'>ouon</span> <span class='ocrx_word' id='word_1_290' title='bbox 1010 725 1149 766; x_wconf 79' lang='lat' dir='ltr'>seniorunt</span> <span class='ocrx_word' id='word_1_291' title='bbox 1158 711 1284 768; x_wconf 77' lang='lat' dir='ltr'>Daumius</span> <span class='ocrx_word' id='word_1_292' title='bbox 1294 729 1322 767; x_wconf 81' lang='lat' dir='ltr'>su</span> 
     </span>
     <span class='ocr_line' id='line_1_61' title="bbox 734 780 1322 848; baseline 0.01 -14"><span class='ocrx_word' id='word_1_293' title='bbox 734 796 873 834; x_wconf 81' lang='lat' dir='ltr'>osrsuorr.</span> <span class='ocrx_word' id='word_1_294' title='bbox 890 810 922 820; x_wconf 95' lang='lat'><em>-</em></span> <span class='ocrx_word' id='word_1_295' title='bbox 940 780 1056 848; x_wconf 83' lang='lat' dir='ltr'>Quarto,</span> <span class='ocrx_word' id='word_1_296' title='bbox 1069 780 1223 838; x_wconf 90' lang='lat' dir='ltr'>considera</span> <span class='ocrx_word' id='word_1_297' title='bbox 1244 783 1322 840; x_wconf 88' lang='lat' dir='ltr'>heni-</span> 
     </span>
     <span class='ocr_line' id='line_1_62' title="bbox 733 849 1322 920; baseline 0.01 -15"><span class='ocrx_word' id='word_1_298' title='bbox 733 849 870 920; x_wconf 86' lang='lat' dir='ltr'>guitatem</span> <span class='ocrx_word' id='word_1_299' title='bbox 895 850 1016 907; x_wconf 87' lang='lat' dir='ltr'>Domini.</span> <span class='ocrx_word' id='word_1_300' title='bbox 1042 851 1126 908; x_wconf 89' lang='lat' dir='ltr'>Vides</span> <span class='ocrx_word' id='word_1_301' title='bbox 1191 869 1239 910; x_wconf 88' lang='lat' dir='ltr'>am</span> <span class='ocrx_word' id='word_1_302' title='bbox 1269 855 1322 912; x_wconf 89' lang='lat' dir='ltr'>cito</span> 
     </span>
     <span class='ocr_line' id='line_1_63' title="bbox 733 920 1322 996; baseline 0.008 -18"><span class='ocrx_word' id='word_1_303' title='bbox 733 920 959 992; x_wconf 87' lang='lat' dir='ltr'>persecutionem</span> <span class='ocrx_word' id='word_1_304' title='bbox 977 922 1093 993; x_wconf 85' lang='lat' dir='ltr'>patitur,</span> <span class='ocrx_word' id='word_1_305' title='bbox 1108 928 1136 979; x_wconf 90' lang='lat' dir='ltr'>et</span> <span class='ocrx_word' id='word_1_306' title='bbox 1171 931 1276 996; x_wconf 87' lang='lat' dir='ltr'>ugatur</span> <span class='ocrx_word' id='word_1_307' title='bbox 1288 926 1322 983; x_wconf 88' lang='lat' dir='ltr'>de</span> 
     </span>
     <span class='ocr_line' id='line_1_64' title="bbox 734 992 1322 1068; baseline 0.01 -20"><span class='ocrx_word' id='word_1_308' title='bbox 734 999 810 1049; x_wconf 87' lang='lat' dir='ltr'>terra</span> <span class='ocrx_word' id='word_1_309' title='bbox 822 992 978 1049; x_wconf 86' lang='lat' dir='ltr'>nativitatis</span> <span class='ocrx_word' id='word_1_310' title='bbox 988 1009 1056 1061; x_wconf 84' lang='lat' dir='ltr'>suae,</span> <span class='ocrx_word' id='word_1_311' title='bbox 1065 1001 1094 1050; x_wconf 91' lang='lat' dir='ltr'>et</span> <span class='ocrx_word' id='word_1_312' title='bbox 1104 1011 1190 1066; x_wconf 87' lang='lat' dir='ltr'>quam</span> <span class='ocrx_word' id='word_1_313' title='bbox 1200 996 1322 1068; x_wconf 87' lang='lat' dir='ltr'>benigne</span> 
     </span>
     <span class='ocr_line' id='line_1_65' title="bbox 733 1063 1322 1139; baseline 0.008 -19"><span class='ocrx_word' id='word_1_314' title='bbox 733 1063 808 1120; x_wconf 90' lang='lat' dir='ltr'>cedit</span> <span class='ocrx_word' id='word_1_315' title='bbox 834 1064 922 1121; x_wconf 88' lang='lat' dir='ltr'>lurori</span> <span class='ocrx_word' id='word_1_316' title='bbox 944 1064 1131 1138; x_wconf 68' lang='lat' dir='ltr'>illiusquam</span> <span class='ocrx_word' id='word_1_317' title='bbox 1154 1072 1271 1139; x_wconf 83' lang='lat' dir='ltr'>poterat</span> <span class='ocrx_word' id='word_1_318' title='bbox 1294 1068 1322 1125; x_wconf 92' lang='lat' dir='ltr'>in</span> 
     </span>
     <span class='ocr_line' id='line_1_66' title="bbox 733 1137 1321 1210; baseline 0.009 -19"><span class='ocrx_word' id='word_1_319' title='bbox 733 1141 879 1192; x_wconf 87' lang='lat' dir='ltr'>momento</span> <span class='ocrx_word' id='word_1_320' title='bbox 904 1137 1033 1207; x_wconf 90' lang='lat' dir='ltr'>perdere.</span> <span class='ocrx_word' id='word_1_321' title='bbox 1057 1139 1158 1210; x_wconf 85' lang='lat' dir='ltr'>ltagna</span> <span class='ocrx_word' id='word_1_322' title='bbox 1182 1139 1321 1210; x_wconf 88' lang='lat' dir='ltr'>patientia</span> 
     </span>
     <span class='ocr_line' id='line_1_67' title="bbox 734 1206 1321 1281; baseline 0.009 -19"><span class='ocrx_word' id='word_1_323' title='bbox 734 1206 857 1276; x_wconf 85' lang='lat' dir='ltr'>Domini,</span> <span class='ocrx_word' id='word_1_324' title='bbox 873 1207 996 1264; x_wconf 89' lang='lat' dir='ltr'>sednon</span> <span class='ocrx_word' id='word_1_325' title='bbox 1016 1207 1110 1265; x_wconf 90' lang='lat' dir='ltr'>minor</span> <span class='ocrx_word' id='word_1_326' title='bbox 1127 1210 1190 1281; x_wconf 90' lang='lat' dir='ltr'>ejus</span> <span class='ocrx_word' id='word_1_327' title='bbox 1205 1211 1321 1267; x_wconf 93' lang='lat' dir='ltr'>humili·</span> 
     </span>
     <span class='ocr_line' id='line_1_68' title="bbox 732 1278 1322 1352; baseline 0.012 -20"><span class='ocrx_word' id='word_1_328' title='bbox 732 1278 1322 1352; x_wconf 83' lang='lat' dir='ltr'>tasllleeuimanteiaciempersecutoris</span> 
     </span>
     <span class='ocr_line' id='line_1_69' title="bbox 733 1349 1320 1425; baseline 0.01 -21"><span class='ocrx_word' id='word_1_329' title='bbox 733 1349 865 1420; x_wconf 86' lang='lat' dir='ltr'>lugit,cui</span> <span class='ocrx_word' id='word_1_330' title='bbox 875 1350 975 1422; x_wconf 84' lang='lat' dir='ltr'>hugeli</span> <span class='ocrx_word' id='word_1_331' title='bbox 986 1350 1158 1408; x_wconf 89' lang='lat' dir='ltr'>ministrant.</span> <span class='ocrx_word' id='word_1_332' title='bbox 1172 1354 1251 1410; x_wconf 89' lang='lat' dir='ltr'>Deus</span> <span class='ocrx_word' id='word_1_333' title='bbox 1263 1359 1320 1425; x_wconf 72' lang='lat' dir='ltr'>est,</span> 
     </span>
     <span class='ocr_line' id='line_1_70' title="bbox 732 1421 1320 1495; baseline 0.009 -18"><span class='ocrx_word' id='word_1_334' title='bbox 732 1422 782 1477; x_wconf 93' lang='lat' dir='ltr'>sed</span> <span class='ocrx_word' id='word_1_335' title='bbox 794 1429 824 1477; x_wconf 94' lang='lat' dir='ltr'>ut</span> <span class='ocrx_word' id='word_1_336' title='bbox 837 1422 922 1477; x_wconf 86' lang='lat' dir='ltr'>borno</span> <span class='ocrx_word' id='word_1_337' title='bbox 934 1421 1005 1493; x_wconf 89' lang='lat' dir='ltr'>lugit</span> <span class='ocrx_word' id='word_1_338' title='bbox 1017 1422 1156 1480; x_wconf 87' lang='lat' dir='ltr'>Herodem</span> <span class='ocrx_word' id='word_1_339' title='bbox 1171 1423 1320 1495; x_wconf 88' lang='lat' dir='ltr'>miserum,</span> 
     </span>
     <span class='ocr_line' id='line_1_71' title="bbox 732 1492 1321 1563; baseline 0.005 -14"><span class='ocrx_word' id='word_1_340' title='bbox 732 1492 779 1563; x_wconf 84' lang='lat' dir='ltr'>qui</span> <span class='ocrx_word' id='word_1_341' title='bbox 796 1492 936 1563; x_wconf 85' lang='lat' dir='ltr'>retugium</span> <span class='ocrx_word' id='word_1_342' title='bbox 955 1501 999 1550; x_wconf 91' lang='lat' dir='ltr'>est</span> <span class='ocrx_word' id='word_1_343' title='bbox 1018 1496 1156 1550; x_wconf 88' lang='lat' dir='ltr'>omnium.</span> <span class='ocrx_word' id='word_1_344' title='bbox 1173 1496 1321 1552; x_wconf 79' lang='lat' dir='ltr'>Profunda</span> 
     </span>
     <span class='ocr_line' id='line_1_72' title="bbox 732 1565 1318 1639; baseline 0.007 -20"><span class='ocrx_word' id='word_1_345' title='bbox 732 1565 792 1619; x_wconf 81' lang='lat' dir='ltr'>haec</span> <span class='ocrx_word' id='word_1_346' title='bbox 804 1565 866 1635; x_wconf 84' lang='lat' dir='ltr'>ejus</span> <span class='ocrx_word' id='word_1_347' title='bbox 876 1565 1032 1633; x_wconf 84' lang='lat' dir='ltr'>humilitas,</span> <span class='ocrx_word' id='word_1_348' title='bbox 1040 1569 1068 1621; x_wconf 91' lang='lat' dir='ltr'>et</span> <span class='ocrx_word' id='word_1_349' title='bbox 1078 1565 1150 1622; x_wconf 87' lang='lat' dir='ltr'>mira</span> <span class='ocrx_word' id='word_1_350' title='bbox 1163 1565 1318 1639; x_wconf 87' lang='lat' dir='ltr'>patientia:</span> 
     </span>
     <span class='ocr_line' id='line_1_73' title="bbox 731 1634 1320 1708; baseline 0.01 -19"><span class='ocrx_word' id='word_1_351' title='bbox 731 1634 847 1692; x_wconf 89' lang='lat' dir='ltr'>nolebat</span> <span class='ocrx_word' id='word_1_352' title='bbox 869 1635 1043 1708; x_wconf 90' lang='lat' dir='ltr'>persecutori</span> <span class='ocrx_word' id='word_1_353' title='bbox 1072 1636 1162 1693; x_wconf 87' lang='lat' dir='ltr'>vicem</span> <span class='ocrx_word' id='word_1_354' title='bbox 1187 1638 1320 1706; x_wconf 87' lang='lat' dir='ltr'>reddere,</span> 
     </span>
     <span class='ocr_line' id='line_1_74' title="bbox 731 1706 1320 1780; baseline 0.008 -19"><span class='ocrx_word' id='word_1_355' title='bbox 731 1722 783 1762; x_wconf 89' lang='lat' dir='ltr'>uec</span> <span class='ocrx_word' id='word_1_356' title='bbox 795 1722 859 1763; x_wconf 87' lang='lat' dir='ltr'>euro</span> <span class='ocrx_word' id='word_1_357' title='bbox 872 1706 1028 1776; x_wconf 87' lang='lat' dir='ltr'>ollendere,</span> <span class='ocrx_word' id='word_1_358' title='bbox 1040 1707 1091 1763; x_wconf 90' lang='lat' dir='ltr'>sed</span> <span class='ocrx_word' id='word_1_359' title='bbox 1101 1707 1238 1780; x_wconf 89' lang='lat' dir='ltr'>lugiendo</span> <span class='ocrx_word' id='word_1_360' title='bbox 1249 1709 1320 1766; x_wconf 91' lang='lat' dir='ltr'>iusi·</span> 
     </span>
     <span class='ocr_line' id='line_1_75' title="bbox 731 1776 1321 1850; baseline 0.008 -18"><span class='ocrx_word' id='word_1_361' title='bbox 731 1776 793 1833; x_wconf 87' lang='lat' dir='ltr'>dias</span> <span class='ocrx_word' id='word_1_362' title='bbox 808 1777 909 1834; x_wconf 85' lang='lat' dir='ltr'>vitare.</span> <span class='ocrx_word' id='word_1_363' title='bbox 923 1781 955 1834; x_wconf 93' lang='lat' dir='ltr'>lu</span> <span class='ocrx_word' id='word_1_364' title='bbox 969 1794 1025 1850; x_wconf 90' lang='lat' dir='ltr'>quo</span> <span class='ocrx_word' id='word_1_365' title='bbox 1039 1778 1117 1835; x_wconf 91' lang='lat' dir='ltr'>dedit</span> <span class='ocrx_word' id='word_1_366' title='bbox 1129 1780 1215 1837; x_wconf 89' lang='lat' dir='ltr'>nobis</span> <span class='ocrx_word' id='word_1_367' title='bbox 1229 1796 1321 1838; x_wconf 82' lang='lat' dir='ltr'>exem-</span> 
     </span>
     <span class='ocr_line' id='line_1_76' title="bbox 730 1848 1318 1922; baseline 0.009 -19"><span class='ocrx_word' id='word_1_368' title='bbox 730 1848 820 1920; x_wconf 90' lang='lat' dir='ltr'>plum,</span> <span class='ocrx_word' id='word_1_369' title='bbox 836 1853 867 1905; x_wconf 95' lang='lat' dir='ltr'>ut</span> <span class='ocrx_word' id='word_1_370' title='bbox 883 1853 912 1905; x_wconf 90' lang='lat' dir='ltr'>et</span> <span class='ocrx_word' id='word_1_371' title='bbox 933 1866 984 1906; x_wconf 93' lang='lat' dir='ltr'>nos</span> <span class='ocrx_word' id='word_1_372' title='bbox 1001 1849 1042 1906; x_wconf 89' lang='lat' dir='ltr'>sic</span> <span class='ocrx_word' id='word_1_373' title='bbox 1061 1849 1154 1907; x_wconf 86' lang='lat' dir='ltr'>lacere</span> <span class='ocrx_word' id='word_1_374' title='bbox 1169 1868 1318 1922; x_wconf 91' lang='lat' dir='ltr'>conemur,</span> 
     </span>
     <span class='ocr_line' id='line_1_77' title="bbox 730 1920 1318 1995; baseline 0.01 -20"><span class='ocrx_word' id='word_1_375' title='bbox 730 1920 838 1976; x_wconf 89' lang='lat' dir='ltr'>scilicet</span> <span class='ocrx_word' id='word_1_376' title='bbox 851 1921 1069 1978; x_wconf 88' lang='lat' dir='ltr'>adversantibus</span> <span class='ocrx_word' id='word_1_377' title='bbox 1085 1922 1127 1977; x_wconf 87' lang='lat' dir='ltr'>vel</span> <span class='ocrx_word' id='word_1_378' title='bbox 1145 1938 1318 1995; x_wconf 89' lang='lat' dir='ltr'>persequen-</span> 
     </span>
     <span class='ocr_line' id='line_1_78' title="bbox 729 1990 1318 2066; baseline 0.008 -20"><span class='ocrx_word' id='word_1_379' title='bbox 729 1990 805 2048; x_wconf 87' lang='lat' dir='ltr'>tibus</span> <span class='ocrx_word' id='word_1_380' title='bbox 821 2008 878 2047; x_wconf 94' lang='lat' dir='ltr'>non</span> <span class='ocrx_word' id='word_1_381' title='bbox 895 1992 1039 2061; x_wconf 90' lang='lat' dir='ltr'>resistere,</span> <span class='ocrx_word' id='word_1_382' title='bbox 1052 1994 1095 2050; x_wconf 85' lang='lat' dir='ltr'>vel</span> <span class='ocrx_word' id='word_1_383' title='bbox 1116 1993 1152 2050; x_wconf 91' lang='lat' dir='ltr'>de</span> <span class='ocrx_word' id='word_1_384' title='bbox 1171 1991 1243 2066; x_wconf 90' lang='lat' dir='ltr'>ipsis</span> <span class='ocrx_word' id='word_1_385' title='bbox 1259 1994 1318 2051; x_wconf 83' lang='lat' dir='ltr'>vin·</span> 
     </span>
     <span class='ocr_line' id='line_1_79' title="bbox 729 2062 1319 2138; baseline 0.008 -20"><span class='ocrx_word' id='word_1_386' title='bbox 729 2062 834 2118; x_wconf 86' lang='lat' dir='ltr'>dictam</span> <span class='ocrx_word' id='word_1_387' title='bbox 844 2068 976 2134; x_wconf 87' lang='lat' dir='ltr'>expetere</span> <span class='ocrx_word' id='word_1_388' title='bbox 987 2081 994 2121; x_wconf 77' lang='lat' dir='ltr'><strong><em>z</em></strong></span> <span class='ocrx_word' id='word_1_389' title='bbox 1005 2064 1055 2120; x_wconf 90' lang='lat' dir='ltr'>sed</span> <span class='ocrx_word' id='word_1_390' title='bbox 1066 2064 1211 2137; x_wconf 87' lang='lat' dir='ltr'>patienter</span> <span class='ocrx_word' id='word_1_391' title='bbox 1223 2082 1319 2138; x_wconf 84' lang='lat' dir='ltr'>exspe-</span> 
     </span>
     <span class='ocr_line' id='line_1_80' title="bbox 729 2134 1318 2211; baseline 0.007 -21"><span class='ocrx_word' id='word_1_392' title='bbox 729 2134 1318 2211; x_wconf 84' lang='lat' dir='ltr'>ctare,etluroriipsorumcedere,etquod</span> 
     </span>
    </p>

    <p class='ocr_par' dir='ltr' id='par_1_7' title="bbox 724 2205 1317 3135">
     <span class='ocr_line' id='line_1_81' title="bbox 750 2205 1315 2278; baseline 0.007 -18"><span class='ocrx_word' id='word_1_393' title='bbox 750 2205 792 2262; x_wconf 89' lang='lat' dir='ltr'>lus</span> <span class='ocrx_word' id='word_1_394' title='bbox 804 2212 857 2274; x_wconf 89' lang='lat' dir='ltr'>est,</span> <span class='ocrx_word' id='word_1_395' title='bbox 869 2210 900 2262; x_wconf 94' lang='lat' dir='ltr'>ut</span> <span class='ocrx_word' id='word_1_396' title='bbox 914 2205 981 2262; x_wconf 91' lang='lat' dir='ltr'>alibi</span> <span class='ocrx_word' id='word_1_397' title='bbox 994 2207 1087 2276; x_wconf 93' lang='lat' dir='ltr'>docet,</span> <span class='ocrx_word' id='word_1_398' title='bbox 1101 2222 1151 2278; x_wconf 92' lang='lat' dir='ltr'>pro</span> <span class='ocrx_word' id='word_1_399' title='bbox 1164 2207 1208 2264; x_wconf 89' lang='lat' dir='ltr'>eis</span> <span class='ocrx_word' id='word_1_400' title='bbox 1222 2224 1315 2267; x_wconf 81' lang='lat' dir='ltr'>oraro.</span> 
     </span>
     <span class='ocr_line' id='line_1_82' title="bbox 728 2221 1315 2350; baseline 0.003 -17"><span class='ocrx_word' id='word_1_401' title='bbox 728 2221 799 2344; x_wconf 57' lang='lat' dir='ltr'>guia</span> <span class='ocrx_word' id='word_1_402' title='bbox 818 2277 893 2333; x_wconf 92' lang='lat' dir='ltr'>euim</span> <span class='ocrx_word' id='word_1_403' title='bbox 914 2277 1061 2347; x_wconf 85' lang='lat' dir='ltr'>Dominus,</span> <span class='ocrx_word' id='word_1_404' title='bbox 1076 2295 1111 2334; x_wconf 95' lang='lat' dir='ltr'>ue</span> <span class='ocrx_word' id='word_1_405' title='bbox 1125 2279 1315 2350; x_wconf 84' lang='lat' dir='ltr'>occideretur,</span> 
     </span>
     <span class='ocr_line' id='line_1_83' title="bbox 728 2347 1317 2423; baseline 0.008 -20"><span class='ocrx_word' id='word_1_406' title='bbox 728 2348 856 2405; x_wconf 91' lang='lat' dir='ltr'>sublatus</span> <span class='ocrx_word' id='word_1_407' title='bbox 875 2353 918 2405; x_wconf 92' lang='lat' dir='ltr'>est</span> <span class='ocrx_word' id='word_1_408' title='bbox 942 2347 972 2404; x_wconf 93' lang='lat' dir='ltr'>iu</span> <span class='ocrx_word' id='word_1_409' title='bbox 995 2351 1155 2421; x_wconf 84' lang='lat' dir='ltr'>AEgyptum,</span> <span class='ocrx_word' id='word_1_410' title='bbox 1171 2349 1317 2423; x_wconf 83' lang='lat' dir='ltr'>significat</span> 
     </span>
     <span class='ocr_line' id='line_1_84' title="bbox 728 2419 1316 2501; baseline 0.007 -27"><span class='ocrx_word' id='word_1_411' title='bbox 728 2420 833 2476; x_wconf 91' lang='lat' dir='ltr'>electos</span> <span class='ocrx_word' id='word_1_412' title='bbox 848 2420 951 2501; x_wconf 85' lang='lat' dir='ltr'>saepins</span> <span class='ocrx_word' id='word_1_413' title='bbox 966 2419 1106 2477; x_wconf 89' lang='lat' dir='ltr'>malorum</span> <span class='ocrx_word' id='word_1_414' title='bbox 1121 2420 1316 2493; x_wconf 80' lang='lat' dir='ltr'>improbitate,</span> 
     </span>
     <span class='ocr_line' id='line_1_85' title="bbox 728 2489 1314 2564; baseline 0.009 -19"><span class='ocrx_word' id='word_1_415' title='bbox 728 2489 786 2546; x_wconf 91' lang='lat' dir='ltr'>suis</span> <span class='ocrx_word' id='word_1_416' title='bbox 801 2507 816 2547; x_wconf 92' lang='lat' dir='ltr'>e</span> <span class='ocrx_word' id='word_1_417' title='bbox 834 2491 949 2547; x_wconf 84' lang='lat' dir='ltr'>sedibus</span> <span class='ocrx_word' id='word_1_418' title='bbox 968 2491 1146 2564; x_wconf 78' lang='lat' dir='ltr'>effugandos,</span> <span class='ocrx_word' id='word_1_419' title='bbox 1164 2493 1208 2549; x_wconf 89' lang='lat' dir='ltr'>vel</span> <span class='ocrx_word' id='word_1_420' title='bbox 1227 2495 1314 2551; x_wconf 89' lang='lat' dir='ltr'>etiam</span> 
     </span>
     <span class='ocr_line' id='line_1_86' title="bbox 728 2561 1316 2634; baseline 0.005 -18"><span class='ocrx_word' id='word_1_421' title='bbox 728 2561 809 2617; x_wconf 88' lang='lat' dir='ltr'>exilio</span> <span class='ocrx_word' id='word_1_422' title='bbox 825 2562 1011 2618; x_wconf 85' lang='lat' dir='ltr'>damnandos.</span> <span class='ocrx_word' id='word_1_423' title='bbox 1024 2565 1054 2619; x_wconf 93' lang='lat' dir='ltr'>ln</span> <span class='ocrx_word' id='word_1_424' title='bbox 1070 2579 1127 2634; x_wconf 87' lang='lat' dir='ltr'>quo</span> <span class='ocrx_word' id='word_1_425' title='bbox 1138 2566 1226 2621; x_wconf 86' lang='lat' dir='ltr'>etiam</span> <span class='ocrx_word' id='word_1_426' title='bbox 1238 2563 1316 2622; x_wconf 87' lang='lat' dir='ltr'>debi-</span> 
     </span>
     <span class='ocr_line' id='line_1_87' title="bbox 727 2631 1314 2717; baseline 0.007 -30"><span class='ocrx_word' id='word_1_427' title='bbox 727 2631 801 2689; x_wconf 89' lang='lat' dir='ltr'>libus</span> <span class='ocrx_word' id='word_1_428' title='bbox 825 2634 984 2706; x_wconf 81' lang='lat' dir='ltr'>exemplum</span> <span class='ocrx_word' id='word_1_429' title='bbox 1010 2634 1136 2717; x_wconf 77' lang='lat' dir='ltr'>reliquit,</span> <span class='ocrx_word' id='word_1_430' title='bbox 1150 2640 1179 2690; x_wconf 92' lang='lat' dir='ltr'>et</span> <span class='ocrx_word' id='word_1_431' title='bbox 1203 2652 1254 2693; x_wconf 90' lang='lat' dir='ltr'>eos</span> <span class='ocrx_word' id='word_1_432' title='bbox 1278 2635 1314 2692; x_wconf 88' lang='lat' dir='ltr'>ad</span> 
     </span>
     <span class='ocr_line' id='line_1_88' title="bbox 726 2704 1315 2829; baseline 0.008 -70"><span class='ocrx_word' id='word_1_433' title='bbox 726 2704 892 2829; x_wconf 59' lang='lat' dir='ltr'>patientiam</span> <span class='ocrx_word' id='word_1_434' title='bbox 926 2705 1105 2761; x_wconf 83' lang='lat' dir='ltr'>confortavit.</span> <span class='ocrx_word' id='word_1_435' title='bbox 1136 2707 1207 2763; x_wconf 87' lang='lat' dir='ltr'>Nam</span> <span class='ocrx_word' id='word_1_436' title='bbox 1238 2706 1315 2779; x_wconf 86' lang='lat' dir='ltr'>quod</span> 
     </span>
     <span class='ocr_line' id='line_1_89' title="bbox 739 2775 1312 2849; baseline 0.007 -18"><span class='ocrx_word' id='word_1_437' title='bbox 739 2778 808 2847; x_wconf 86' lang='lat' dir='ltr'>ugit,</span> <span class='ocrx_word' id='word_1_438' title='bbox 823 2775 896 2832; x_wconf 88' lang='lat' dir='ltr'>sacri</span> <span class='ocrx_word' id='word_1_439' title='bbox 910 2776 962 2833; x_wconf 88' lang='lat' dir='ltr'>init</span> <span class='ocrx_word' id='word_1_440' title='bbox 975 2776 1106 2849; x_wconf 81' lang='lat' dir='ltr'>exempli,</span> <span class='ocrx_word' id='word_1_441' title='bbox 1119 2793 1176 2834; x_wconf 89' lang='lat' dir='ltr'>non</span> <span class='ocrx_word' id='word_1_442' title='bbox 1189 2777 1312 2847; x_wconf 89' lang='lat' dir='ltr'>timoris,</span> 
     </span>
     <span class='ocr_line' id='line_1_90' title="bbox 726 2848 1312 2920; baseline 0.005 -18"><span class='ocrx_word' id='word_1_443' title='bbox 726 2853 757 2903; x_wconf 91' lang='lat' dir='ltr'>ut</span> <span class='ocrx_word' id='word_1_444' title='bbox 770 2848 929 2920; x_wconf 88' lang='lat' dir='ltr'>exemplum</span> <span class='ocrx_word' id='word_1_445' title='bbox 941 2848 1022 2904; x_wconf 90' lang='lat' dir='ltr'>daret</span> <span class='ocrx_word' id='word_1_446' title='bbox 1033 2849 1103 2917; x_wconf 92' lang='lat' dir='ltr'>suis,</span> <span class='ocrx_word' id='word_1_447' title='bbox 1114 2848 1236 2906; x_wconf 88' lang='lat' dir='ltr'>maxime</span> <span class='ocrx_word' id='word_1_448' title='bbox 1249 2864 1312 2907; x_wconf 89' lang='lat' dir='ltr'>cum</span> 
     </span>
     <span class='ocr_line' id='line_1_91' title="bbox 727 2919 1314 2992; baseline 0.007 -19"><span class='ocrx_word' id='word_1_449' title='bbox 727 2919 792 2989; x_wconf 88' lang='lat' dir='ltr'>luga</span> <span class='ocrx_word' id='word_1_450' title='bbox 815 2924 843 2975; x_wconf 92' lang='lat' dir='ltr'>et</span> <span class='ocrx_word' id='word_1_451' title='bbox 865 2919 1042 2976; x_wconf 88' lang='lat' dir='ltr'>conservatio</span> <span class='ocrx_word' id='word_1_452' title='bbox 1065 2919 1174 2992; x_wconf 83' lang='lat' dir='ltr'>praeloti</span> <span class='ocrx_word' id='word_1_453' title='bbox 1198 2921 1314 2992; x_wconf 91' lang='lat' dir='ltr'>prodest</span> 
     </span>
     <span class='ocr_line' id='line_1_92' title="bbox 726 2989 1315 3064; baseline 0.007 -19"><span class='ocrx_word' id='word_1_454' title='bbox 726 2989 1315 3064; x_wconf 80' lang='lat' dir='ltr'>Ecclesiae,utPauli;etquandogrexuou</span> 
     </span>
     <span class='ocr_line' id='line_1_93' title="bbox 724 3060 1170 3135; baseline 0.007 -19"><span class='ocrx_word' id='word_1_455' title='bbox 724 3060 902 3132; x_wconf 87' lang='lat' dir='ltr'>periclitatur</span> <span class='ocrx_word' id='word_1_456' title='bbox 919 3061 954 3117; x_wconf 89' lang='lat' dir='ltr'>de</span> <span class='ocrx_word' id='word_1_457' title='bbox 968 3062 1035 3132; x_wconf 89' lang='lat' dir='ltr'>luga</span> <span class='ocrx_word' id='word_1_458' title='bbox 1049 3061 1170 3135; x_wconf 83' lang='lat' dir='ltr'>praelati.</span> 
     </span>
    </p>

    <p class='ocr_par' dir='ltr' id='par_1_8' title="bbox 723 3135 1315 4129">
     <span class='ocr_line' id='line_1_94' title="bbox 761 3135 1315 3205; baseline 0.002 -17"><span class='ocrx_word' id='word_1_459' title='bbox 761 3157 776 3205; x_wconf 91' lang='lat'><em>7</em></span> <span class='ocrx_word' id='word_1_460' title='bbox 802 3135 962 3188; x_wconf 76' lang='lat' dir='ltr'>Moniuren</span> <span class='ocrx_word' id='word_1_461' title='bbox 984 3151 1048 3196; x_wconf 78' lang='lat' dir='ltr'>outo</span> <span class='ocrx_word' id='word_1_462' title='bbox 1073 3151 1222 3189; x_wconf 79' lang='lat' dir='ltr'>siourrrcsr</span> <span class='ocrx_word' id='word_1_463' title='bbox 1245 3150 1315 3191; x_wconf 75' lang='lat' dir='ltr'>ruer</span> 
     </span>
     <span class='ocr_line' id='line_1_95' title="bbox 725 3204 1314 3278; baseline 0.003 -18"><span class='ocrx_word' id='word_1_464' title='bbox 725 3207 844 3261; x_wconf 78' lang='lat' dir='ltr'>Dormit</span> <span class='ocrx_word' id='word_1_465' title='bbox 855 3236 889 3244; x_wconf 91' lang='lat'><em>-</em></span> <span class='ocrx_word' id='word_1_466' title='bbox 902 3204 1047 3260; x_wconf 84' lang='lat' dir='ltr'>Moraliter</span> <span class='ocrx_word' id='word_1_467' title='bbox 1058 3220 1109 3276; x_wconf 91' lang='lat' dir='ltr'>per</span> <span class='ocrx_word' id='word_1_468' title='bbox 1122 3205 1218 3278; x_wconf 86' lang='lat' dir='ltr'>lugam</span> <span class='ocrx_word' id='word_1_469' title='bbox 1230 3204 1314 3262; x_wconf 84' lang='lat' dir='ltr'>istem</span> 
     </span>
     <span class='ocr_line' id='line_1_96' title="bbox 725 3275 1315 3402; baseline 0.003 -72"><span class='ocrx_word' id='word_1_470' title='bbox 725 3275 755 3330; x_wconf 91' lang='lat' dir='ltr'>in</span> <span class='ocrx_word' id='word_1_471' title='bbox 769 3277 930 3401; x_wconf 51' lang='lat' dir='ltr'>AEgfplum,</span> <span class='ocrx_word' id='word_1_472' title='bbox 945 3275 1122 3402; x_wconf 55' lang='grc' dir='ltr'>εἎιρρίΙοαωι·</span> <span class='ocrx_word' id='word_1_473' title='bbox 1135 3277 1204 3348; x_wconf 89' lang='lat' dir='ltr'>luga</span> <span class='ocrx_word' id='word_1_474' title='bbox 1214 3275 1315 3358; x_wconf 81' lang='lat' dir='ltr'>justia</span> 
     </span>
     <span class='ocr_line' id='line_1_97' title="bbox 724 3347 1313 3420; baseline 0.003 -18"><span class='ocrx_word' id='word_1_475' title='bbox 724 3362 849 3418; x_wconf 85' lang='lat' dir='ltr'>pericuo</span> <span class='ocrx_word' id='word_1_476' title='bbox 867 3352 896 3402; x_wconf 89' lang='lat' dir='ltr'>ot</span> <span class='ocrx_word' id='word_1_477' title='bbox 913 3362 963 3418; x_wconf 89' lang='lat' dir='ltr'>per</span> <span class='ocrx_word' id='word_1_478' title='bbox 983 3352 1071 3404; x_wconf 83' lang='lat' dir='ltr'>itione</span> <span class='ocrx_word' id='word_1_479' title='bbox 1086 3347 1196 3420; x_wconf 87' lang='lat' dir='ltr'>peccati</span> <span class='ocrx_word' id='word_1_480' title='bbox 1212 3363 1242 3403; x_wconf 92' lang='lat' dir='ltr'>m</span> <span class='ocrx_word' id='word_1_481' title='bbox 1257 3352 1313 3404; x_wconf 82' lang='lat' dir='ltr'>sta·</span> 
     </span>
     <span class='ocr_line' id='line_1_98' title="bbox 725 3417 1314 3489; baseline 0.003 -16"><span class='ocrx_word' id='word_1_482' title='bbox 725 3424 785 3473; x_wconf 92' lang='lat' dir='ltr'>tum</span> <span class='ocrx_word' id='word_1_483' title='bbox 807 3417 995 3489; x_wconf 74' lang='lat' dir='ltr'>poenitentiae,</span> <span class='ocrx_word' id='word_1_484' title='bbox 1021 3417 1068 3474; x_wconf 94' lang='lat' dir='ltr'>ubi</span> <span class='ocrx_word' id='word_1_485' title='bbox 1091 3418 1176 3476; x_wconf 92' lang='lat' dir='ltr'>debet</span> <span class='ocrx_word' id='word_1_486' title='bbox 1198 3433 1314 3475; x_wconf 89' lang='lat' dir='ltr'>manere</span> 
     </span>
     <span class='ocr_line' id='line_1_99' title="bbox 724 3488 1313 3560; baseline 0.003 -16"><span class='ocrx_word' id='word_1_487' title='bbox 724 3504 815 3560; x_wconf 87' lang='lat' dir='ltr'>usque</span> <span class='ocrx_word' id='word_1_488' title='bbox 844 3488 880 3545; x_wconf 85' lang='lat' dir='ltr'>ed</span> <span class='ocrx_word' id='word_1_489' title='bbox 908 3489 1018 3545; x_wconf 91' lang='lat' dir='ltr'>obitum</span> <span class='ocrx_word' id='word_1_490' title='bbox 1048 3489 1178 3558; x_wconf 91' lang='lat' dir='ltr'>Herodis,</span> <span class='ocrx_word' id='word_1_491' title='bbox 1203 3489 1233 3545; x_wconf 89' lang='lat' dir='ltr'>id</span> <span class='ocrx_word' id='word_1_492' title='bbox 1259 3493 1313 3558; x_wconf 85' lang='lat' dir='ltr'>est,</span> 
     </span>
     <span class='ocr_line' id='line_1_100' title="bbox 725 3558 1312 3631; baseline 0 -16"><span class='ocrx_word' id='word_1_493' title='bbox 725 3560 814 3615; x_wconf 91' lang='lat' dir='ltr'>donec</span> <span class='ocrx_word' id='word_1_494' title='bbox 833 3565 946 3616; x_wconf 90' lang='lat' dir='ltr'>cessent</span> <span class='ocrx_word' id='word_1_495' title='bbox 964 3559 1194 3631; x_wconf 86' lang='lat' dir='ltr'>impugnationes</span> <span class='ocrx_word' id='word_1_496' title='bbox 1212 3558 1312 3616; x_wconf 89' lang='lat' dir='ltr'>bostis.</span> 
     </span>
     <span class='ocr_line' id='line_1_101' title="bbox 725 3630 1312 3702; baseline 0 -16"><span class='ocrx_word' id='word_1_497' title='bbox 725 3630 1312 3702; x_wconf 81' lang='lat' dir='ltr'>Fugiebatquoquebomiuusantelaciem</span> 
     </span>
     <span class='ocr_line' id='line_1_102' title="bbox 724 3701 1312 3774; baseline -0.002 -16"><span class='ocrx_word' id='word_1_498' title='bbox 724 3701 798 3758; x_wconf 88' lang='lat' dir='ltr'>servi</span> <span class='ocrx_word' id='word_1_499' title='bbox 809 3702 852 3758; x_wconf 89' lang='lat' dir='ltr'>sui</span> <span class='ocrx_word' id='word_1_500' title='bbox 865 3702 922 3759; x_wconf 89' lang='lat' dir='ltr'>imo</span> <span class='ocrx_word' id='word_1_501' title='bbox 936 3702 1031 3774; x_wconf 93' lang='lat' dir='ltr'>potius</span> <span class='ocrx_word' id='word_1_502' title='bbox 1040 3702 1114 3758; x_wconf 80' lang='lat' dir='ltr'>servi</span> <span class='ocrx_word' id='word_1_503' title='bbox 1127 3701 1245 3770; x_wconf 87' lang='lat' dir='ltr'>diaboli,</span> <span class='ocrx_word' id='word_1_504' title='bbox 1256 3717 1312 3758; x_wconf 92' lang='lat' dir='ltr'>nou</span> 
     </span>
     <span class='ocr_line' id='line_1_103' title="bbox 724 3772 1312 3900; baseline 0 -72"><span class='ocrx_word' id='word_1_505' title='bbox 724 3773 800 3845; x_wconf 86' lang='lat' dir='ltr'>quod</span> <span class='ocrx_word' id='word_1_506' title='bbox 814 3779 934 3830; x_wconf 87' lang='lat' dir='ltr'>mortem</span> <span class='ocrx_word' id='word_1_507' title='bbox 947 3772 1070 3837; x_wconf 82' lang='lat' dir='ltr'>timeret,</span> <span class='ocrx_word' id='word_1_508' title='bbox 1081 3773 1132 3830; x_wconf 91' lang='lat' dir='ltr'>sed</span> <span class='ocrx_word' id='word_1_509' title='bbox 1142 3778 1174 3830; x_wconf 93' lang='lat' dir='ltr'>ut</span> <span class='ocrx_word' id='word_1_510' title='bbox 1183 3777 1312 3900; x_wconf 58' lang='lat' dir='ltr'>tempore</span> 
     </span>
     <span class='ocr_line' id='line_1_104' title="bbox 725 3843 1313 3917; baseline -0.002 -17"><span class='ocrx_word' id='word_1_511' title='bbox 725 3860 851 3917; x_wconf 87' lang='lat' dir='ltr'>congruo</span> <span class='ocrx_word' id='word_1_512' title='bbox 875 3844 1037 3901; x_wconf 88' lang='lat' dir='ltr'>sustineret.</span> <span class='ocrx_word' id='word_1_513' title='bbox 1057 3846 1117 3901; x_wconf 92' lang='lat' dir='ltr'>Non</span> <span class='ocrx_word' id='word_1_514' title='bbox 1141 3844 1220 3902; x_wconf 91' lang='lat' dir='ltr'>enim</span> <span class='ocrx_word' id='word_1_515' title='bbox 1255 3843 1313 3917; x_wconf 92' lang='lat' dir='ltr'>ugit</span> 
     </span>
     <span class='ocr_line' id='line_1_105' title="bbox 725 3913 1312 3988; baseline -0.002 -16"><span class='ocrx_word' id='word_1_516' title='bbox 725 3922 857 3983; x_wconf 87' lang='lat' dir='ltr'>mortem,</span> <span class='ocrx_word' id='word_1_517' title='bbox 873 3915 920 3988; x_wconf 91' lang='lat' dir='ltr'>qui</span> <span class='ocrx_word' id='word_1_518' title='bbox 942 3915 1014 3972; x_wconf 93' lang='lat' dir='ltr'>mori</span> <span class='ocrx_word' id='word_1_519' title='bbox 1032 3921 1159 3985; x_wconf 85' lang='lat' dir='ltr'>venerat,</span> <span class='ocrx_word' id='word_1_520' title='bbox 1173 3931 1228 3972; x_wconf 89' lang='lat' dir='ltr'>nec</span> <span class='ocrx_word' id='word_1_521' title='bbox 1243 3913 1312 3972; x_wconf 88' lang='lat' dir='ltr'>insi·</span> 
     </span>
     <span class='ocr_line' id='line_1_106' title="bbox 724 3985 1313 4059; baseline 0.002 -17"><span class='ocrx_word' id='word_1_522' title='bbox 724 3987 786 4043; x_wconf 91' lang='lat' dir='ltr'>dias</span> <span class='ocrx_word' id='word_1_523' title='bbox 801 3987 923 4059; x_wconf 79' lang='lat' dir='ltr'>expavit,</span> <span class='ocrx_word' id='word_1_524' title='bbox 937 3985 984 4059; x_wconf 83' lang='lat' dir='ltr'>qrri</span> <span class='ocrx_word' id='word_1_525' title='bbox 996 3985 1115 4044; x_wconf 88' lang='lat' dir='ltr'>iusidias</span> <span class='ocrx_word' id='word_1_526' title='bbox 1129 3993 1159 4045; x_wconf 92' lang='lat' dir='ltr'>et</span> <span class='ocrx_word' id='word_1_527' title='bbox 1172 3985 1313 4044; x_wconf 82' lang='lat' dir='ltr'>versutias</span> 
     </span>
     <span class='ocr_line' id='line_1_107' title="bbox 723 4057 1096 4129; baseline 0 -15"><span class='ocrx_word' id='word_1_528' title='bbox 723 4057 829 4115; x_wconf 90' lang='lat' dir='ltr'>diaboli</span> <span class='ocrx_word' id='word_1_529' title='bbox 844 4057 955 4129; x_wconf 90' lang='lat' dir='ltr'>aperire</span> <span class='ocrx_word' id='word_1_530' title='bbox 970 4061 1096 4115; x_wconf 86' lang='lat' dir='ltr'>venerat.</span> 
     </span>
    </p>

    <p class='ocr_par' dir='ltr' id='par_1_9' title="bbox 721 4132 1314 4418">
     <span class='ocr_line' id='line_1_108' title="bbox 759 4132 1311 4198; baseline -0.002 -13"><span class='ocrx_word' id='word_1_531' title='bbox 759 4132 1311 4198; x_wconf 76' lang='lat' dir='ltr'>8Lonorruoonrrrrcourusoosmnrms3</span> 
     </span>
     <span class='ocr_line' id='line_1_109' title="bbox 723 4204 1313 4265; baseline 0 -9"><span class='ocrx_word' id='word_1_532' title='bbox 723 4219 755 4256; x_wconf 74' lang='grc' dir='ltr'>ετ</span> <span class='ocrx_word' id='word_1_533' title='bbox 770 4219 898 4265; x_wconf 79' lang='lat' dir='ltr'>ououooo</span> <span class='ocrx_word' id='word_1_534' title='bbox 911 4204 1002 4258; x_wconf 71' lang='lat' dir='ltr'>nunu</span> <span class='ocrx_word' id='word_1_535' title='bbox 1014 4219 1046 4257; x_wconf 83' lang='lat' dir='ltr'>ur</span> <span class='ocrx_word' id='word_1_536' title='bbox 1058 4204 1161 4258; x_wconf 79' lang='lat' dir='ltr'>Josuru</span> <span class='ocrx_word' id='word_1_537' title='bbox 1173 4218 1203 4256; x_wconf 79' lang='lat' dir='ltr'>ur</span> <span class='ocrx_word' id='word_1_538' title='bbox 1215 4217 1313 4257; x_wconf 79' lang='lat' dir='ltr'>nuno-</span> 
     </span>
     <span class='ocr_line' id='line_1_110' title="bbox 722 4271 1314 4330; baseline -0.002 -2"><span class='ocrx_word' id='word_1_539' title='bbox 722 4290 773 4328; x_wconf 83' lang='lat' dir='ltr'>uss</span> <span class='ocrx_word' id='word_1_540' title='bbox 791 4290 926 4330; x_wconf 82' lang='lat' dir='ltr'>rucrouur.</span> <span class='ocrx_word' id='word_1_541' title='bbox 946 4301 978 4315; x_wconf 93' lang='lat'>-</span> <span class='ocrx_word' id='word_1_542' title='bbox 995 4271 1122 4329; x_wconf 83' lang='lat' dir='ltr'>Portavit</span> <span class='ocrx_word' id='word_1_543' title='bbox 1139 4287 1207 4329; x_wconf 88' lang='lat' dir='ltr'>eum</span> <span class='ocrx_word' id='word_1_544' title='bbox 1223 4273 1314 4329; x_wconf 70' lang='lat' dir='ltr'>litter</span> 
     </span>
     <span class='ocr_line' id='line_1_111' title="bbox 721 4342 1313 4418; baseline 0.003 -19"><span class='ocrx_word' id='word_1_545' title='bbox 721 4347 822 4402; x_wconf 88' lang='lat' dir='ltr'>tenera</span> <span class='ocrx_word' id='word_1_546' title='bbox 844 4349 873 4401; x_wconf 92' lang='lat' dir='ltr'>et</span> <span class='ocrx_word' id='word_1_547' title='bbox 892 4342 1007 4418; x_wconf 85' lang='lat' dir='ltr'>juvenis</span> <span class='ocrx_word' id='word_1_548' title='bbox 1028 4344 1122 4414; x_wconf 80' lang='lat' dir='ltr'>valde,</span> <span class='ocrx_word' id='word_1_549' title='bbox 1145 4347 1175 4401; x_wconf 88' lang='lat' dir='ltr'>et</span> <span class='ocrx_word' id='word_1_550' title='bbox 1197 4347 1313 4402; x_wconf 72' lang='lat' dir='ltr'>sanam</span> 
     </span>
    </p>
   </div>
   <div class='ocr_carea' id='block_1_4' title="bbox 0 0 1400 4912">
    <p class='ocr_par' dir='ltr' id='par_1_10' title="bbox 0 0 1400 4912">
     <span class='ocr_line' id='line_1_112' title="bbox 0 0 1400 4912; baseline 0 3"><span class='ocrx_word' id='word_1_551' title='bbox 0 0 1400 4912; x_wconf 95' lang='lat' dir='ltr'> </span> 
     </span>
    </p>
   </div>
  </div>
 </body>
</html>
