2790 4912
135 302 168 357 ot
515 298 627 354 rnlbe
655 300 771 356 PARTIS
800 301 905 355 clrur
931 301 997 354 vltl

137 412 301 481 Dominum,
320 414 352 468 ut
371 410 433 482 ipse
449 407 616 479 dignaretur
633 421 726 465 reme·

136 483 215 542 dium
233 497 390 566 apponere,
405 485 435 536 et
451 481 525 536 bane
544 479 599 536 sibi
621 485 649 536 et
667 479 727 536 viro

135 555 357 615 tribulationem,
374 552 497 609 auterre.
530 551 615 607 Vides
641 567 727 623 quam

136 641 241 699 magna
254 625 399 682 tribulatio
416 628 445 679 et
459 621 585 679 anxietas
600 622 641 678 eis
654 628 726 691 erat,

135 701 165 755 et
182 696 326 769 quomode
352 694 490 751 Dominus
519 709 585 750 suos
612 694 729 750 tribula-

136 767 262 826 tionibus
291 766 385 824 vexari
414 771 443 822 et
460 766 575 834 tentari,
596 765 633 821 ad
650 765 726 837 ipso·

135 855 200 896 rum
213 854 359 905 eoronam,
371 836 509 909 permittit
521 854 528 903 ;
545 836 596 894 sed
610 836 735 894 tandem·

136 910 273 968 Dominus
287 909 400 980 utrique
414 907 547 981 providit.

172 983 728 1048 dmfflmmfflmmw

137 1070 232 1109 crrrnr.
248 1085 281 1095 -
301 1056 363 1108 llaec
382 1057 473 1107 cutem
492 1068 531 1115 eo,
552 1051 659 1108 scilicet
683 1054 728 1108 Jo-

136 1126 218 1197 seph,
237 1124 273 1180 de
291 1123 456 1179 dimissione
470 1122 577 1191 blaciae,
591 1126 728 1192 cogitante

136 1200 166 1253 et
182 1195 372 1262 deliberante;
394 1193 441 1250 ubi
461 1194 549 1250 babes
573 1210 725 1266 argumen-

135 1272 206 1337 tum,
222 1266 271 1323 diu
283 1264 500 1322 deliberandum
511 1281 574 1322 esse
590 1267 619 1320 in
635 1264 727 1322 incer·

133 1337 171 1395 tis
183 1343 211 1396 et
233 1337 338 1405 dubiis,
354 1352 389 1393 ne
411 1343 545 1407 peccetur
563 1339 725 1394 temeritate

134 1409 267 1479 levitatis,
295 1409 371 1465 misit
413 1407 550 1464 Dominus
582 1408 725 1479 Angelum

135 1497 229 1550 suum,
250 1480 358 1537 seilicet
375 1479 551 1548 Gabrielem,
567 1479 725 1536 secundum

134 1554 332 1623 Augustiuum.
350 1554 384 1606 Et
398 1552 451 1606 hoc
467 1550 533 1607 lecit
557 1550 659 1622 triplici
682 1567 726 1607 ra·

135 1625 222 1694 tione,
243 1623 397 1680 secundum
415 1623 654 1691 chrysostomum:
672 1622 728 1694 pri·

135 1710 194 1764 mo,
210 1710 246 1751 ne
262 1695 356 1766 justus
373 1693 458 1749 homo
480 1692 587 1749 iaceret
606 1709 667 1749 rem
683 1696 725 1750 in·

132 1767 251 1838 justam,
281 1766 353 1821 'usto
379 1764 546 1835 proposito;
577 1764 725 1835 secundo,

157 1842 253 1909 ropter
275 1782 413 1892 ironorem
438 1834 547 1904 matris,
564 1835 672 1892 scilicet
690 1853 726 1894 ne

135 1853 254 1965 {imissa
274 1911 421 1963 notaretur
441 1908 515 1978 turpi
544 1906 724 1979 suspicione;

135 1981 231 2048 tertio,
248 1983 278 2035 ut
297 1977 458 2048 intelligens
480 1980 586 2050 loseph
609 1995 725 2036 causam

136 2048 341 2121 conceptionis,
362 2051 538 2105 reverentius
563 2066 593 2106 se
608 2051 726 2108 baberet

136 2137 200 2178 cum
212 2120 344 2192 Virgine3
357 2125 469 2190 quarto,
484 2122 638 2178 secundum
651 2123 725 2179 Glos-

135 2208 206 2258 sum,
221 2208 257 2248 ne
280 2193 396 2248 ulterius
420 2198 563 2262 premeret
582 2194 724 2264 dubietas,

134 2279 220 2336 quem
254 2263 473 2320 commendabat
503 2264 632 2336 aequitas.
662 2265 724 2334 Cui,

134 2336 242 2392 scilicet
262 2336 377 2406 loseph,
393 2352 451 2391 eece
472 2336 596 2403 Angelus
614 2340 726 2393 Domini

134 2409 268 2480 apparu-it
293 2409 323 2462 iu
348 2410 461 2471 concute,
489 2424 544 2463 non
574 2408 725 2465 manifesta

134 2478 254 2546 visione,
282 2479 349 2551 quia
372 2477 432 2549 ipse
460 2480 605 2537 dubietate
636 2481 724 2536 animi

130 2551 323 2622 premebatur,
335 2549 409 2606 velut
422 2566 521 2607 semro
534 2551 723 2622 infidelitatis,

131 2625 157 2678 ei
185 2623 278 2679 diceus
302 2642 309 2676 :
329 2623 439 2693 Joscpb.
466 2624 509 2692 titt
536 2624 644 2692 Duuid3
673 2640 725 2695 per

131 2693 218 2821 guod,
246 2693 401 2749 secundum
426 2695 655 2763 Clupsostomum,
676 2712 722 2752 re·

153 2766 208 2821 ueit
224 2782 289 2821 eum
304 2766 332 2819 in
346 2765 512 2820 memoriam
527 2766 723 2835 promissionis

131 2836 212 2892 iactor
241 2835 328 2891 David
350 2835 385 2890 de
412 2834 472 2905 ipso
493 2836 619 2905 Clrcistn;
640 2837 721 2908 quasi

129 2907 221 2975 dicat,
237 2906 393 2963 secuudum
411 2906 536 2961 Glossum
551 2926 559 2961 :
576 2909 650 2964 Deco
673 2926 722 2965 no·

131 2993 179 3034 sce
206 2976 424 3049 promissionem
447 2977 550 3033 iactam
571 2925 671 3048 Dovidg,
685 2980 721 3036 de

130 3050 210 3120 cujus
228 3048 315 3120 stirpe
332 3053 363 3103 tu
381 3065 411 3103 cs
432 3054 461 3105 et
489 3051 586 3120 blavia,
600 3055 629 3106 et
655 3051 720 3108 vide

129 3119 277 3191 impletum
296 3119 325 3174 in
340 3135 388 3186 ea;
404 3122 463 3175 noli
478 3123 572 3176 timere
586 3125 718 3193 acccipere,

129 3196 160 3249 et
172 3190 250 3247 domi
266 3190 389 3246 retinere
404 3194 524 3247 Aletrium
535 3192 564 3247 in
580 3195 721 3263 uorrjupem

128 3268 215 3327 tuum,
232 3280 288 3320 non
306 3262 342 3318 ad
356 3263 500 3320 carnalem
516 3264 656 3335 copulam,
670 3266 720 3323 sed

128 3335 165 3393 ad
180 3335 420 3392 cohabitationem
447 3351 511 3392 cum
533 3352 577 3405 ea,
594 3342 621 3392 et
636 3337 719 3394 mini-

128 3407 294 3464 strationem
324 3407 465 3476 devolam,
481 3424 592 3464 necnon
616 3408 720 3466 ellectu

128 3483 157 3535 et
187 3479 364 3549 copulatione
390 3480 560 3549 animorum,
581 3480 657 3550 quod
678 3486 720 3537 est

128 3564 194 3605 vere
214 3549 388 3620 conjugium.
413 3551 545 3621 Exemplo
572 3566 639 3622 ergo
664 3554 720 3608 lla·

128 3618 188 3687 rice,
205 3618 293 3690 liquet
308 3620 405 3676 lideles
417 3624 592 3693 conjugatos,
606 3630 717 3679 servato

127 3691 191 3764 pari
209 3707 359 3758 consensu,
379 3693 409 3773 in
423 3693 609 3772 ''coritinentia
635 3710 717 3765 posse

128 3777 308 3834 permanere,
322 3778 542 3835 conjugiumque
565 3781 648 3837 posse
668 3782 717 3822 vo·

127 3833 196 3903 cari,
226 3849 282 3888 nou
313 3835 452 3903 permixto
483 3839 610 3907 eorporis
636 3853 715 3906 seru,

126 3904 177 3961 sed
191 3903 331 3960 custodito
348 3908 449 3961 mentis
466 3909 578 3964 ellectu.
596 3908 672 3964 Unde
688 3914 716 3966 ct

125 3977 231 4046 Josepb
247 3974 392 4031 vicilarire
405 3977 518 4047 dicitur,
535 3980 602 4050 quia
617 3996 713 4036 verum

127 4047 291 4118 conjuginm
318 4054 369 4115 est,
392 4050 438 4105 ubi
465 4051 570 4107 amoris
596 4051 714 4107 allectus

127 4125 266 4186 servatur,
286 4123 313 4174 ct
330 4122 414 4175 etiarm
445 4122 473 4177 in
501 4124 589 4177 biacia
607 4124 714 4179 tructus

126 4190 288 4260 nuptiarum
316 4191 465 4248 invenitur.
488 4193 573 4260 Quasi
606 4193 713 4249 diceret

125 4259 250 4332 Angelus
269 4279 275 4317 :
291 4263 331 4319 Ne
350 4264 501 4336 suspiceris
516 4264 591 4336 quod
605 4264 651 4321 bic
671 4265 714 4320 in·

781 407 936 465 tervenerit
961 409 1088 466 humana
1116 411 1276 482 conceptio.
1299 412 1374 481 Quod

781 483 854 535 euim
875 483 906 535 in
929 496 961 536 ea
981 485 1078 536 nutum
1100 487 1150 549 est,
1165 482 1194 538 id
1210 488 1259 540 est
1278 500 1372 541 conce·

781 556 871 623 ptum,
887 552 921 607 de
944 555 1053 622 Spim'tu
1068 554 1167 610 Sancte
1192 560 1244 618 est,
1267 554 1296 611 id
1320 560 1372 625 est,

781 622 886 680 virtute
900 622 1022 694 Spiritus
1038 625 1132 681 Sancti
1152 629 1195 681 est
1210 625 1328 683 iactum.
1341 629 1368 683 ln

782 709 817 750 ca
831 695 934 775 quippe
955 694 1044 762 nasci,
1062 702 1105 751 est
1121 695 1231 768 concipi
1251 715 1258 752 τ
1276 698 1326 754 sed
1337 698 1371 754 de

783 781 818 822 ea
831 781 921 835 nasci,
932 772 976 821 est
991 768 1017 821 in
1031 766 1122 823 lucem
1136 768 1272 839 proferri.
1288 771 1321 824 m
1334 785 1369 826 se

783 837 907 916 cundum
930 836 983 918 boc
1004 837 1195 910 diciturquod
1215 840 1368 912 duplexest

783 909 925 977 nativitas,
938 908 1044 964 scilicet
1058 909 1186 979 inutero,
1196 915 1225 967 et
1238 927 1273 967 ex
1283 915 1366 969 utero.

783 980 931 1035 Nescimur
943 980 1018 1035 enim
1037 981 1064 1035 in
1080 987 1172 1049 utero,
1185 997 1274 1052 quum
1287 983 1369 1040 conti·

782 1049 885 1123 pimur;
897 1051 947 1106 sed
965 1066 998 1106 ex
1016 1058 1109 1120 utero,
1125 1068 1213 1123 quum
1233 1053 1265 1108 in
1284 1053 1366 1110 luceru

783 1121 938 1178 educimur.
956 1124 1005 1178 llic
1027 1138 1095 1193 ergo
1113 1124 1229 1195 ponitur
1244 1124 1367 1197 explicita

781 1192 928 1262 revelatio,
942 1195 1016 1251 iacta
1028 1195 1079 1266 ipsi
1090 1196 1195 1265 Josepb
1209 1196 1364 1268 nbAngelo.

781 1265 874 1321 Antea
892 1264 969 1321 enim
995 1273 1114 1322 noverat
1140 1266 1277 1334 implicite
1294 1266 1366 1340 quid·

781 1335 847 1392 dam
867 1335 993 1393 divinum
1009 1352 1071 1393 esse
1088 1340 1116 1394 in
1136 1338 1262 1409 Virginis
1277 1354 1366 1396 conoe

780 1412 841 1478 ptu,
857 1413 889 1464 ut
916 1424 1001 1481 supra
1017 1409 1124 1465 dictum
1153 1416 1211 1476 est;
1242 1408 1365 1483 explicite

780 1483 878 1535 tamen
904 1480 1023 1536 nescivit
1052 1481 1176 1549 iactum,
1207 1486 1235 1538 et
1272 1496 1364 1539 conte·

780 1549 887 1631 ptionis
915 1552 1043 1620 modum,
1062 1568 1111 1608 seu
1139 1553 1320 1624 mysterium,
1340 1558 1364 1610 et

781 1620 845 1678 rdeo
858 1623 918 1678 baec
930 1624 1062 1695 explicite
1073 1622 1126 1680 sibi
1142 1625 1309 1682 revelantur
1320 1638 1366 1697 per

780 1693 930 1764 Angelum.

816 1767 979 1832 dblvsrenn
1002 1766 1210 1822 iucunvnrrosrs
1237 1786 1280 1823 rvr
1305 1784 1363 1823 eos·

781 1853 863 1892 seres.
876 1867 910 1878 —
925 1840 1019 1894 Periet
1031 1845 1121 1894 eutem
1137 1841 1237 1909 filium,
1254 1838 1365 1911 quando

780 1906 888 1964 scilicet
902 1908 955 1964 erit
974 1908 1107 1966 nativitas
1127 1926 1161 1966 es
1177 1916 1271 1980 utero,
1288 1924 1364 1982 quem

780 1978 843 2051 ipsa
869 1978 942 2035 sicut
966 1980 1047 2037 stella
1074 1982 1176 2051 lucem,
1193 1981 1268 2038 sicut
1291 1981 1363 2053 virga

781 2051 893 2118 liorem,
909 2051 982 2108 sicut
1002 2058 1078 2109 terra
1100 2068 1230 2124 germen,
1243 2052 1365 2124 paritura

781 2127 857 2190 erat;
874 2128 899 2177 et
915 2125 1025 2179 coeatis
1038 2140 1134 2180 nomeu
1148 2125 1208 2194 ejus
1222 2127 1326 2188 Jesum,
1340 2122 1362 2179 id

780 2200 823 2249 est
852 2193 1026 2251 salvatorem
1055 2199 1145 2268 :ipse
1169 2199 1241 2251 euim
1261 2199 1363 2251 saluum

778 2266 864 2333 faeiat
891 2267 1023 2337 poputum
1046 2284 1126 2322 suum
1146 2285 1164 2322 a
1210 2271 1311 2322 ecente'e
1326 2283 1363 2322 eo·

779 2353 858 2404 rum;
876 2337 952 2408 quod
978 2354 1036 2394 uon
1060 2346 1103 2394 est
1128 2354 1173 2394 mo
1196 2339 1284 2408 icum,
1305 2337 1365 2410 quia

779 2407 858 2463 nulla
873 2409 996 2465 servitus
1011 2409 1152 2479 miserior,
1166 2426 1251 2481 quam
1263 2409 1364 2466 servire

778 2478 913 2551 peccatis,
929 2486 957 2536 ct
970 2482 1025 2537 boc
1040 2486 1155 2564 propter
1172 2482 1311 2537 vilitatem
1328 2480 1364 2553 ip·

779 2566 886 2607 sorum.
910 2551 961 2608 Ubi
990 2554 1114 2609 ostendit
1141 2553 1277 2623 Angelus,
1302 2567 1363 2609 eum

778 2638 878 2678 verum
892 2623 1036 2681 hominem
1051 2625 1079 2680 in
1095 2631 1177 2697 partu
1191 2623 1326 2693 Virginis,
1338 2627 1363 2680 et

778 2709 877 2750 verum
891 2696 990 2764 Deum,
1006 2696 1034 2752 in
1049 2697 1139 2753 salute
1158 2697 1254 2768 populi
1268 2712 1286 2752 a
1301 2711 1362 2768 pec·

778 2766 848 2821 catis
873 2766 963 2837 :quia
987 2768 1081 2825 nullus
1107 2773 1200 2839 potest
1220 2768 1363 2824 salvaret

778 2837 911 2908 peccatis,
928 2837 982 2895 nisi
1002 2838 1078 2896 solus
1094 2841 1178 2897 Deus.
1195 2840 1235 2896 De
1256 2841 1311 2895 boe
1326 2838 1363 2895 la·

778 2908 834 2964 tius
860 2909 956 2965 videre
986 2911 1093 2981 poteris
1119 2927 1216 2984 supra,
1239 2911 1275 2967 de
1301 2925 1365 2968 con·

776 2979 906 3051 ceptione
922 2981 1086 3038 salvatoris.

813 3057 828 3106 5
853 3053 955 3108 Josuru
981 3072 1042 3109 vuum
1069 3057 1173 3111 Ausees
1202 3072 1312 3111 oneum.
1333 3085 1365 3096 -

775 3124 874 3194 Josepb
893 3123 989 3196 igitur,
1010 3125 1184 3183 certificatus
1210 3127 1246 3183 de
1264 3142 1363 3183 conce·

775 3193 872 3266 ptione
894 3203 923 3251 et
945 3196 1109 3268 virginitate
1138 3197 1245 3265 Μανία,
1271 3214 1366 3254 casur-

775 3281 840 3335 pens
866 3283 883 3322 a
905 3283 997 3324 semoto
1024 3269 1188 3338 dubietatis,
1207 3272 1277 3338 feeit
1294 3273 1365 3325 sicut

772 3341 904 3410 precepit
914 3341 939 3392 ei
944 3339 1067 3408 Angelus
1074 3344 1191 3405 Domini,
1199 3347 1225 3397 et
1237 3341 1274 3396 ad
1286 3356 1365 3397 man·

775 3410 873 3466 datum
895 3409 970 3466 illius
988 3414 1090 3483 occipit
1105 3429 1240 3484 sponsam
1255 3412 1287 3468 in
1302 3428 1364 3469 eou-

770 3481 866 3551 jupem
885 3499 974 3546 suem,
989 3481 1017 3539 id
1039 3488 1092 3551 est,
1109 3484 1145 3540 ad
1168 3500 1275 3540 nomen
1297 3499 1364 3541 con-

770 3553 848 3624 jugis
861 3559 889 3609 et
905 3553 1018 3636 uxoris,
1032 3570 1064 3610 ac
1077 3571 1141 3612 cum
1153 3554 1270 3627 Virgine
1285 3554 1364 3627 virgo

774 3624 939 3695 permansit,
951 3630 979 3681 et
992 3626 1206 3698 erobsequiose,
1218 3636 1364 3698 tamquam

773 3695 908 3765 domium,
934 3696 1113 3754 ministravit..
1131 3697 1202 3754 Hinc
1224 3699 1364 3756 babemus

772 3773 981 3839 argumentum,
1007 3770 1083 3840 qrrod
1107 3769 1245 3842 quidquid
1267 3786 1285 3826 a
1305 3771 1364 3826 Deo

773 3853 938 3908 monemur,
967 3839 1062 3896 statim
1094 3842 1187 3897 lacere
1213 3842 1362 3899 debemus.

771 3911 855 3981 Ergo,
877 3911 900 3966 si
918 3911 1019 3967 vovisti
1040 3913 1097 3968 Deo
1117 3913 1234 3984 aliquid,
1257 3912 1362 3979 statim,

770 3981 792 4036 si
808 3989 898 4053 potes,
909 3984 1054 4055 persolve,
1069 3984 1091 4040 si
1104 4001 1160 4040 nen
1172 3992 1264 4056 potes
1276 3999 1361 4057 quam

769 4053 824 4109 cito
851 4054 1014 4111 facultatem
1037 4056 1166 4123 babebis,
1187 4057 1285 4113 statim
1308 4055 1361 4111 im·

767 4123 845 4195 plere
863 4126 1015 4182 teneberis.
1032 4130 1103 4184 Vota
1118 4128 1204 4183 etiam
1220 4145 1283 4199 qrrae
1299 4126 1360 4183 sine

766 4196 947 4268 expressione
964 4198 1033 4254 certi
1046 4199 1180 4272 temporis
1195 4203 1261 4256 sunt
1275 4200 1358 4266 dacia,

765 4268 860 4324 statim
878 4275 944 4325 sunt
962 4270 1157 4341 adimplenda.
1177 4272 1258 4328 Unde
1272 4272 1357 4340 Clup-
