2790 4912
469 259 511 315 DE
538 261 707 318 ullrlstto
734 264 865 319 uoullll.

101 369 236 427 tiouuurs
250 367 387 425 Camsrmr
403 383 549 424 emanans
562 387 646 428 aeun-

63 457 136 502 mml
150 455 303 498 numurus.
323 467 359 480 -
383 437 457 494 Dixit
476 437 573 520 itaque
594 443 643 498 Jo-

63 513 138 584 anni,
165 517 232 569 lunc
260 513 424 584 peccatores
454 510 608 581 baptnanti
634 529 641 568 :

64 588 136 656 Rogo
153 589 191 654 te,
213 587 247 639 ut
269 596 315 638 me
336 596 401 637 cum
420 579 481 637 istis
505 581 642 655 baptizes.

68 659 169 714 immas
188 660 281 710 meru
303 652 417 709 intuens
434 668 516 722 eum,
533 658 562 710 et
580 652 642 726 Spi-

70 726 117 784 ritu
135 741 184 799 per
206 724 333 782 divinam
355 723 557 781 revelationem
575 742 643 797 cog·

72 812 171 855 noscens
195 811 263 853 eum
283 811 347 852 esse
370 810 469 852 verum
495 797 584 853 Deum
614 802 643 854 et

71 867 211 937 hominem,
235 866 345 924 nullum
367 871 516 939 peccatum
535 868 643 925 haben·

75 943 126 1012 tm,
138 944 164 996 et
178 939 215 996 ob
234 940 289 996 hoc
308 937 421 995 lavacro
437 955 495 995 non
510 937 641 1010 indigen-

74 1013 125 1081 tem,
136 1009 233 1068 aliosa
248 1014 367 1082 peccato
383 1010 536 1079 lavantem,
546 1009 642 1066 timuit

75 1081 215 1154 aterpavit;
232 1087 262 1138 et
283 1085 314 1138 ut
346 1079 536 1138 humilitatem
556 1082 596 1137 Re
618 1081 641 1138 ‘s

73 1149 208 1210 imitaretur
222 1151 305 1209 miles
323 1168 356 1208 ex
371 1151 532 1209 reverentia
544 1169 594 1224 pro
616 1156 639 1208 ι·-

75 1220 133 1280 tetol
151 1240 212 1281 oum
230 1225 323 1280 diceas
339 1242 347 1279 ε
364 1224 495 1294 Domine,
515 1239 563 1292 eqo
583 1229 640 1280 ter·

71 1306 137 1352 renus
160 1314 179 1352 o
206 1300 232 1351 te
263 1294 382 1363 coelesti,
404 1293 452 1366 qui
478 1310 536 1350 non
560 1311 637 1366 eges,

71 1360 187 1438 baptism
205 1367 297 1431 debeo,
314 1364 380 1437 quia
394 1381 464 1438 egeo
483 1365 636 1437 baptizari;

68 1439 132 1503 utu,
144 1438 222 1494 cu'us
234 1439 382 1511 generatio
396 1453 453 1493 non
469 1443 512 1493 est
524 1435 637 1506 vitiosa,

64 1511 130 1565 tatu
199 1525 243 1564 me
256 1507 412 1581 baptizarit
431 1510 472 1564 Tu
496 1508 637 1579 majores

63 1577 225 1637 &Dominus
250 1584 279 1636 et
293 1595 347 1650 ego
365 1578 500 1635 minoret
519 1594 633 1649 servus;

63 1648 92 1700 lt
104 1653 188 1707 tnnon
201 1621 239 1707 ad
253 1666 310 1719 me,
325 1649 375 1706 sed
394 1666 410 1706 e
431 1666 447 1706 o
471 1649 566 1722 potius
585 1650 635 1706 de-

63 1719 152 1797 lpiirc
165 1722 202 1779 ad
220 1728 260 1779 te.
272 1723 315 1778 'lu
334 1665 457 1777 munfus
471 1737 513 1790 es,
529 1725 559 1776 et
573 1736 634 1777 om-

63 1792 247 1861 uannndas3
263 1808 322 1848 non
337 1797 467 1860 tuamve,
483 1793 533 1849 sed
550 1807 603 1863 ego
617 1808 635 1848 a

63 1864 131 1932 ἢεί
152 1862 297 1932 mundari,
316 1868 345 1920 et
370 1863 507 1935 baptizari
530 1864 631 1920 debeo.

63 1920 111 2007 {go
123 1934 206 1992 homo
221 1951 301 2005 sum,
317 1941 346 1991 tu
362 1935 447 1990 Deus.
464 1936 522 2005 Ego
537 1950 634 2006 pecca·

63 2010 105 2076 or,
115 2005 179 2081 quia
192 2007 294 2075 homo;
309 2009 340 2061 tu
352 2007 412 2062 sine
428 2010 553 2078 peccato,
566 2004 634 2076 quia

63 2069 130 2135 ⁵eus.
146 2076 220 2146 Quid
236 2077 280 2133 vis
296 2093 315 2133 a
335 2092 381 2133 me
395 2076 555 2149 baptizarit
571 2078 632 2132 Non

63 2162 143 2207 cmso
155 2148 332 2220 obsequium,
350 2148 400 2204 sed
413 2149 514 2219 ignoro
530 2153 632 2220 myste-

63 2218 128 2278 ium.
142 2222 201 2292 Ego
215 2224 379 2293 peccatores
393 2218 505 2291 baptizo
520 2218 549 2274 in
568 2235 631 2291 poe-

63 2290 180 2360 itentia;
200 2296 232 2347 tn
254 2290 323 2363 quid
347 2289 390 2345 vis
414 2289 562 2361 baptizari,
584 2290 632 2361 qui

64 2378 101 2421 on
117 2364 209 2420 hahes
227 2360 335 2444 peccati
354 2361 565 2417 causam‘llmo
581 2376 630 2432 po-

63 2450 96 2492 us
119 2433 190 2506 quid
211 2450 254 2490 vis
274 2439 306 2490 ut
328 2438 460 2504 peccator
482 2431 630 2504 baptizari,

63 2505 207 2563 nivenisti
225 2510 342 2578 peccata
351 2504 539 2585 perdonare?
553 2503 630 2559 Unde

63 2577 198 2634 mundos
217 2596 226 2631 ε
248 2598 263 2628 o
277 2575 417 2648 Baptizari
442 2574 495 2643 vis,
510 2573 630 2631 Domine

63 2649 125 2706 teu?
135 2651 170 2705 Ut
178 2646 250 2722 'quid
263 2647 349 2715 enim,
361 2651 411 2704 aut
420 2645 488 2718 quid
498 2645 548 2702 tibi
558 2661 629 2716 opus

63 2718 482 2848 Dtltllllltlttttlt
502 2720 630 2843 litati

62 2861 119 2919 nde
134 2832 360 2934 tihi’peccatum,
376 2860 426 2917 ubi
443 2858 584 2930 baptisma
593 2857 629 2913 sit

63 2931 254 2990 eoessariumi
266 2933 355 3000 Quam
368 2931 508 2987 maculam
521 2931 628 2986 hahere

63 3008 130 3062 >test
145 3005 244 3075 lignus
259 3001 321 3058 sine
338 3002 490 3059 maculat»
510 3001 587 3056 Unde
600 3005 629 3056 et

63 3074 246 3157 leysostomus
263 3093 271 3130 :
288 3095 302 3125 o
320 3075 354 3129 Ut
375 3078 407 3129 tu
423 3088 469 3129 me
487 3073 626 3154 baptizes,

63 3145 201 3203 ttrdonea
215 3145 300 3212 ratio,
316 3150 346 3200 nt
358 3145 452 3216 justus
464 3145 583 3211 efficiar,
600 3149 628 3198 et

63 3216 142 3300 gnus
166 3216 256 3284 coel03
279 3220 311 3272 ut
335 3221 429 3271 autem
450 3231 503 3286 ego
531 3220 559 3270 te
580 3216 629 3271 ba·

63 3303 152 3358 uem,
172 3303 235 3415 ³11ae
252 3293 294 3344 est
307 3286 400 3343 ratio?
415 3286 504 3342 Omne
520 3287 627 3343 bonum

63 3360 159 3417 acoelo
193 3358 320 3415 escendit
335 3357 495 3425 interram,
513 3373 571 3413 non
592 3356 627 3413 de

63 3444 114 3488 rra
144 3429 274 3487 ascendit
300 3429 330 3484 in
356 3428 469 3485 coelum.
499 3447 513 3478 u
548 3427 627 3484 Unde

63 3500 122 3560 iam
142 3504 196 3558 Leo
215 3502 291 3572 Papa
310 3517 317 3555 ε
339 3519 353 3552 o
373 3499 445 3569 Quid
467 3498 550 3567 lacis,
570 3500 627 3555 Do·

63 3572 136 3630 ine?
152 3574 222 3629 Ecce
241 3570 321 3644 quasi
341 3571 507 3627 mendacem
525 3586 571 3626 me
586 3571 627 3626 la·

63 3644 182 3703 dabunt.
195 3645 253 3716 Ego
267 3658 369 3715 magna
380 3644 416 3698 de
429 3641 626 3714 tepraedicavi,

73 3718 107 3773 tu
122 3719 182 3771 tam
196 3714 315 3786 simplex
334 3714 409 3770 velut
422 3714 525 3784 hospes
541 3713 627 3768 adve-

63 3787 116 3846 stit
146 3789 186 3843 Tu
217 3801 329 3842 sursum
357 3784 443 3841 Filius
470 3783 569 3856 llegis,
599 3788 627 3839 et

1244 273 1288 329 188

700 369 864 443 glorificasti
881 372 911 428 ln
926 373 1002 430 nube
1016 373 1121 444 lucida,
1136 381 1166 432 et
1179 377 1288 437 colum-

701 457 739 497 na
752 441 845 513 ignis;
862 448 891 499 et
910 448 942 500 tu
955 443 1025 499 mihi
1044 452 1128 517 caput
1142 446 1288 510 inclinas?

700 514 808 583 Denue,
833 514 964 582 Domine,
984 523 1067 587 caput
1092 533 1123 573 es
1148 518 1288 581 omnium.

699 584 853 641 Ostendisti
878 585 1008 654 humilia,
1021 588 1169 645 ostendisti
1198 591 1287 649 subli-

698 654 765 712 mia.
782 655 897 728 Baptiza
912 672 1011 714 omnes
1020 665 1187 728 praesentes,
1200 665 1229 717 et
1240 678 1288 721 me

697 731 764 783 ante
777 742 886 783 omnes.
903 727 975 795 Quid
994 729 1130 800 baptizari
1149 729 1202 798 vis,
1223 747 1286 791 sor·

698 797 763 854 dem
778 814 836 854 non
851 798 980 855 habens?
992 801 1025 856 Et
1042 800 1065 856 si
1080 801 1225 873 baptizare
1239 819 1287 861 vo·

697 868 787 937 luero,
797 869 930 927 iordanis
943 885 1000 926 non
1013 871 1139 943 suscipit,
1153 874 1286 944 cognovit

696 945 724 996 te
747 941 894 997 Fautorem
920 956 1013 1009 suum,
1034 942 1171 999 convertit
1196 945 1286 1003 fluen-

696 1015 726 1067 ta
741 1017 897 1068 retrorsum
914 1029 921 1068 ε
939 1031 953 1065 »
972 1014 1033 1068 haec
1049 1016 1100 1069 beo
1116 1015 1202 1086 Papa.
1219 1018 1284 1074 Non

695 1080 799 1139 mirum
814 1085 837 1139 si
853 1082 979 1155 Baptista
987 1085 1154 1142 contremuit
1168 1087 1283 1157 quando

695 1152 746 1209 sub
784 1154 915 1211 manibus
944 1154 1002 1211 suis
1034 1155 1210 1226 humiliatur,
1240 1155 1286 1216 cui

695 1240 779 1281 omne
798 1240 883 1295 genu,
903 1225 1072 1294 coelestium,
1093 1227 1284 1300 terrestrium,

695 1301 722 1351 et
748 1295 925 1352 internorum
949 1302 1091 1353 curvatur.
1120 1299 1198 1355 Unde
1217 1302 1283 1356 Der·

693 1367 829 1422 nardus:
851 1388 865 1418 o
887 1365 1044 1424 inclinatur
1069 1368 1121 1424 sub
1148 1369 1284 1440 Baptistae

693 1437 825 1494 munibus
851 1443 936 1508 caput
958 1438 1134 1493 adorandum
1154 1439 1282 1512 Angelis,

693 1508 880 1565 reverendum
892 1508 1282 1575 Potestatihus,tremendum

693 1579 910 1652 Principatibus.
924 1579 996 1646 Quid
1014 1578 1127 1648 mirum,
1144 1580 1167 1636 si
1185 1581 1282 1639 tremit
1349 1580 1353 1586 “

691 1651 788 1720 homo,
808 1667 860 1708 nec
879 1650 964 1707 audet
992 1650 1132 1721 attingere
1151 1657 1282 1712 sanctum

691 1721 740 1778 Dei
763 1722 920 1778 verticem?
938 1721 1010 1789 Quid
1029 1721 1073 1777 vel
1092 1721 1100 1776 i
1122 1738 1154 1778 sa
1172 1723 1279 1795 cogita·

688 1791 768 1850 tione
788 1809 846 1849 non
865 1792 1078 1874 contremiscit?
1092 1737 1120 1850 (ξ
1133 1810 1219 1864 quam
1236 1793 1280 1851 ul·

688 1869 750 1921 tum
765 1863 819 1920 erit
833 1863 981 1946 injudicio
995 1870 1079 1936 eaput
1098 1863 1184 1935 istud,
1202 1865 1280 1937 quod

689 1935 773 1991 modo
801 1936 842 1991 sic
869 1934 1037 2004 inclinatum
1058 1943 1086 1992 et
1110 1942 1208 1993 vertex
1228 1934 1279 2009 qui

688 2007 773 2062 modo
798 2010 858 2063 tam
885 2006 1000 2064 humilis
1027 2006 1160 2076 videtur,
1190 2023 1278 2080 quam

688 2076 817 2133 sublimis
832 2084 860 2134 et
874 2083 985 2135 erectus
998 2084 1067 2135 tunc
1080 2078 1242 2151 apparabitt
1259 2097 1275 2136 u

688 2149 748 2205 haec
762 2150 931 2205 benardus.

722 2225 739 2276 6
754 2221 823 2288 Quin
846 2238 887 2276 sm
909 2238 1025 2277 susurria
1044 2238 1072 2276 m
1090 2238 1174 2277 seusu
1186 2220 1275 2278 nuso?

685 2322 721 2332 -
740 2291 877 2348 Dominus
895 2308 962 2348 vero
980 2293 1083 2362 probat
1097 2293 1212 2361 quidem
1231 2292 1274 2350 ia·

687 2361 757 2418 muli
772 2361 826 2431 sui,
840 2362 925 2418 fidele
933 2361 1078 2418 servitutis
1093 2362 1273 2433 obsequium,

686 2433 736 2489 sed
745 2432 965 2504 dispensationis
976 2448 1034 2489 suae
1043 2432 1206 2488 manifestat
1215 2447 1274 2506 my·

685 2503 814 2572 sterium,
826 2504 993 2585 respondeas
1005 2506 1187 2583 autemulesus
1196 2503 1275 2560 dicit

685 2577 711 2630 ei
733 2592 742 2629 ε
767 2576 843 2642 Sine,
872 2574 901 2629 ud
929 2578 982 2642 est,
1015 2578 1156 2641 permitte,
1181 2574 1272 2641 modo,

684 2643 791 2701 scilicet
810 2659 857 2701 me
878 2660 895 2700 a
916 2649 944 2700 te
969 2642 1105 2715 baptizari
1130 2643 1161 2698 in
1186 2658 1272 2716 aqua,

684 2722 715 2773 ut
733 2720 763 2773 tu
784 2716 965 2788 postmodum
980 2731 998 2771 a
1012 2730 1057 2770 mc
1077 2713 1229 2786 baptizeris
1241 2715 1273 2774 in

684 2786 801 2859 Spiritu,
813 2786 880 2858 quia
890 2786 1054 2858 mysterium
1065 2792 1108 2842 est
1118 2785 1195 2857 quod
1206 2801 1270 2860 ago.

683 2862 714 2915 In
742 2874 817 2931 quo,
847 2858 1003 2915 secundum
1032 2859 1272 2932 chrysostomum,

683 2929 807 2987 ostendit
828 2930 895 3001 quia
913 2935 1012 3002 postea
1038 2929 1166 2986 Christus
1183 2932 1271 2988 toan·

683 3017 749 3058 nem
774 3001 936 3074 baptizavit.
962 3001 1027 3058 Sine
1053 3002 1148 3071 modo,
1168 3007 1200 3058 ut
1222 3000 1272 3075 qui

682 3074 802 3130 formam
836 3072 910 3131 servi
944 3072 1105 3145 assumpsi,
1143 3073 1272 3145 expleam

681 3150 709 3200 et
735 3144 923 3202 humilitatem
948 3145 1018 3216 cJus.
1043 3147 1077 3199 Et
1099 3143 1271 3215 subjungit:

680 3217 727 3273 Sic
742 3219 814 3272 enim
827 3216 967 3283 faciendo,
984 3216 1050 3271 dum
1065 3231 1118 3294 ego
1136 3214 1272 3340 §operior

681 3292 710 3343 et
724 3303 783 3343 non
802 3286 932 3358 indigens
951 3300 968 3340 a
993 3289 1021 3339 te
1040 3300 1162 3351 suscipio
1197 3284 1269 3355 apti-

682 3373 784 3425 smum,
804 3357 879 3412 dccet
898 3371 947 3410 nos
963 3370 1008 3410 me
1028 3353 1218 3424 suscipiendo,
1242 3357 1271 3411 et

682 3434 709 3484 te
723 3426 903 3499 baptizando,
918 3428 1031 3496 imptere
1047 3430 1076 3480 et
1090 3425 1158 3479 dare
1174 3438 1270 3481 exem·

681 3499 760 3571 plum
788 3497 924 3570 implendi
953 3512 1056 3552 omnem
1068 3496 1221 3566 justitiam.
1235 3496 1270 3553 Et

681 3568 819 3641 accipitur
835 3569 880 3624 hic
896 3567 1017 3650 Justitia,
1035 3583 1092 3623 non
1106 3571 1202 3648 'prout
1224 3571 1269 3625 est

680 3640 769 3697 virtus
792 3656 806 3696 s
827 3639 932 3708 eciahs,
948 3638 1016 3694 vitio
1037 3637 1162 3694 avaritiae
1179 3654 1196 3694 o
1216 3653 1268 3711 po·

681 3711 751 3781 sita;
772 3655 825 3768 seg
850 3709 1021 3783 generaliter
1046 3714 1129 3791 prout
1149 3653 1269 3791 incflndit

681 3799 794 3840 omnem
809 3782 953 3850 virtutem,
969 3797 1019 3838 seu
1035 3796 1162 3837 onmium
1177 3785 1268 3838 virtu·

63 3873 170 3916 ursum
195 3857 282 3914 Filius
310 3856 405 3928 Regis,
433 3861 461 3911 et
486 3869 625 3925 nusquam
680 3860 740 3912 tum
762 3853 976 3928 perlectionem.
1004 3853 1163 3910 Secundum
1181 3854 1268 3924 Glevu-

63 3934 178 4002 eptrum
205 3928 302 4000 regale
327 3926 471 3984 ostendisi
504 3925 626 3982 Ostende
679 3932 836 3992 suetonum,
852 3924 928 3997 quod
954 3923 1022 3981 dicit
1046 3923 1103 3981 tale
1122 3929 1187 3980 est:
1203 3925 1269 3981 Um·

82 4000 203 4058 nitatem
223 4005 311 4055 tuam.
328 4000 383 4057 Cur
402 3999 479 4054 solus
497 4003 555 4053 tam
572 3998 626 4053 hu·
680 3997 728 4053 nia
751 3998 812 4068 iam
841 3996 945 4068 legalia
972 3995 1186 4069 complevimus,
1212 4009 1266 4052 nec

84 4072 92 4084 '
128 4070 295 4130 advenisti?
317 4071 369 4127 Ubi
387 4069 560 4141 Angelorum
579 4083 627 4140 ag·
681 4068 769 4125 ullum
793 4066 963 4142 transgressi
989 4083 1087 4125 sumus
1112 4066 1266 4138 aliquande

63 4142 135 4202 ina?
149 4143 202 4201 Ubi
219 4141 391 4199 ministratio
411 4139 562 4199 Cherubim
578 4156 626 4197 sax
680 4140 862 4210 mandatum;
882 4154 970 4197 unum
999 4141 1091 4196 adhuc
1116 4138 1196 4194 deest
1221 4150 1265 4193 so-

63 4215 164 4274 trum?
173 4214 226 4272 Ubi
238 4213 448 4272 ventilabrum?
457 4214 499 4269 Tu
509 4214 625 4285 Moysen
679 4211 835 4282 lummodo‚
850 4216 963 4285 oportet
977 4212 1061 4270 etiam
1076 4209 1150 4266 istud
1164 4207 1265 4280 acuun-
