2790 4912
77 272 124 326 828
432 271 544 326 rattttt
571 269 689 325 rantis
717 269 823 323 CAPUT
851 270 971 324 xxxix

77 378 173 453 granis
188 378 316 452 eorporis
331 394 457 448 somnus,
471 377 540 461 quia
557 377 579 433 si
596 378 662 434 dor·

76 452 149 509 mire
178 468 260 509 meus
288 451 422 523 coeperit,
451 465 578 517 vigorem
605 466 663 504 snae

77 523 189 581 viantis
218 523 338 580 amittet.
368 523 464 578 Exeita
485 520 572 592 igitur
590 536 666 575 som·

77 612 146 652 num
158 600 283 657 tuumut
295 593 389 665 pulses
400 592 504 649 ostium
518 591 638 649 Christi:
650 615 663 638 »

77 667 139 723 haee
157 667 328 722 Ambrosius.

116 739 318 794 rbSrumtruno
358 752 451 790 earnis
492 752 589 791 nartrts
632 751 667 788 sx

77 825 177 865 mons.
193 839 228 848 —
248 807 377 863 Secundo
398 806 477 877 ponit
504 805 664 862 similitudi-

77 894 144 935 nem
163 878 199 934 de
219 883 298 949 patre
320 878 507 947 carnaliam
527 878 576 933 dat
599 875 666 931 siliis

78 949 136 1005 suis
148 950 223 1005 bona
238 949 305 1004 data
315 948 525 1013 etnecessaria,
542 965 605 1020 que
620 963 668 1018 pe·

78 1025 151 1076 tunt.
168 1023 201 1075 Et
222 1019 302 1102 ponit
324 1021 485 1091 exemptum
511 1021 546 1076 de
566 1019 666 1086 tribus,

79 1107 204 1164 perque
221 1091 420 1163 intelliguntur
435 1107 498 1162 quae
513 1108 530 1146 a
547 1093 603 1146 tteo
621 1105 670 1160 po·

80 1160 667 1234 steteredebemus-Primumestpanis‚

67 1232 668 1306 >etsignificatebaritatem‚uuiasicutsine

80 1321 155 1378 pane
168 1307 260 1362 omnis
275 1321 373 1361 rnensa
389 1305 471 1377 inops
491 1304 612 1370 dicitur3
629 1303 669 1358 sic

83 1378 144 1434 sine
163 1377 301 1433 charitate
326 1379 419 1432 omnis
443 1377 532 1433 virtus
553 1391 625 1432 tana
641 1379 670 1430 et

80 1448 177 1504 inanis
191 1454 244 1514 est,
262 1452 290 1504 et
302 1464 386 1503 omne
401 1465 472 1519 opus
484 1449 591 1504 bonum
607 1463 669 1518 per-

81 1519 169 1576 ditur.
186 1520 257 1576 Huic
273 1537 289 1575 o
311 1518 428 1590 ponitur
442 1519 547 1575 duritia
564 1517 668 1585 cordis,

82 1606 145 1661 quas
161 1607 211 1662 per
227 1535 349 1662 lapidem
372 1590 550 1661 intelligitur.
569 1592 603 1646 Et
616 1605 668 1670 peo

82 1666 204 1733 utroquo
220 1661 339 1718 istorum
360 1662 445 1718 debet
464 1661 552 1729 orari,
568 1666 599 1717 ut
613 1677 668 1715 scr-

81 1731 147 1788 lieet
166 1733 291 1790 charitas
305 1733 398 1801 detur,
414 1739 441 1789 et
454 1732 560 1790 duritia
574 1730 668 1787 cordis

81 1805 235 1861 auferatur.
263 1805 448 1860 —Secundo
475 1804 556 1876 ponit
575 1817 668 1859 enom-

81 1874 161 1999 plum
177 1877 212 1931 de
227 1875 316 1946 pisce,
333 1891 481 1958 perquem
500 1874 670 1944 intelligitur

104 1944 165 2011 dee,
182 1946 248 2015 quia
263 1945 335 2000 sicut
349 1949 433 2016 piscis
448 1946 476 2001 in
491 1962 565 2017 aqua
579 1948 670 2001 nasei·

81 2021 128 2070 tur
141 2022 170 2070 et
182 2016 209 2070 in
231 2015 361 2072 ttuctibtts
375 2033 521 2088 aquaenon
539 2016 668 2082 moritur,

83 2085 133 2141 sed
157 2086 250 2157 potius
278 2093 416 2156 purgatur
434 2093 462 2142 et
485 2086 667 2153 melioratur;

83 2155 124 2212 sie
140 2154 168 2211 in
187 2155 332 2228 Baptismo
348 2157 419 2213 tides
445 2157 571 2214 nascitur
586 2163 614 2213 et
630 2160 671 2212 in·

83 2232 127 2284 ter
144 2227 341 2284 tribulationes
360 2234 388 2285 et
413 2230 514 2285 ttuctus
540 2228 670 2300 angusti-

83 2315 164 2356 arum
180 2301 263 2371 huJus
284 2300 380 2356 mtmdi
394 2316 451 2356 non
472 2299 669 2371 exstinguitur,

84 2372 132 2427 sed
148 2372 244 2444 potius
260 2377 407 2443 purgatur.
429 2370 500 2428 Huic-
511 2371 670 2427 contrarius

83 2449 128 2499 est
156 2460 282 2516 serpens,
303 2450 418 2572 propter
441 2460 581 2500 venenum
609 2443 671 2498 inir-

83 2514 347 2572 delitatis.lstams1
370 2531 414 2571 em
429 2516 670 2588 debemuspetere

83 2601 101 2642 a
115 2588 183 2655 Deo,
197 2591 225 2642 et
238 2604 295 2643 non
307 2587 388 2643 dabit
400 2588 483 2644 nobis
498 2593 669 2659 serpentem,

84 2656 113 2711 id
136 2664 179 2712 est
203 2657 411 2726 infidelitatem,
430 2665 479 2714 aut
499 2657 668 2724 doctrinam,

83 2727 128 2782 tel
142 2727 359 2799 perversitatem
380 2729 589 2790 hereticorum,
607 2744 669 2799 qua

82 2811 135 2868 per
151 2809 313 2870 serpentem
332 2799 508 2870 intelligitur.
525 2799 669 2855 -Tertio

82 2869 164 2994 ponit
179 2871 336 2941 exemplum
352 2871 388 2925 de
397 2887 462 2935 ove,
482 2871 561 2926 etsie
576 2871 665 2941 signi-

106 2944 152 2994 cat
168 2955 257 3009 spem,
274 2940 341 3008 quia
352 2939 425 2995 sieut
439 2940 467 2995 in
478 2958 530 2996 ovo
544 2943 669 2997 nondum

84 3014 127 3064 est
153 3008 238 3064 scetus
262 3009 414 3080 perlectus,
446 3012 496 3065 sed
521 3013 582 3067 sola
607 3029 670 3082 spes

83 3079 186 3148 ioetus;
204 3078 244 3134 sie
259 3096 324 3150 spes
350 3096 406 3135 non
433 3085 477 3136 est
503 3080 538 3137 de
556 3083 668 3152 babitis,

83 3151 134 3207 sed
150 3151 185 3206 de
210 3150 358 3208 habendis.
380 3152 460 3208 Unde
476 3153 547 3209 sieut
561 3154 597 3209 ab
617 3171 669 3210 ovo

84 3228 262 3295 exspectatur
280 3224 393 3295 puttus,
414 3223 437 3279 si
449 3239 532 3279 ovum
548 3233 670 3282 amatre

82 3295 169 3352 tuerit
192 3295 372 3362 catelaetum;
396 3297 435 3352 sie
452 3304 559 3352 aeterna
576 3296 669 3353 beati-

83 3368 152 3424 tudo
177 3383 195 3424 a
224 3383 273 3439 spe
300 3371 488 3450 exspectatur,
512 3367 535 3423 si
561 3384 626 3439 spes
653 3385 670 3424 a

82 3443 174 3495 matre
199 3437 372 3495 couscientia
389 3441 416 3494 in
435 3440 528 3495 cature
550 3439 670 3496 ebarita-

82 3508 119 3564 tis
148 3516 343 3566 conservatur.
371 3509 442 3566 Huic
480 3511 670 3567 contrariatur

83 3581 205 3651 scorpio,
233 3583 314 3652 cujus
330 3586 472 3638 venenata
498 3586 541 3637 est
568 3585 667 3638 cauda.

83 3650 161 3705 Hane
169 3667 248 3722 spem
263 3653 399 3708 debemus
409 3657 506 3725 petere
517 3669 534 3709 a
545 3652 666 3719 Christo,

83 3724 112 3775 et
130 3737 188 3800 non
210 3722 289 3778 dabit
308 3723 389 3781 nobis
414 3723 603 3795 scorpionem,
620 3724 668 3795 qui

82 3798 181 3870 pungit
199 3794 299 3861 cauda,
315 3798 343 3849 et
365 3795 478 3864 occidit,
496 3803 524 3851 et
548 3803 668 3852 mortem

82 3861 188 3917 inierni
209 3861 325 3919 inducit.
344 3867 413 3921 Tres
432 3867 550 3924 virtutes
564 3867 666 3950 praedi·

82 3935 142 3988 ctas
169 3938 266 4003 petere
290 3934 438 4006 debemus,
464 3938 532 4009 quia
548 3955 609 3995 eme
628 3942 669 3995 eis

82 4009 195 4059 nonest
211 4002 298 4061 salus.
316 4004 343 4062 Si
359 4022 428 4078 ergo
442 4010 526 4066 bomo
543 4009 591 4080 qui
607 4027 668 4066 ma-

82 4073 128 4130 lus
156 4079 210 4144 est,
238 4077 274 4131 ad
300 4079 544 4148 comparationem
564 4080 667 4137 divinae

83 4146 217 4227 bonitatis
230 4154 259 4203 et
273 4147 443 4216 clementie,
463 4158 589 4221 respectu
615 4169 666 4208 cu-

79 4230 127 4287 Jus
147 4234 232 4276 nemo
252 4223 295 4275 est
319 4218 422 4288 bonus,
437 4223 484 4290 qui
500 4221 586 4279 etiam
602 4222 666 4281 ideo

721 378 812 433 matus
844 376 957 441 dicitur,
984 374 1052 447 quia
1074 374 1113 431 ad
1138 375 1236 431 matum
1265 397 1304 445 est

723 464 827 519 'tronus
848 489 855 516 ,
880 448 929 503 dat
948 448 1023 503 bona
1037 447 1104 503 data
1125 446 1176 506 sibi
1200 463 1215 502 a
1232 449 1290 525 beo,

722 520 828 576 seilicet
840 519 1018 591 temporalia,
1034 518 1094 573 illio
1105 519 1220 590 petenti;
1231 526 1286 581 mut

722 599 750 646 tu
764 590 855 662 magis
880 592 966 646 Pater
984 593 1081 645 noster
1108 589 1231 658 celestis,
1250 599 1281 664 qni

721 679 754 719 ex
770 669 872 718 natura
887 678 939 717 sua
959 662 1049 717 bonus
1070 664 1098 716 et
1111 660 1174 732 pius
1187 668 1232 727 cst,
1243 679 1277 734 per

722 733 886 801 essentiam,
902 731 982 789 dabit
997 731 1128 803 spiritum
1145 733 1245 798 benun,
1256 734 1273 789 id

723 814 767 862 est
778 806 855 862 bona
875 803 1044 875 spiritualia,
1064 802 1172 860 scilicet
1185 807 1271 874 gratian

722 887 751 932 et
760 875 892 948 gloriam,
900 874 1062 946 petentibus
1071 891 1113 937 se,
1123 891 1176 930 non
1187 890 1272 930 renum

723 950 807 1004 tibus.
823 949 911 1002 Vocat
928 953 1023 1002 autem
1039 961 1123 1001 omne
1137 945 1272 1016 bonumsp·

721 1019 825 1075 rituale
839 1017 967 1090 spiritum
983 1018 1100 1084 bunum,
1112 1018 1184 1087 quia,
1200 1032 1270 1071 secur

722 1091 789 1147 dum
799 1093 998 1158 Aupttstinum,
1010 1087 1129 1159 Spiritus
1139 1089 1269 1145 Sanetusett

723 1162 846 1234 primum
873 1161 990 1228 donum,
1019 1159 1048 1214 in
1072 1175 1128 1230 quo
1144 1157 1269 1215 omniade-

723 1239 835 1289 nantur.
852 1231 904 1288 Ubi
920 1231 994 1287 idem
1005 1232 1193 1298 Augustinus:
1209 1230 1268 1284 «Nm
1307 1244 1311 1321 p

723 1303 877 1376 denegabit
904 1319 933 1359 se
958 1303 1131 1374 petentibus,
1146 1301 1187 1373 qui
1201 1303 1268 1372 sponte

723 1376 823 1431 obtutit
840 1391 870 1431 se
883 1390 939 1430 non
959 1375 1133 1445 petentibus.
1158 1375 1186 1428 Et
1198 1377 1268 1444 prater

723 1450 783 1503 haee
799 1446 905 1514 omnia,
920 1449 970 1515 qui
983 1448 1097 1516 proprio
1111 1447 1178 1501 Filio
1190 1460 1227 1499 suo
1234 1457 1267 1496 ma

721 1521 859 1590 pepercit,
875 1517 922 1572 sed
943 1532 995 1588 pro
1016 1516 1097 1571 nobis
1113 1516 1268 1572 omnibusne·

724 1591 888 1653 diditittum,
904 1593 933 1644 et
961 1588 1040 1643 dedit
1059 1586 1095 1643 ad
1114 1585 1268 1663 occidendum,

724 1661 865 1733 qutimodo
881 1659 962 1716 nobis
976 1675 1034 1714 non
1049 1666 1151 1714 cuncta
1163 1659 1269 1728 quaepeb·
1309 1700 1311 1729 ,

726 1730 934 1788 musdonabit‘l
967 1729 1050 1786 Dabit
1069 1736 1163 1786 autem
1180 1745 1208 1785 ea
1229 1740 1269 1797 qua

724 1801 906 1875 praecepitei
923 1801 1083 1858 fecerimus.
1103 1821 1118 1855 r>
1134 1799 1267 1875 stiterunt:
1309 1824 1311 1857 t

726 1898 738 1925 a
755 1874 806 1941 Qui
823 1875 882 1930 rutt
897 1872 988 1929 audiri
1005 1890 1022 1928 a
1036 1875 1104 1940 Deo,
1118 1872 1192 1943 prius
1204 1867 1270 1926 audiat

724 1949 824 2002 Deum.
834 1946 895 2012 Qua
903 1944 979 2000 enim
991 1945 1085 1999 leonte
1097 1943 1213 2015 postulas
1221 1935 1270 2010 qttd

723 2016 854 2088 promisit
869 2018 952 2084 Deus,
968 2015 991 2070 si
1006 2031 1063 2070 non
1080 2014 1148 2071 lacis
1165 2010 1270 2095 quodjue

724 2095 760 2143 stt
776 2088 869 2143 beust
892 2086 973 2143 Prius
992 2085 1059 2142 audi
1083 2083 1271 2147 moniuonestt

724 2160 764 2215 sic
783 2159 862 2231 exige
886 2156 1099 2230 promissiones.
1121 2157 1170 2224 Qui
1192 2164 1270 2223 apra·

723 2230 811 2302 ceptis
840 2230 889 2285 Dei
916 2228 1064 2295 avertitur,
1092 2228 1165 2299 quod
1185 2227 1210 2282 iu
1230 2235 1271 2278 ort·

724 2303 799 2357 tione
816 2301 952 2373 postulat,
970 2317 1028 2356 non
1043 2307 1187 2357 meretur:
1208 2294 1272 2349 »bet

722 2375 907 2442 Atteustt'nus.
1279 2402 1280 2406 =

763 2450 793 2513 ¹4
809 2446 877 2511 Qum
893 2461 1042 2500 ramesensi
1059 2461 1099 2498 str
1113 2460 1181 2499 aurs
1192 2458 1220 2496 ex
1230 2450 1275 2518 itt·

724 2534 806 2572 cerro
836 2533 911 2571 neers
938 2514 1110 2572 unaunants‘l
1139 2544 1173 2556 -
1199 2503 1276 2568 beruto

725 2587 849 2643 ostendit
882 2604 933 2660 per
961 2588 1028 2658 qnid
1060 2587 1151 2641 oratio
1178 2601 1194 2640 a
1222 2580 1277 2654 parit

725 2658 832 2715 orantis
861 2658 1025 2715 exaudibilis
1061 2658 1108 2725 sit,
1137 2655 1217 2713 etad
1239 2659 1278 2706 111²·

725 2731 810 2786 ritum
826 2730 1013 2786 exauditionis
1027 2729 1226 2795 concludendo,
1238 2715 1282 2778 sul

721 2801 817 2874 jungit
832 2820 838 2856 :
852 2802 950 2858 Omnia
972 2817 1035 2870 ergo
1059 2816 1228 2882 quacumque
1243 2784 1284 2846 eat·

724 2877 771 2937 tis,
787 2873 894 2928 scilicet
910 2871 1119 2928 rationabiliter
1141 2876 1169 2927 et
1186 2861 1290 2926 dictatie

725 2944 873 3011 charitate,
891 2950 922 2998 ut
944 2945 1053 3011 faciunt
1078 2943 1155 2998 uobis
1180 2939 1294 2997 bomine»

725 3016 830 3071 scilicet
844 3014 952 3071 utiliter
970 3020 999 3071 et
1016 3013 1158 3082 ordinate,
1178 3014 1266 3069 eudem
1280 2994 1299 3045 ‘l

725 3104 771 3143 uos
785 3090 871 3154 facite
885 3089 955 3151 illis,
980 3085 1087 3142 scilieet
1115 3084 1177 3140 loeo
1193 3090 1220 3140 et
1236 3079 1305 3139 tem?

725 3174 803 3229 pore.
829 3159 889 3224 Qua
905 3155 981 3213 enim
1011 3157 1103 3212 fronte
1122 3154 1195 3229 petis
1218 3148 1311 3212 Doffil'

726 3246 792 3285 num
809 3233 898 3298 tuum,
917 3227 964 3300 qui
982 3244 1038 3283 non
1064 3226 1195 3298 agnoscis
1213 3214 1311 3320 persp}

725 3300 826 3356 tuum?
845 3301 929 3366 Quasi
951 3300 1045 3355 dicat:
1073 3299 1100 3354 Si
1118 3298 1201 3354 vultis
1223 3301 1294 3371 pet·

725 3371 863 3442 accipere,
879 3373 998 3441 quaesita
1014 3369 1151 3439 invenire,
1167 3362 1311 3441 pulsan&

725 3443 849 3508 intrare,
878 3458 946 3514 ergo
970 3458 1020 3498 vos
1043 3441 1128 3497 laeite
1156 3443 1221 3498 aliis
1248 3432 1311 3512 q!j

724 3514 805 3569 vobis
819 3513 881 3569 iteri
903 3513 986 3569 vultis
1005 3513 1041 3569 ab
1060 3512 1133 3581 iltis;
1154 3513 1193 3568 sie
1209 3529 1262 3569 nee
1281 3505 1311 3553 ἒ

724 3584 789 3640 aliis
810 3584 987 3656 exspectetis,
1000 3586 1075 3654 quod
1092 3583 1150 3640 iltis
1165 3599 1223 3640 non
1238 3583 1311 3640 leb

724 3655 794 3711 ritis.
822 3657 873 3712 Ubi
893 3657 1119 3725 chrysostomus:
1140 3677 1154 3705 ι
1169 3656 1210 3711 Ac
1225 3657 1249 3711 si
1267 3635 1311 3710 ὅ

725 3732 811 3793 aeret,
827 3727 849 3781 si
873 3743 941 3798 ergo
962 3728 1064 3798 cupitis
1079 3726 1185 3794 audiri,
1208 3730 1311 3798 praet!

725 3798 773 3855 illa
799 3814 862 3869 quae
891 3799 959 3866 dini,
987 3797 1073 3853 etiam
1098 3797 1154 3853 ista
1173 3796 1311 3869 perticitf

725 3869 823 3925 Vidisti
839 3875 926 3936 certe,
937 3868 1004 3940 quia
1018 3885 1082 3925 eum
1096 3869 1227 3925 oratione
1241 3884 1311 3940 opta

725 3943 762 3996 sit
783 3945 868 3997 etiam
897 3937 1049 4012 disciplina
1079 3938 1228 3998 virtutum.
1244 3941 1311 4007 Qua

724 4015 766 4067 ris
781 4011 832 4068 tibi
850 4012 913 4068 ireri
935 4028 953 4067 a
972 4026 1120 4078 conservo,
1144 4027 1180 4068 ea
1193 4017 1224 4066 tu
1244 4015 1311 4080 erg

724 4084 894 4154 proximum,
908 4081 1010 4154 inquit,
1026 4082 1155 4139 ostende.
1165 4081 1239 4150 Quid
1250 4086 1311 4137 unt

723 4169 808 4225 quam
820 4154 874 4209 boc
892 4158 1048 4226 praecepto,
1062 4158 1112 4209 aut
1125 4153 1217 4210 levius
1231 4152 1311 4209 inre

722 4225 810 4294 nitur,
829 4231 879 4282 aut
909 4223 1040 4297 justius?
1056 4246 1070 4275 ι
1108 4225 1172 4282 haee
1195 4226 1311 4295 carust!
