2790 4912
484 354 594 408 lulum
620 354 740 408 riuus
766 354 870 407 CAPUT
896 351 986 405 XXIV

684 528 812 588 omnio

167 670 287 737 Domine
300 677 388 742 Deus,
403 672 501 743 Agnus
520 669 582 741 Dei,
597 668 683 728 Filius
699 670 803 740 Patris,
818 669 867 742 qui
887 669 963 728 tollis
1018 676 1099 728 centa
1112 673 1226 741 mnndi,
1241 687 1292 745 per
1302 688 1346 732 me·

131 751 187 810 rita
200 748 276 805 illins
290 744 338 818 qui
355 746 409 801 boc
428 741 590 799 testimonio
617 747 646 798 te
665 742 789 798 ostendit
815 743 933 814 mundo,
952 748 982 799 to
995 743 1021 799 le
1046 749 1165 826 peccata
1181 745 1287 813 mnndi,
1300 762 1344 819 qne

133 819 261 880 contraxi
286 818 315 874 in
334 815 454 883 mundo;
470 818 499 870 et
513 819 554 882 tu,
570 818 669 870 sancte
689 816 826 882 loannes,
841 814 890 884 qui
910 814 1058 872 ostendisti
1086 815 1195 873 mundo
1224 816 1342 879 tollente!

132 897 249 967 peccata
264 905 326 957 sua,
340 904 393 961 per
409 885 531 959 gratiam
548 883 600 941 tibi
617 884 724 953 datam,
743 885 787 942 lac
807 885 876 941 mibi
898 886 972 943 banc
984 885 1222 955 misericordiam,
1238 894 1266 945 ut
1283 890 1340 949 om
1393 919 1395 926 v

131 968 249 1093 flecma
265 977 339 1017 mea.
354 962 405 1027 Tu,
420 960 505 1028 Dens,
521 956 598 1014 tollis
616 963 732 1028 peccata
747 956 863 1025 mnndi;
878 964 919 1026 tn,
936 957 1027 1015 amice
1040 958 1115 1085 ejus,
1129 958 1202 1015 dicis
1220 976 1227 1014 :
1242 959 1287 1018 llio
1300 962 1337 1019 tol·

184 1039 300 1108 peccata
319 1029 433 1098 mundi;
450 1045 516 1087 ecce
545 1031 612 1085 ante
636 1044 685 1084 vos
705 1034 824 1084 onustus
841 1030 964 1100 peccatis
981 1045 1048 1086 mun
1072 1029 1095 1098 ις
1112 1032 1231 1101 probate
1247 1032 1334 1091 mibili
1391 1035 1392 1042 ’

133 1121 191 1175 me,
205 1111 246 1173 tn,
260 1110 353 1161 actum
369 1108 460 1170 tuum,
478 1105 517 1168 et,
534 1104 575 1168 tn,
592 1099 697 1182 dictum
713 1105 803 1156 tuum.
824 1102 870 1182 Tu·
887 1100 963 1183 enim
985 1117 1107 1172 magnus
1123 1101 1272 1185 Dominum
1285 1108 1334 1163 ιιιι

132 1176 492 1306 giligptigigisnzplrsmffligitno,
509 1171 557 1246 qni
572 1176 658 1228 estin
677 1176 815 1228 aeternum
832 1187 1005 1242 misericors,
1020 1178 1050 1229 et
1064 1188 1150 1246 super
1170 1189 1261 1231 omnia
1272 1175 1332 1234 bene

617 1565 755 1640 CAPUT
769 1567 878 1639 XXIV

133 1775 172 1821 ΒΕ
186 1774 266 1821 NOVU
283 1772 467 1820 TESTIUONIO
483 1770 605 1817 tonitrus
623 1770 662 1814 ΒΕ
678 1769 812 1826 culusm,
832 1770 869 1815 AC
886 1770 923 1815 ΒΕ
935 1770 1026 1815 euin
1042 1771 1255 1819 nismeunouuu
1266 1768 1329 1817 ΕΒΗ·

394 1870 494 1929 Tlouu,
511 1871 549 1915 ΕΤ
567 1868 701 1915 uocum
722 1866 839 1913 CHRISTI
858 1868 1090 1915 impressionis.

632 2016 752 2075 loannis
766 2034 828 2090 cap.
844 2020 866 2075 1.

174 2237 184 2272 1
215 2215 334 2270 Vocario
360 2210 478 2267 Annaea
506 2225 645 2266 securioris
671 2213 721 2268 Jo·
776 2212 854 2283 loqui
887 2212 922 2269 de
951 2228 992 2282 se,
1012 2217 1159 2296 tamquam
1186 2213 1222 2273 de
1247 2209 1341 2284 aliod

133 2303 215 2345 arima
230 2299 411 2341 rnsnniomnii
431 2298 584 2338 noniesris.
611 2313 645 2324 -
664 2283 722 2339 Ad·
777 2283 921 2340 vitandam
943 2289 1146 2357 arrogantiam.
1162 2289 1201 2343 nt
1217 2288 1341 2359 respiciet

133 2358 190 2416 huc
203 2362 298 2414 autem
311 2358 379 2411 lesu
402 2352 432 2410 in
451 2352 579 2425 partibus
594 2352 650 2410 illis
663 2370 723 2411 ma·
776 2355 847 2411 vidit
880 2358 1005 2413 loannes
1038 2359 1130 2415 lesum
1165 2359 1344 2419 ambutantes.

133 2435 231 2498 nante,
251 2430 351 2492 attera,
381 2426 409 2482 id
434 2430 488 2494 est,
516 2424 639 2496 quadam
667 2426 724 2483 alia
777 2426 1348 2557 tamquaminsalutenostraXrocurantt

134 2518 185 2559 sen
204 2517 262 2558 una
281 2501 336 2564 die,
357 2514 420 2569 qnae
437 2497 473 2553 ad
488 2497 652 2554 hesternam
667 2515 723 2555 non
798 2499 1015 2568 roliciscentem,
1031 2500 1112 2572 juxta
1125 2505 1177 2560 lor
1198 2517 1292 2571 anem,
1306 2499 1348 2559 sd·

134 2574 268 2640 retertur,
283 2569 425 2628 nonenim
440 2585 553 2642 semper
567 2568 723 2641 respective
777 2514 940 2652 Ucetprope
955 2570 1048 2628 locum
1058 2572 1105 2630 ubi
1116 2576 1245 2631 loannes
1259 2574 1352 2641 stabam

154 2646 260 2712 onltnr,
275 2647 375 2699 iterum
395 2642 488 2698 stabat
503 2641 725 2712 incriminata
778 2657 844 2712 quia
865 2644 949 2699 lesus
968 2647 1119 2715 postquam
1142 2662 1161 2704 a
1186 2647 1299 2704 Joanne
1320 2648 1353 2703 erl

133 2660 289 2774 dordanem
308 2713 464 2770 immobilis
478 2712 509 2768 in
523 2710 645 2769 culmine
659 2728 723 2784 per·
776 2712 946 2785 baptizatus,
965 2713 1002 2770 ad
1024 2720 1136 2789 tempus
1160 2732 1252 2789 prope
1275 2717 1355 2775 locun

133 2786 275 2853 lectionis,
294 2801 347 2840 nec
371 2786 488 2840 flectens
511 2799 582 2840 sea
611 2783 725 2840 rectitu·
776 2783 857 2841 illum
883 2787 1060 2856 morabatur,
1075 2792 1104 2844 et
1127 2789 1221 2845 lactus
1250 2792 1295 2846 est
1316 2790 1357 2847 to

134 2856 202 2912 dine
222 2854 362 2921 veritatis,
385 2860 530 2925 tamqnam
551 2860 667 2926 paratus
687 2855 724 2911 ad
776 2855 844 2912 anni
865 2855 1023 2928 familiaris,
1042 2863 1072 2915 ut
1098 2858 1139 2916 sic
1158 2862 1286 2919 loannes
1309 2859 1358 2917 lm·

134 2926 322 2983 exercendum
353 2925 479 2981 officium
510 2941 603 2994 sunm,
623 2925 722 2982 testifi-
777 2931 897 2998 quenter
918 2928 1109 2987 testimoninm
1131 2930 1160 2987 in
1176 2933 1222 2989 sui
1241 2946 1359 3004 praesen·

132 2995 223 3054 cando
238 2996 273 3052 de
295 2993 417 3061 Chii-io,
432 3010 466 3051 ao
484 2995 663 3067 baptizando,
693 3002 722 3054 et
776 3004 816 3055 tia
842 2998 959 3068 diceret,
975 3005 1004 3056 et
1030 3000 1072 3058 sio
1095 3002 1226 3060 Christus
1244 3004 1282 3061 ab
1304 3001 1360 3059 aliis

135 3066 276 3149 docendo,
287 3070 318 3147 et
339 3080 439 3121 omnes
465 3065 501 3121 ad
533 3082 563 3122 se
578 3067 723 3149 venientes
778 3076 1006 3142 cognosceretur.
1020 3074 1052 3129 ln
1076 3089 1132 3145 quo
1150 3074 1361 3132 commendatur

135 3138 172 3196 de
197 3154 265 3221 ipso!
286 3135 463 3218 instruendo
493 3137 583 3209 Supra
609 3139 723 3220 quidem
776 3140 896 3199 loannis
906 3144 1076 3210 constantia,
1088 3145 1156 3216 quia
1168 3162 1228 3203 non
1239 3162 1298 3205 una
1310 3144 1361 3214 die,

135 3210 281 3285 porhibuit
299 3213 494 3265 testimonium
511 3208 546 3264 de
561 3208 672 3267 Cbmsto
687 3211 723 3267 ad
778 3228 831 3269 nec
850 3213 938 3269 semel
959 3219 1079 3285 tantuin,
1097 3217 1148 3272 sed
1169 3216 1303 3289 pluribus
1324 3216 1362 3274 di·

134 3283 249 3350 tnrbas;
279 3279 324 3338 bic
345 3295 413 3336 vero
440 3278 476 3336 ad
502 3278 663 3353 discipulos.
688 3286 724 3339 Ει
779 3285 860 3352 ebus,
875 3290 904 3341 et
929 3286 1083 3354 multoties,
1103 3288 1217 3346 Christo
1236 3288 1363 3372 perhibe

134 3356 249 3413 stabant
277 3368 342 3410 cnm
361 3367 408 3435 'eo
437 3368 471 3407 eso
498 3351 645 3434 discipulis
664 3353 723 3423 ejus
777 3357 827 3412 bat
841 3355 1046 3414 testimonium.
1063 3359 1143 3416 Unde
1159 3360 1296 3418 subditur
1308 3360 1365 3432 ojus

134 3428 199 3492 duo,
220 3425 341 3482 llrmiter
360 3423 533 3480 inhaerentes
555 3440 617 3496 eins
633 3425 722 3496 magi·
779 3426 973 3486 testimonium
987 3428 1089 3487 iterato
1098 3431 1215 3499 lactum,
1229 3431 1365 3504 quiacum

135 3498 233 3565 sterio,
252 3512 372 3567 quorum
388 3511 462 3553 unus
475 3494 603 3552 Andreas
618 3511 722 3553 memo·
776 3498 888 3556 viderat
914 3502 1022 3571 lesum,
1050 3503 1120 3560 dicit
1143 3506 1242 3559 :Ecce
1270 3504 1365 3573 Aonas

135 3572 235 3634 ratur3
253 3568 303 3623 sed
316 3565 445 3635 alterins,
462 3565 529 3637 qnia
545 3565 657 3638 insigne
666 3583 723 3624 non
778 3574 838 3626 liet.
855 3572 926 3630 Ecce
938 3588 1041 3631 vervex
1063 3573 1113 3646 qni
1134 3573 1301 3655 sequendus
1314 3578 1365 3642 est,

135 3641 207 3706 erat,
221 3654 326 3694 nomen
341 3643 460 3695 tacetur.
478 3637 557 3694 Unde
571 3637 644 3695 sicut
661 3641 722 3696 Ste-
777 3641 849 3698 sicut
882 3643 937 3701 dux
970 3644 1076 3726 gregis.
1105 3647 1236 3702 Breviter
1266 3644 1366 3720 repetit

135 3709 251 3789 pbanns
262 3714 305 3765 est
319 3708 427 3780 primns
446 3714 555 3780 martyr
568 3714 633 3780 post
646 3709 723 3791 tibri-
778 3714 959 3796 Evangelista
968 3716 1174 3785 testimonium,
1183 3717 1261 3788 qnod
1276 3718 1366 3776 luerat

134 3783 284 3859 stum,·ita
314 3783 343 3835 et
367 3779 496 3836 Andreas
526 3785 587 3836 erat
616 3796 723 3852 primus
777 3800 908 3856 superins
922 3786 1038 3856 dictum,
1053 3792 1082 3844 et
1099 3787 1164 3845 ideo
1176 3787 1285 3845 omittit
1300 3786 1366 3846 reei-

135 3850 324 3926 Cbristianus,
335 3855 364 3906 et
373 3850 506 3907 similiter
519 3850 626 3922 primus
639 3851 721 3908 Chri·
776 3854 863 3913 duum
879 3858 954 3928 quod
962 3874 1050 3931 snpra
1063 3859 1231 3929 dictumest,
1243 3858 1363 3918 scilieet:

134 3921 170 3978 sti
186 3919 351 4002 discipulus,
367 3920 485 4003 quiade
503 3922 614 4004 duobus
623 3923 721 4004 primo
776 3926 824 3998 qui
841 3928 914 3984 tollit
938 3936 1054 4002 peccata
1068 3930 1178 4000 mnndi,
1192 3931 1267 3990 sicut
1280 3946 1365 4014 supra

134 3992 348 4075 adliaerenlibps
369 3993 546 4076 principalis·
560 3998 667 4050 exstitit
693 4001 722 4052 et
776 4004 820 4054 est
836 3998 974 4057 habitum.
990 4002 1044 4059 Per
1068 4005 1206 4061 loannem
1229 4003 1366 4078 praedica·

132 4061 721 4219 tttlliiltlliltttltllilltl
776 4071 985 4212 lttltllll.
1000 4074 1365 4216 luttitltitttiltu

132 4206 209 4278 lista,
257 4221 303 4262 nia
325 4203 427 4262 modus
452 4212 495 4262 est
523 4208 719 4279 scribentium,
775 4227 838 4270 sum
864 4214 1057 4275 ambulantem
1097 4223 1127 4276 et
1155 4218 1259 4277 dixit:
1293 4220 1364 4276 nece

132 4282 227 4338 tacere
237 4222 360 4336 ‘lauaem
379 4276 536 4351 propriam,
551 4278 596 4338 rel
617 4280 719 4339 saltem
773 4284 871 4357 Agnus
889 4286 951 4361 Dei,
966 4260 1145 4361 signill’catnr
1161 4290 1240 4365 qnod
1259 4288 1363 4367 preni-
