2790 4912
31 276 77 328 276

30 400 68 440 oi.
82 413 117 424 -
133 378 239 437 Deinde
251 382 315 450 post
325 377 539 434 condimentum
551 375 618 433 salis

32 459 59 512 et
73 452 184 509 radium
196 448 278 518 lacis,
287 447 414 520 sequitur
424 446 545 504 civitatis
554 463 618 519 pro

30 524 128 593 tectio,
155 527 183 579 et
207 521 328 578 lucernae
355 518 533 576 illuminalio.
557 522 618 577 Non

29 601 119 670 potest
138 597 237 650 clotten
256 591 387 647 abscondi
402 595 618 662 capremontem

28 671 131 740 posito.
152 669 246 735 Neque
266 663 418 718 accendunt
436 663 574 716 lacernam
593 667 618 716 et

26 742 135 811 ponunt
148 752 207 790 eom
218 734 268 789 aab
280 734 382 795 modio,
394 733 442 787 sed
454 748 537 804 super
556 748 619 788 con-

28 808 183 870 delabrum,
206 811 237 860 at
260 806 348 859 laceat
371 804 496 859 omnibus
520 805 570 874 qai
587 806 618 858 in

28 879 107 935 mmo
118 882 192 932 sunt.
206 875 271 931 ldeo
284 880 313 930 et
324 873 451 946 Apostoli
467 880 495 930 el
507 873 617 946 praelati

26 965 85 1007 non
99 948 204 1005 debent
220 962 251 1003 se
264 946 450 1013 abscondere,
464 961 555 1016 neque
570 945 614 1001 lii·

27 1035 142 1078 cernam
157 1017 243 1073 divini
265 1017 343 1075 verbi
360 1032 467 1088 ponere
484 1019 535 1072 sub
554 1033 615 1073 mo-

26 1090 74 1149 dio
99 1097 127 1146 et
147 1088 335 1145 occultatione
356 1086 473 1144 humani
493 1087 614 1158 timoriS,

25 1177 120 1233 neque
141 1162 193 1217 suli
214 1160 286 1216 lecto
306 1167 335 1216 ot
351 1159 445 1231 quiete
464 1159 614 1215 mundanae

24 1231 238 1316 prosperitatis3
255 1230 305 1288 sed
319 1230 424 1287 debent
438 1246 501 1286 esse
516 1230 615 1287 civitas

24 1320 55 1361 iri
72 1309 168 1360 monte
182 1302 284 1374 posita,
299 1308 330 1359 ut
343 1305 400 1358 sint
412 1301 553 1372 retugium
569 1302 612 1357 in·

22 1376 99 1448 juste
112 1374 269 1446 oppressis;
282 1380 311 1429 et
325 1374 441 1430 lucerna
454 1389 539 1444 supra
551 1389 614 1429 can·

25 1446 174 1503 dolabrum
193 1445 294 1515 posita,
315 1450 345 1500 ut
359 1461 411 1516 per
428 1451 533 1501 sanctae
550 1445 613 1501 ritae

25 1517 154 1590 exempla
169 1517 283 1572 luceant
300 1515 467 1572 tenebrosis.
484 1516 562 1572 Unde
577 1517 614 1572 ad

24 1588 239 1645 similitudinem
250 1586 612 1659 civitatissupramontem,

24 1665 54 1716 et
68 1660 190 1716 lucernae
211 1674 296 1730 supra
313 1658 515 1714 candelabrum
535 1659 611 1784 posi·

22 1734 71 1798 tae,
88 1730 128 1786 sic
149 1737 245 1786 monet
263 1730 414 1801 Apostolos
432 1734 461 1785 et
479 1745 537 1801 prm
550 1736 612 1786 atos

22 1801 108 1858 simili
120 1802 226 1858 lumino
236 1816 332 1857 coram
344 1800 507 1857 hominibus
518 1801 612 1858 lucere

23 1876 53 1929 et
76 1873 195 1944 fulgere,
216 1877 246 1927 ut
269 1872 336 1928 visis
357 1873 489 1943 operibus
512 1866 610 1929 eordan

22 1943 117 2009 bonis,
140 1943 228 1998 odore
250 1947 279 1997 ct
303 1942 492 1998 admiratione
512 1944 610 1999 laliuin
634 1938 637 2009 l

20 2012 152 2069 homines
165 2013 345 2067 attrahantur
360 2019 388 2068 et
404 2014 608 2083 inlormeiitur;
633 2020 636 2075 ,¹

20 2099 54 2140 aa
79 2083 146 2138 inde
173 2085 247 2138 Deus
272 2084 357 2137 Pater
375 2082 561 2153 glorificetur,
582 2093 635 2146 eti

20 2169 80 2210 non
95 2152 232 2223 ipsis,sed
249 2155 315 2219 ei,a
333 2169 388 2223 quo
402 2169 487 2210 omne
502 2157 608 2212 boiiuni
633 2186 635 2209 l

19 2231 73 2295 est,
89 2225 150 2280 laus
163 2223 404 2295 impartiatur.Sie
418 2223 608 2295 igiturluceot
633 2236 634 2249 ¹

19 2298 70 2354 lua
86 2302 177 2352 vestro
196 2313 286 2352 eoram
305 2297 470 2361 bominibus,
488 2296 607 2368 duplici·
632 2290 634 2341 f

18 2372 63 2425 ter
84 2386 91 2425 :
111 2368 217 2424 delient
236 2366 340 2439 quippe
360 2367 454 2424 lucere
473 2374 502 2424 et
522 2385 608 2441 opere
632 2414 633 2425 ,

18 2444 47 2497 et
70 2456 220 2507 sermoiie;
245 2456 301 2495 nori
321 2438 480 2496 enimait:
503 2442 537 2496 Ut
557 2457 607 2497 au·
631 2468 634 2503 i

17 2510 128 2569 dientes
154 2517 278 2568 rostrum
306 2526 466 2568 sermonem
485 2512 605 2577 bonum;
632 2519 634 2579 ἕ

17 2583 608 2653 sedinsidentesoperaoestinbonomiam·-
632 2614 634 2641 l

17 2657 97 2724 fleant
109 2658 217 2710 Patrem
230 2662 359 2716 oestrum,
374 2658 424 2725 qui
433 2657 463 2709 in
473 2658 546 2711 ecelis
557 2661 606 2711 est.
632 2676 634 2709 ε

16 2725 106 2797 blagis
131 2725 207 2781 enim
233 2726 379 2796 operando
407 2725 470 2797 quis
496 2718 634 2803 ρνοΐιοίῑἱ

17 2809 104 2866 quam
118 2795 271 2865 loquendo,
283 2802 311 2850 et
322 2796 609 2876 plusmoventeiiem-
632 2830 634 2853 l

16 2866 65 2937 pla
76 2881 160 2937 quam
173 2867 270 2933 verba,
282 2882 348 2935 quia
360 2868 452 2947 major
464 2876 507 2924 est
517 2869 609 2939 splen·

17 2934 71 2991 dor
85 2939 180 3006 operis
193 2951 277 3006 quam
291 2951 442 2992 sermonis.
459 2941 513 2994 lste
530 2940 607 2996 enlm
632 2988 633 2993 ,

16 3011 128 3062 tantum
143 3021 192 3061 ore
209 3006 355 3085 praedicat,
372 3011 400 3061 et
417 3023 473 3062 una
491 3008 562 3065 liora
577 3010 606 3065 iu
632 3010 634 3017 '

15 3075 189 3148 septimana;
211 3075 258 3131 ille
280 3091 348 3131 vero
366 3080 441 3133 totus
459 3079 604 3149 praedicat,

16 3154 45 3206 et
69 3147 146 3204 omiii
168 3147 255 3203 totius
276 3148 411 3218 temporis
429 3148 510 3204 hora.
528 3151 605 3208 Unde

16 3220 84 3279 alibi
112 3238 120 3276 :
143 3221 295 3289 Fulpebunt
316 3219 400 3289 jusit,
420 3225 445 3275 ct
465 3226 606 3291 tamquam
631 3232 633 3244 ¹

14 3293 144 3349 scintilla
177 3295 206 3347 iii
236 3293 401 3348 arundineto
439 3293 603 3351 discoirent.
632 3340 633 3345 ,

15 3365 106 3433 Quod,
124 3363 280 3422 secundum
297 3363 469 3432 arepertum,
485 3369 528 3421 est
548 3365 605 3422 vita
632 3384 634 3407 i

16 3436 196 3517 secularium,
221 3435 268 3561 {ui
292 3435 361 3491 loris
387 3435 467 3518 quasi
493 3436 605 3518 adalta
628 3428 633 3499 ἐ

15 3507 179 3577 proliciunt,
193 3523 223 3561 se
255 3512 331 3562 intus
343 3522 360 3561 a
372 3507 514 3564 soliditate
527 3524 606 3565 inva-

15 3583 145 3633 nescunt.
165 3578 303 3633 Econtra
319 3593 397 3646 vero,
418 3579 519 3635 docere
536 3596 604 3637 voce

16 3652 114 3703 elnon
131 3663 227 3718 apere,
242 3649 372 3719 quaedam
388 3649 497 3706 vanitas
509 3654 562 3718 est,
576 3657 604 3707 et

15 3731 117 3789 parurn
132 3718 262 3788 prodest;
279 3719 357 3790 quia,
372 3721 526 3778 secundum
540 3725 604 3778 Rea

14 3788 143 3869 nardum,
155 3787 252 3868 lingua
262 3790 447 3862 magniloqua
459 3797 487 3848 et
502 3808 603 3850 manus

15 3862 117 3927 otiosa,
137 3858 267 3916 doctriua
286 3861 378 3917 lucida
399 3868 426 3918 ot
443 3863 501 3920 vita
522 3870 601 3920 tene-

14 3929 110 3998 brosa,
135 3935 314 3987 monstruosa
339 3948 386 3989 res
410 3940 463 3990 est.
486 3935 528 3991 Ad
548 3936 602 3992 lioc

15 4006 110 4058 autem
132 4000 226 4057 lucere
246 4002 360 4071 deberit,
377 4009 407 4060 ut
426 4005 513 4062 finem
534 4006 600 4063 boni

14 4075 109 4145 operis
122 4071 150 4128 in
163 4071 293 4128 laudibus
303 4073 364 4142 Dei,
373 4090 429 4130 non
440 4077 599 4149 hominum,

15 4144 201 4212 constituant;
216 4143 282 4213 quia
299 4159 355 4199 non
375 4145 480 4204 debent
497 4148 532 4206 de
545 4149 600 4206 hoc

14 4228 104 4287 eueni,
131 4216 181 4273 sed
205 4213 256 4272 Dei
278 4230 406 4288 quaerere
424 4217 555 4289 gloriam,
572 4225 601 4278 et

373 270 485 324 Pllllllll
511 269 631 323 Piltrls
657 268 762 322 clear
788 269 905 322 xxxiv

673 373 793 447 proximi
819 372 1050 441 aedificationem,
1075 376 1107 430 ut
1133 388 1137 403 ¹

674 461 761 517 opera
775 461 874 502 eorum
897 446 981 513 bona,
998 446 1087 501 Deum
1106 460 1137 570 pe

673 514 704 572 iii
719 515 760 572 eis
775 517 858 585 fiunt,
870 533 927 572 non
943 516 1079 574 iacientes
1091 531 1137 586 go

673 603 725 659 per
745 587 935 643 imitationem
951 602 1069 670 eorum,
1080 602 1130 658 per

674 673 785 729 quoque
806 674 915 726 eorum,
930 674 1027 715 omnia
1045 674 1069 714 ei
1089 674 1134 714 asc

673 735 704 785 ut
727 729 841 786 ductori
866 731 1017 787 bonorum.
1045 732 1104 785 Non
1128 746 1137 785 ε

672 799 738 857 huic
752 800 935 869 contrarium,
955 801 1031 873 quod
1046 800 1118 856 inlra
1133 820 1137 853 i

672 873 825 937 Attendite,
839 889 873 927 ae
880 874 1024 942 justitiam
1038 878 1137 927 vestrm

672 946 709 999 tis
723 960 813 999 eoram
827 944 992 1010 bominibus,
1006 943 1073 1014 quia
1085 958 1136 1013 ope

672 1015 826 1085 quaerenda
839 1019 882 1071 est
892 1014 984 1141 {¹⁰⁸³
997 1014 1105 1080 divina,
1121 1030 1136 1069 e

671 1084 767 1156 quitur
781 1085 839 1154 liic;
861 1102 891 1142 se
933 1085 1066 1156 fugienda
1083 1086 1137 1156 glor

671 1156 733 1228 pria
747 1161 775 1213 et
791 1157 926 1226 humana,
940 1162 969 1213 el
980 1155 1020 1212 sic
1036 1157 1137 1227 loquitc

707 1234 722 1283 5
736 1229 931 1286 Crinisrusiioii
942 1246 1023 1283 rnuir
1033 1229 1137 1284 Lnoeii¹

671 1317 801 1368 somena,
816 1318 863 1355 san
878 1317 1038 1356 nniiirnems.
1052 1302 1134 1354 -Dc

670 1370 794 1441 cipiteos
800 1373 860 1443 jam
871 1371 1039 1437 informare,
1053 1371 1127 1441 quod

669 1443 869 1513 praereniendo
897 1442 989 1513 primo
1016 1442 1118 1497 salsam

668 1529 745 1582 nem,
767 1529 852 1584 quam
874 1514 981 1570 liabere
1005 1518 1137 1585 poterant

668 1584 794 1656 quamsi
818 1589 989 1656 quererent,
1013 1584 1137 1640 dicentes

667 1656 796 1711 volumus
809 1655 967 1712 doctrinam
980 1662 1059 1712 tuam
1070 1673 1129 1711 non

666 1725 744 1794 dere,
759 1727 808 1784 sed
824 1727 892 1798 quid
905 1733 948 1783 est
958 1728 1012 1783 hoc
1023 1728 1137 1798 ipsum(

666 1802 710 1854 tas
724 1798 878 1854 abscondi?
887 1797 1028 1869 Numquid
1038 1798 1111 1854 alios
1124 1799 1137 1852 d

665 1885 706 1938 es,
718 1876 817 1925 contra
825 1886 859 1925 ea
870 1886 932 1940 quae
943 1869 972 1924 iu
984 1870 1056 1950 Lege
1067 1874 1094 1924 ot
1107 1872 1137 1924 Pi

665 1940 770 2012 scripta
783 1941 946 2009 suntllt'on,
959 1940 1064 2011 inquit:
1076 1944 1137 1999 Nol.

663 2011 1133 2075 re,nescilicetinerroremiiicida

663 2086 739 2138 aiom
750 2087 812 2138 oeni
819 2084 922 2140 soluere
931 2086 1027 2151 Lepem
1036 2090 1084 2138 aut
1094 2086 1137 2138 Pri

663 2154 840 2279 prohibendo
869 2154 977 2210 scilicet
1004 2170 1040 2210 ne
1069 2154 1138 2225 spiri

673 2226 743 2281 iant.
761 2228 796 2282 Ut
810 2225 887 2282 enlin
905 2225 971 2281 dicit
986 2227 1137 2293 Augustini

662 2296 794 2368 niaque
816 2296 844 2353 iu
869 2296 964 2353 Veteri
984 2300 1133 2352 Testamen

663 2367 768 2439 scripta
787 2375 863 2436 sunt,
883 2367 952 2424 Novi
968 2368 1137 2424 Testamenti

663 2443 692 2495 et
712 2438 866 2511 imaginem
891 2440 1087 2511 praetulerunt.
1110 2444 1134 2495 ,t

662 2512 775 2573 solvere,
792 2515 820 2566 et
837 2510 982 2567 destruere
1000 2512 1115 2581 Legem,

663 2580 718 2637 tius
732 2583 883 2654 adimplere
895 2599 968 2639 cam.
982 2584 1012 2637 ln
1024 2584 1078 2637 hac
1087 2586 1137 2638 aut

662 2652 734 2708 mini
763 2653 913 2721 sententia,
939 2654 1137 2709 secundumb

662 2740 738 2791 num,
757 2724 859 2796 duplex
884 2730 925 2781 est
946 2742 1057 2781 sensus:
1081 2740 1137 2780 nan

662 2794 741 2866 plcre
756 2797 857 2866 Legem
870 2802 923 2865 est,
936 2802 984 2853 aut
998 2796 1131 2852 addendo

663 2867 740 2936 quod
755 2866 847 2922 minus
859 2868 955 2938 habet,
968 2874 1016 2924 aut
1029 2866 1137 2923 lacienc'

663 2937 758 2994 habet.
776 2938 912 2996 Dominus
930 2956 998 3010 ergo
1014 2939 1092 2994 addit
1107 2954 1137 3009 qr

662 3024 715 3064 iius
729 3010 825 3078 habet,
839 3026 896 3066 non
911 3011 1007 3081 utique
1021 3009 1105 3066 solvit
1119 3026 1137 3081 q

632 3128 633 3143 ,
662 3079 748 3149 venit,
773 3081 821 3136 sed
840 3082 931 3152 magis
950 3081 1124 3153 persiciendo

662 3155 730 3207 nial.
749 3151 850 3208 Omnia
870 3153 956 3209 etiam
975 3168 1038 3234 quae
1058 3154 1112 3207 Lex
1133 3171 1137 3204 i

662 3222 754 3294 phetae
781 3223 816 3279 de
840 3239 874 3279 eo
900 3228 1101 3296 promiserant,
1118 3224 1137 3294 ji

661 3300 740 3364 parte
757 3292 861 3365 inipso
877 3296 1017 3366 completa
1031 3299 1111 3362 sunt;
1128 3311 1137 3350 ε

661 3379 745 3435 quarn
775 3370 902 3422 transeat
928 3367 1031 3421 coelum
1057 3371 1085 3421 et
1115 3369 1137 3421 tc

660 3434 801 3493 elementa
824 3441 968 3493 mutentur
992 3438 1027 3493 ali
1049 3436 1137 3492 liacn

660 3507 763 3575 torma,
777 3507 805 3563 iri
822 3507 1038 3575 immutabilem,
1050 3507 1137 3563 scilici

660 3594 744 3650 quain
770 3578 823 3635 iste
846 3579 977 3648 mundus,
1002 3579 1096 3651 quoad
1116 3579 1135 3634 a

659 3665 717 3705 non
743 3650 838 3721 quoad
863 3650 1023 3719 materiam,
1040 3650 1137 3706 liniatu

658 3720 707 3777 nia
721 3738 784 3791 quae
799 3721 834 3777 de
848 3738 882 3778 eo
897 3721 1003 3793 scripta
1016 3727 1094 3790 sunt,
1114 3738 1137 3793 sp

658 3791 723 3847 litor
741 3792 944 3864 implebuntur.
961 3795 1048 3849 Amen
1070 3797 1137 3863 qiiip

658 3865 735 3920 vobis
757 3865 841 3920 doizec
867 3871 990 3921 transcat
1014 3867 1137 3920 calami

658 3937 717 3990 iota
736 3952 831 4004 anum,
851 3942 900 3991 ont
918 3951 989 3991 anas
1008 3952 1091 4017 epea,
1108 3951 1137 3990 iic

658 4007 780 4062 teribita
795 4009 874 4076 Lepe,
890 4006 918 4063 id
936 4012 979 4063 est
993 4006 1137 4062 minimum

657 4077 740 4148 Legis
763 4081 946 4159 preceptum,
963 4094 1020 4134 non
1035 4082 1131 4150 potest

657 4149 693 4205 ab
712 4148 815 4206 ellectu
837 4146 1020 4221 impletionis,
1045 4154 1075 4206 ut
1098 4164 1137 4206 rei

656 4219 768 4278 irritum
784 4225 813 4278 et
827 4219 924 4278 inane.
940 4223 1001 4279 lota
1015 4220 1135 4279 minima
