2790 4912
356 331 395 383 nt
422 331 623 387 nallllrlrl
652 332 863 388 SALVATORIS
890 333 1023 388 hesrai.
1279 347 1310 398 Π

67 454 130 511 qua
154 437 195 494 de
221 435 271 492 illo
283 434 405 517 'legerat
422 434 453 518 in
468 451 503 492 eo
521 436 661 519 compleri

67 509 216 638 mult}
232 509 338 645 itia?
351 505 661 648 illibabilis}

67 653 135 724 quia
166 649 329 706 secundum
359 651 567 719 Hieronymum,
600 652 662 723 ipsa

66 728 131 796 post
153 720 356 778 ascensionem
380 719 442 776 Filii
464 721 508 777 sui
523 723 662 779 remansit

69 794 105 852 ad
120 799 239 864 tempus
262 791 397 872 interris
415 806 480 848 cum
505 792 660 864 apostolis,

68 870 99 923 ut
111 880 163 922 eos
176 863 292 937 plenius
306 867 472 930 instrueret,
481 864 550 935 quia
564 863 662 921 omnia

68 934 242 992 familiarius
270 932 382 989 viderat
409 938 439 990 et
469 939 660 1004 tractaverat,

69 1012 188 1079 propter
249 1005 285 1061 od
302 1004 403 1086 mplius
418 1007 577 1077 exprimere
595 1012 660 1078 pot-

69 1084 139 1136 erat.
164 1100 181 1129 «
206 1022 355 1143 ffienrm,
370 1075 438 1132 dicit
464 1077 540 1134 idem
562 1080 658 1134 Hiero-

68 1165 176 1220 aym,
192 1147 271 1221 quod
285 1146 387 1203 melius
401 1147 545 1217 novimus,
557 1148 660 1205 melius

68 1220 285 1293 proterimus.»
307 1217 397 1275 diaria
419 1234 489 1290 ergo
512 1220 660 1290 virginalis

68 1291 215 1364 pudicitiae
248 1291 312 1346 'ura
340 1290 514 1358 custodiens,
543 1296 572 1348 et
602 1307 660 1348 non

68 1362 165 1420 minus
191 1307 295 1434 pudica
321 1376 382 1428 ore,
411 1376 498 1432 quam
528 1377 578 1419 cor
598 1378 659 1430 ore,

68 1439 182 1492 secreta
193 1432 299 1491 Christi
313 1447 378 1502 quae
394 1437 513 1513 noverat
529 1377 600 1489 nulfi
615 1433 660 1490 di·

67 1505 188 1577 vulgare
213 1503 347 1571 volebat,
380 1502 430 1560 sed
460 1508 545 1561 tacito
574 1504 660 1562 corde

66 1582 203 1633 mmans
215 1590 375 1656 congruum
386 1579 499 1646 tempus
513 1591 569 1647 quo
584 1577 660 1632 Deus

67 1649 130 1705 hae
142 1647 286 1718 divulgari
297 1645 393 1714 vellet,
409 1649 437 1701 et
447 1646 590 1717 quomodo
600 1647 659 1703 vel·

66 1719 117 1789 let,
126 1724 297 1776 reverenter
306 1718 497 1789 exspectabat,
508 1718 658 1775 conterens

66 1806 101 1847 ea
115 1805 182 1862 quae
196 1788 306 1845 viderat
324 1790 401 1843 circa
417 1803 448 1844 se
464 1794 537 1856 acta,
552 1795 582 1845 et
595 1802 659 1861 qoae

64 1862 95 1918 in
107 1859 264 1933 scripturis
280 1859 389 1930 legerat
402 1858 524 1931 agenda.
538 1860 660 1930 Legerat

63 1931 141 1990 euim
154 1934 186 1988 ιιι
199 1931 273 1987 isaia
288 1947 295 1984 :
311 1933 381 2012 Ecce
394 1932 472 1999 oirpo
486 1934 621 2013 eoacipiet
632 1937 659 1987 et

59 2006 158 2077 portet
168 2005 276 2073 mium,
292 2006 321 2057 ct
335 2001 448 2057 videbat
463 2017 494 2059 se
507 2017 658 2072 virginem,

63 2081 94 2132 et
114 2075 282 2146 concepisse
299 2078 328 2129 et
345 2071 501 2144 peperisse.
517 2074 657 2144 Legerat:

66 2148 204 2215 manaae
230 2146 277 2201 bos
304 2159 485 2215 possessorem
511 2160 604 2211 mem,
634 2150 660 2200 et

64 2222 166 2273 matus
177 2232 299 2288 praesepe
310 2217 422 2270 Βοιιιιηι·
432 2218 493 2281 eet,·
506 2222 535 2272 et
546 2215 659 2272 videbat

64 2290 119 2346 Dei
132 2293 163 2345 et
180 2304 262 2344 suum
278 2284 465 2344 liliuminter
479 2287 540 2342 haec
551 2285 660 2344 anima·

65 2358 106 2417 lia
118 2358 282 2431 vagientem
298 2357 327 2414 in
361 2359 492 2428 raesepio.
511 2359 630 2428 Legerat
649 2375 656 2414 :

64 2432 324 2500 ligr-edictorvirgo
334 2372 563 2496 feracitatem,
580 2434 656 2498 etc.;

66 2507 96 2559 et
112 2501 230 2559 videbat
246 2516 277 2557 se
296 2501 332 2557 de
354 2498 443 2571 stirpe
459 2499 549 2556 David
563 2505 656 2557 ortam

65 2579 94 2630 et
119 2578 232 2631 natam.
253 2573 374 2654 Legerat
399 2573 587 2630 :Nozoreaus
610 2588 656 2628 oo·

63 2644 177 2700 cabitur
202 2659 274 2716 puer
299 2649 371 2710 rste;
388 2646 416 2696 et
440 2641 555 2698 videbat
576 2658 608 2700 se
625 2644 654 2699 in

63 2715 207 2799 Duareth
228 2716 265 2771 de
290 2713 397 2785 Spiritu
424 2713 528 2769 Sancto
554 2729 656 2771 conce·

60 2788 287 2925 ιὲιίιιῗιιῗέ
301 2785 655 2913 ,stillicidiali

62 2930 157 2986 lehem
166 2927 323 3001 peperisse.
331 2928 483 2998 comparat
491 2929 653 2997 ergoverba

64 3001 320 3072 Prophetarum,et
349 3015 392 3055 uae
404 2999 511 3068 legerat
522 2998 616 3067 lactis,
624 3004 652 3054 et

62 3015 650 3211 varinaestivaverat

63 3215 111 3271 tias
120 3212 216 3271 cernit
229 3211 424 3280 concordiam,
436 3216 464 3268 et
477 3211 564 3268 habet
575 3216 655 3268 certa

62 3284 131 3342 fidei
145 3283 360 3356 argumenta0
375 3283 653 3364 quantumflgaudere

62 3360 188 3429 poterat,
208 3370 272 3411 cum
291 3371 321 3411 se
340 3356 459 3411 Matrem
476 3355 527 3409 Der
549 3370 653 3426 cogno

63 3428 174 3485 soeret!
205 3447 220 3477 «
249 3425 330 3495 Quia,
354 3430 385 3482 ut
413 3425 454 3482 ait
482 3426 650 3495 anselmus,

62 3498 157 3556 solum
172 3497 210 3554 de
223 3502 322 3553 sancta
335 3497 424 3553 Maria
442 3494 559 3566 Virgine
577 3512 650 3568 prae-

62 3569 171 3634 dicare,
196 3568 273 3640 quod
293 3567 343 3624 Dei
362 3570 452 3624 Mater
470 3572 524 3636 est,
542 3567 651 3624 excedit

58 3656 177 3770 {Imperi
196 3639 459 3783 altgi'tffliingfflegtuae
477 3643 542 3710 post
561 3640 649 3695 Deum

91 3729 117 3769 (tl
131 3728 167 3768 ve
192 3727 226 3768 co
248 3728 256 3765 l
422 3730 462 3765 ,ιι

57 3785 650 3921 ιὲιῖἒιιιιιιιιιὲἰιιΐιιιῗέἱιιῖο

56 3926 181 4056 ιιιςοίὲιὲι,
196 3931 225 3983 et
243 3928 347 4006 moeret
359 3930 435 4008 suat,
448 3922 650 4064 ιιιὶσξιιὶἓὲιιπὲξ

57 4014 146 4127 ἳοξιιο
160 4012 441 4126 Ῑέιωιαξιΐάῗιειιέειῦἓιὲ
458 4011 554 4134 laisum,
574 4070 649 4121 tam·

61 4157 147 4214 qoam
160 4145 309 4198 auctorem
324 4144 353 4196 et
364 4138 510 4211 opiticem;
523 4139 553 4192 ia
563 4138 650 4192 omni-

60 4213 119 4279 bus,
134 4212 164 4270 id
188 4216 243 4280 est,
264 4210 299 4267 de
326 4210 459 4267 omuibus
480 4225 541 4280 qua
565 4207 649 4262 oudi-

59 4289 148 4353 cant,
164 4282 276 4342 scilicet
289 4282 327 4338 ab
341 4279 465 4354 Angelis,
481 4286 508 4336 et
520 4279 650 4335 viderant

717 436 747 495 in
772 438 941 496 Bethlehem
968 440 1093 512 propriis
1116 443 1216 514 oculis,
1238 449 1309 504 sicut

717 509 822 566 dictam
838 516 888 578 est,
904 511 940 567 ab
953 512 1063 583 bugeio
1076 513 1114 567 od
1124 515 1198 580 illos,
1213 515 1306 590 idest,

716 580 746 636 in
760 580 814 637 hoc
833 581 954 652 gloriam
975 584 1033 639 Deo
1054 583 1211 656 laudesque
1235 590 1308 646 relc-

717 653 828 719 rebaut,
843 653 919 723 quod
934 669 991 709 non
1006 654 1083 710 allud
1100 656 1246 715 venientes
1263 662 1306 716 in·

716 729 865 791 venerant,
881 739 965 795 quam
979 726 1053 780 sicut
1068 727 1104 782 ad
1119 727 1183 784 illos
1198 729 1306 787 dictum

717 799 788 850 erat.
805 794 860 866 lpsi
877 795 954 851 enim
971 795 1006 852 de
1024 800 1081 852 tam
1098 798 1200 856 eximio
1217 801 1305 860 hene·

716 864 781 921 licio
796 865 848 922 toti
868 866 973 922 mundo
995 869 1169 938 generaliter
1189 872 1303 943 collato,

716 940 744 992 et
762 936 803 992 eis
825 937 987 1008 specialiter
1014 945 1129 994 ostenso
1151 942 1224 1013 grati
1242 943 1304 1000 exi-

716 1011 835 1076 stentes,
847 1008 1027 1064 devotionem
1043 1026 1123 1066 suam
1140 1011 1169 1067 in
1190 1013 1303 1071 laudem

716 1079 1303 1152 Deieructabant,etDeumglorilicabant.

716 1151 746 1204 lu
759 1151 813 1206 hoc
828 1149 914 1206 ctiam
929 1157 1059 1221 pastores
1077 1159 1244 1223 reputantur
1257 1157 1305 1214 de-

716 1220 784 1289 voti,
795 1221 871 1292 quia,
883 1229 947 1293 post
960 1223 1227 1293 contemplationem
1241 1228 1303 1285 Sal·

714 1294 831 1360 valoris,
844 1297 1023 1348 revertuntur
1033 1294 1069 1348 ad
1079 1295 1243 1354 exercitium
1255 1295 1305 1355 ac-‘

715 1361 810 1418 tionis.
827 1364 858 1418 lu
872 1378 928 1433 quo
940 1362 1026 1419 datur
1036 1365 1128 1421 forma
1141 1369 1302 1436 pastoribus

715 1432 857 1500 Ecclesiae,
910 1432 948 1501 ni,
981 1433 1045 1489 aliis
1082 1436 1301 1509 dormientibus,

714 1503 820 1560 debent
839 1449 967 1575 vigflare,
986 1511 1014 1560 et
1036 1504 1078 1561 ire
1099 1506 1252 1577 aliquando
1273 1510 1304 1566 in

714 1575 880 1631 Bethlehem
911 1576 1180 1647 contemplationis,
1212 1585 1240 1636 et
1265 1581 1302 1638 ad

713 1645 839 1702 studium
854 1662 942 1703 sacrae
956 1648 1118 1719 Scriptura,
1131 1654 1160 1704 ut
1175 1649 1213 1705 ibi
1227 1666 1302 1722 pane

714 1717 822 1773 coelesti
847 1717 1026 1787 reficiantur,
1044 1724 1072 1774 et
1100 1720 1199 1777 relecti
1226 1737 1302 1794 pane

713 1788 849 1845 doctrinae
871 1788 907 1845 ad
928 1789 1101 1860 pascendum
1120 1807 1238 1873 gregem
1254 1810 1300 1851 re·

714 1865 869 1916 vertantur.
888 1862 966 1916 Unde
986 1860 1015 1916 iu
1037 1863 1210 1922 Ezechiele:
1227 1865 1300 1921 Ani·

713 1933 802 1986 motio
817 1931 896 1986 ibant
909 1938 934 1987 et
944 1933 1161 1989 revertebuntur.

749 2023 782 2058 oo
797 2004 946 2058 blsnrrarro
957 2021 1096 2059 rnanrcrn
1111 2023 1251 2062 russonum
1263 2037 1298 2048 -

712 2073 790 2129 Vade
804 2089 891 2142 nunc,
906 2079 934 2129 et
947 2079 989 2142 tu,
1005 2073 1039 2129 ad
1056 2075 1208 2134 videndum
1228 2079 1297 2134 Ver·

712 2143 778 2199 burn
794 2160 845 2216 pro
857 2151 1009 2201 tecarnem
1018 2147 1133 2216 lactum,
1143 2148 1299 2219 ctgenibus

713 2214 803 2284 llexis,
823 2216 911 2272 adora
935 2217 1085 2273 Dominum
1107 2220 1196 2275 Deum
1218 2224 1298 2275 tuum

712 2290 740 2341 et
754 2286 816 2358 eJus
834 2289 964 2355 blatrcm,
981 2304 1013 2343 ac
1028 2295 1192 2346 reverenter
1206 2291 1298 2347 saluta

710 2358 816 2429 loseph
826 2364 955 2415 sanetum
970 2374 1079 2414 senem.
1096 2361 1202 2417 Deinde
1215 2377 1297 2418 oscu-

710 2428 770 2485 lare
799 2429 886 2500 pedes
918 2429 998 2501 pueri
1017 2432 1095 2497 lesu,
1124 2431 1246 2502 jacentis
1267 2431 1297 2487 in

710 2499 860 2571 praesepio,
878 2505 906 2556 ct
921 2515 991 2623 rofa
1006 2500 1166 2569 Dominam,
1185 2507 1216 2557 ut
1232 2517 1297 2558 eum

709 2569 761 2625 tibi
776 2570 904 2642 porrigat
923 2586 956 2625 vc
991 2570 1120 2640 accipere
1138 2572 1294 2652 permittat.

710 2642 810 2712 Accipe
825 2656 894 2711 ergo
913 2656 977 2696 euni
992 2640 1028 2695 ad
1043 2645 1082 2707 te,
1099 2646 1127 2696 et
1142 2646 1218 2697 inter
1229 2643 1296 2698 bra·

708 2711 772 2767 chia
786 2717 835 2767 tua
849 2710 950 2768 retine.
963 2710 1103 2768 intuearis
1118 2710 1219 2768 taciem
1234 2713 1296 2784 ejus

708 2782 757 2839 dili
798 2788 862 2839 nter
881 2798 914 2839 ac
933 2788 1097 2840 reverenter
1116 2784 1294 2853 deosculare,

708 2858 736 2910 et
774 2853 905 2911 elucteris
925 2854 955 2910 in
979 2871 1012 2911 eo
1035 2871 1067 2910 ex
1090 2856 1186 2911 corde.
1203 2855 1296 2913 Confi·

707 2925 809 2982 denter
834 2927 894 2982 haec
916 2926 1009 2982 iacere
1032 2930 1124 2997 potes,
1154 2927 1221 2998 quia
1242 2943 1294 2999 pro

707 2997 797 3053 salute
812 3013 910 3053 eorum
928 2997 1006 3054 venit
1024 2998 1059 3054 ad
1075 3004 1250 3069 peccatores,
1266 3004 1296 3055 et

708 3083 771 3123 curn
793 3068 836 3124 eis
857 3068 1002 3125 humiliter
1028 3075 1214 3126 coirversatus
1237 3074 1293 3138 est,

707 3143 736 3194 et
749 3140 866 3196 tandem
884 3157 915 3197 sc
935 3141 977 3196 cis
996 3139 1025 3196 in
1048 3140 1142 3197 cibum
1165 3139 1292 3209 dimisit;

707 3209 783 3267 uude
815 3211 955 3282 benignos
985 3211 1122 3267 Dominus
1151 3211 1294 3282 patienter

707 3281 852 3362 permittet
866 3298 917 3353 pro
935 3288 982 3338 luo
997 3283 1069 3337 velle
1090 3297 1119 3336 sc
1135 3280 1224 3351 tangi,
1240 3296 1293 3337 nec

705 3353 857 3422 imputabit
875 3351 1101 3424 presumptioni,
1122 3351 1171 3405 sed
1190 3350 1291 3406 amori.

706 3424 824 3495 Semper
843 3429 939 3478 tamen
955 3437 1019 3477 cum
1039 3420 1199 3476 reverentia
1213 3424 1242 3475 et
1258 3420 1292 3475 ti-

706 3510 786 3551 more
807 3495 861 3549 hoc
878 3493 977 3557 facias,
999 3490 1065 3562 quia
1089 3491 1149 3561 ipse
1174 3492 1294 3548 Sanctus

705 3569 869 3621 sanctorum
891 3568 944 3619 est.
961 3564 1029 3618 Post
1045 3579 1078 3618 ea
1093 3561 1180 3618 redde
1199 3561 1293 3634 ipsum

705 3635 786 3692 Matri
798 3651 867 3703 suae,
878 3640 907 3691 et
916 3633 1048 3703 conspice
1063 3632 1190 3690 studiose
1207 3650 1292 3705 quarn

704 3707 858 3778 diligenter
874 3711 903 3763 et
922 3705 1065 3777 sapienter
1082 3720 1146 3761 eum
1164 3705 1250 3762 lactat
1264 3712 1294 3763 et

704 3779 854 3906 gubernat,
869 3793 901 3834 ac
918 3783 1013 3834 cetera
1030 3776 1201 3848 obsequiaci
1212 3778 1291 3834 lacit.

723 3855 763 3919 ta,
780 3854 808 3906 et
824 3855 866 3918 tu,
882 3849 917 3906 ad
931 3848 1112 3905 serviendum
1126 3847 1150 3904 ei
1163 3853 1291 3919 paratus,

703 3926 732 3977 et
752 3921 857 3993 adjuva
874 3937 937 3978 eam
953 3919 978 3976 si
993 3926 1083 3991 potes.
1101 3922 1131 3975 ln
1150 3918 1196 3975 his
1213 3920 1291 3977 dele·

703 3991 785 4060 clari,
807 3992 968 4064 jucundari,
989 3997 1017 4047 et
1042 3991 1140 4047 sedulo
1159 3991 1290 4048 meditari

704 4070 857 4132 memento,
874 4069 902 4119 et
921 4069 1058 4135 qnantum
1080 4066 1161 4134 potes
1184 4068 1228 4118 sta
1248 4062 1291 4118 ia-

703 4133 824 4190 miliaris
853 4135 978 4191 Dominae
1005 4141 1033 4190 et
1058 4150 1146 4205 puero
1164 4135 1243 4201 Jesu,
1262 4138 1290 4188 et

702 4204 840 4262 intucaris
862 4205 964 4262 faciem
985 4207 1046 4277 ejus
1061 4220 1148 4275 smpe,
1163 4208 1193 4259 tn
1210 4219 1290 4274 quere

702 4277 860 4335 desiderunt
873 4279 976 4348 Angelt
990 4279 1145 4348 conspicere
1159 4288 1272 4346 semper
1282 4288 1290 4340 ;
1299 4281 1307 4300 ··
