2790 4912
476 332 515 386 ns
543 328 727 385 errrnnnn
754 326 887 382 nournr.
1269 335 1300 387 95

56 432 173 517 santis,
197 431 247 505 qui
267 436 311 491 est
328 430 472 504 Christum
497 438 529 490 et
558 432 652 516 ipsum

58 509 253 574 invenientes,
278 509 462 574 venerantur,
485 520 607 563 munera
625 521 652 562 er

62 572 231 645 otierentes,
247 574 356 632 scilicet
373 590 474 633 summ
493 576 651 647 charitatis,

64 648 90 702 st
99 647 173 705 thus
185 647 298 704 devotae
305 645 494 715 orationis,ac
506 648 651 721 myrrham

68 716 296 776 nominationis
313 717 417 775 carnis.
434 718 540 775 Eodem
555 725 651 777 autem

72 783 107 848 lia
135 804 204 847 cum
232 788 360 847 Christus
389 787 420 872 ip
440 789 546 872 ‚tudes
577 794 654 848 esset

10 896 15 905 ·
72 865 157 930 tatus,
169 865 252 919 ortus
265 861 328 918 e'us
336 862 426 933 ltagrs
439 877 468 916 vn
480 860 596 919 Oriente
608 866 653 918 est

16 944 21 949 ·
74 931 219 989 nuntiatus.
237 876 378 990 Videbunt
397 946 521 1004 namque
539 932 652 990 stellam

75 1016 176 1074 nomm,
186 1002 218 1060 in
233 1019 291 1076 qua
303 1018 376 1076 puer
387 1004 553 1076 apparebat,
565 1020 652 1077 supra

10 1074 648 1148 swmmmmm

70 1144 216 1204 audierunt
229 1160 329 1203 vocem
349 1144 404 1202 sihi
424 1145 567 1203 dicentem
584 1163 591 1202 :
608 1149 650 1204 ltc

67 1214 650 1283 inlndaearmetinvenietisibinatumno-

65 1302 128 1344 anm
146 1303 255 1360 regem.
276 1287 365 1360 igitur
378 1287 408 1343 in
421 1288 551 1345 ltndaeam
569 1289 649 1345 iesti-

60 1364 215 1429 naverunt,
226 1364 256 1415 et
271 1359 406 1416 audacter
419 1374 484 1416 eam
499 1358 649 1430 intrantes,

54 1428 133 1503 Regi
144 1429 208 1487 coeli
223 1435 293 1487 nato
304 1444 425 1487 munera
438 1430 612 1489 obtulerunt.

100 1507 134 1558 ιθ
148 1503 258 1559 Ficosa
286 1504 433 1559 Maceror.
463 1531 496 1545 -·
521 1502 555 1558 lli
580 1518 649 1574 ergo

49 1574 126 1629 tres
137 1572 208 1645 llagi
223 1588 277 1646 per
294 1575 354 1629 tres
368 1574 499 1630 robustos
517 1574 650 1647 praetigu-

49 1642 121 1721 rati
131 1643 255 1714 ruerunt,
264 1643 313 1715 qui
326 1643 387 1715 regi
402 1642 491 1701 David
500 1660 604 1715 aquam
615 1645 650 1702 de

47 1719 186 1788 §istam
213 1714 379 1772 Bethlehem
399 1715 563 1773 attulerunt.
582 1719 651 1774 Tres

49 1786 116 1842 lsti
142 1786 252 1847 robusti
280 1785 433 1844 exercitum
469 1785 650 1845 inimicorum

51 1863 125 1914 non
152 1856 300 1926 timentes,
328 1857 379 1915 sed
408 1856 528 1915 viriliter
556 1864 650 1917 castra

51 1933 162 1986 eorum
191 1933 387 1999 transeuntes,
412 1944 517 2001 aquam
545 1929 649 1987 hause-

53 1999 147 2075 mot,
164 2000 205 2057 sic
220 2004 280 2057 tres
296 1999 369 2072 blagi
384 2000 542 2072 potentiam
559 2004 648 2058 Hero-

58 2058 112 2125 (ὶιε
133 2085 190 2127 non
218 2070 415 2140 tormidantes,
443 2071 494 2128 sed
512 2073 649 2129 audacter

62 2128 190 2199 ludum
208 2141 361 2213 intrantes,
376 2142 413 2199 de
433 2158 507 2225 novo
521 2159 589 2215 rege
604 2143 647 2200 in·

66 2202 648 2368 natantianatantia

74 2355 644 2426 ttamhauseruntdecasteruaterrestr13

73 2420 119 2482 ires
130 2425 363 2510 blagivenerunt
376 2427 579 2484 iuBethlehem
594 2444 645 2501 pro

70 2506 131 2568 iqua
200 2505 249 2555 trae
264 2504 391 2568 eternae,
405 2514 490 2570 quam
512 2514 594 2556 susce
615 2516 645 2557 e·

10 2618 14 2643 ;
68 2574 123 2625 mut
161 2586 178 2626 e
216 2569 332 2627 lucerna
350 2569 469 2627 coelesti.
492 2569 561 2642 Figu
616 2575 646 2628 at

10 2650 13 2659 ’
63 2585 645 2724 ¹ergoillussethlehemiticacisternaqtrod

60 2724 85 2767 u
97 2710 270 2769 Bethlehem
294 2718 453 2770 nasciturus
474 2718 536 2769 erat
559 2713 644 2770 eoete·

59 2780 105 2838 stis
118 2781 270 2865 pincerna,
287 2783 336 2855 qui
356 2782 522 2856 propinaret
540 2800 644 2855 aquam

54 2853 432 2983 fflioillleilffllti‘
445 2854 643 2984 itit-ittet

54 2995 131 3070 regis
146 3002 176 3054 et
190 2997 276 3124 huius
297 2969 376 3054 novae
392 2943 556 3066 offertionis,
568 3014 642 3070 prae·

51 3072 216 3124 monstrata
236 3067 644 3142 uitinregnosalomouis.Sa-

50 3136 151 3196 lomon
169 3138 317 3197 residebat
334 3139 363 3196 in
382 3141 486 3197 throno
505 3140 540 3197 de
556 3142 642 3198 ebore

51 3208 335 3293 medidissimo,·qui
350 3210 474 3293 ⁸vestitus
491 3215 554 3268 erat
572 3227 642 3269 auro

49 3283 641 3436 ttnht’dttltblttltlthit

48 3425 414 3552 ξιξιξῇθιέιεῑιὲεὶεειῗιῗ
437 3426 638 3552 ειῖρῑοηῐεὼεεῐ.

47 3563 162 3620 neraei
177 3510 489 3648 odessssneft,2uffi⁹et
499 3511 639 3624 agaligula

45 3633 211 3691 Jerusalem
229 3651 291 3693 visa
317 3655 374 3695 non
397 3645 488 3696 erant.
531 3641 639 3696 hrouus

47 3720 119 3763 vero
139 3705 299 3764 Salomonis
317 3713 362 3765 est
375 3711 462 3767 Beata
478 3709 511 3767 Vi
547 3711 638 3766 olla-

46 3774 105 3846 ria,
121 3775 153 3832 in
170 3792 228 3849 quo
250 3776 395 3837 residebat
413 3781 531 3839 lesusC
552 3780 639 3837 ristus

47 3862 120 3904 cera
134 3847 289 3921 sapientia3
304 3850 351 3907 hie
365 3853 486 3909 thronus
500 3852 591 3908 lactus
603 3851 639 3907 de

47 3918 140 3976 ebore
168 3920 291 4003 candido
307 3926 336 3979 et
352 3938 422 3980 auro
442 3939 531 4050 puro.
563 3923 641 3980 Ebur

46 3993 638 4136 thhstlhlldtillidltttu

47 4138 121 4202 tem,
136 4133 189 4191 sed
202 4135 276 4191 ebur
294 4136 442 4209 antiquum
461 4137 490 4193 in
505 4138 639 4194 ruborem

47 4204 188 4262 vertitur:
201 4204 242 4263 sic
254 4206 339 4280 longa
349 4212 464 4268 castitas
473 4207 640 4280 martyrium

46 4279 325 4350 reputatur.hurum
334 4295 413 4350 vero,
425 4281 494 4353 quia
504 4279 534 4336 in
543 4278 639 4336 valore

710 431 848 506 praecellit
868 447 952 489 omne
976 433 1134 504 metallum,
1154 435 1298 508 significat

710 503 889 571 charitatem,
909 519 972 575 quea
993 509 1033 561 eet
1058 512 1149 563 mater
1169 509 1298 568 omnium

711 574 856 646 virtutum.
881 574 971 632 Maria
999 591 1067 648 ergo
1093 577 1195 637 dicitur
1216 582 1298 639 ebur-

710 662 775 716 nea,
794 651 920 729 propter·
933 646 1100 718 virginalem
1119 651 1296 723 castitatem,

711 723 738 775 et
761 733 830 774 auro
852 722 962 787 vesuta,
983 723 1101 791 propter
1123 721 1297 793 perlectissi·

711 805 786 846 mam
801 787 986 870 charitatem,
1007 795 1036 846 et
1051 790 1168 872 pulchre
1183 792 1297 866 virgini·

711 862 761 916 tati
782 860 964 932 coniungitur
984 861 1119 931 charitas,
1144 863 1211 936 quia
1236 865 1297 924 sine

710 931 848 988 charitate
863 947 959 987 eoram
982 934 1040 989 Deo
1064 933 1135 990 nihil
1150 941 1298 1007 reputatur

710 1001 867 1074 virginitas.
884 1004 1014 1059 Thronus
1035 1004 1194 1063 Salomonis
1210 1024 1296 1081 super

710 1089 758 1131 εει
768 1074 873 1146 gradus
883 1079 945 1130 erat
955 1074 1102 1145 exaltatus,
1110 1083 1138 1132 et
1149 1077 1237 1136 illaria
1249 1096 1295 1137 su·

729 1144 872 1202 erexcellit
892 1147 1043 1202 Beatorum
1064 1163 1111 1204 εει
1129 1154 1231 1220 status,
1244 1150 1296 1207 soi·

709 1161 775 1273 ficet
793 1233 800 1272 ε
818 1214 1059 1286 Patriarcharum,
1076 1219 1294 1292 Prophetarum,

710 1286 935 1369 Apostolorum„
949 1290 1113 1359 Martyrum,
1144 1291 1294 1351 contesso-

710 1373 785 1428 rum,
804 1361 833 1414 et
859 1357 1018 1430 Virgrnum.
1038 1361 1193 1418 Duodecim
1214 1362 1294 1421 lenu-

710 1429 765 1486 culi
782 1445 868 1501 super
882 1445 930 1485 εει
946 1429 1051 1499 gradus
1066 1431 1201 1488 thronum
1216 1450 1295 1490 eror-

710 1498 1294 1573 nanant,quiaduodecimnp0stotinarie

709 1577 855 1644 tamquam
870 1573 909 1628 Re
930 1571 986 1627 inae
1000 1571 1063 1628 ooeli
1083 1571 1293 1646 ministrabant,

709 1643 753 1725 vel
766 1642 833 1715 quia
844 1586 992 1724 duoefiecim
1008 1643 1179 1701 Patriarehae
1194 1662 1295 1718 proge-

710 1720 818 1771 nitores
829 1717 923 1771 harre
938 1721 1028 1770 erant.
1045 1716 1199 1773 summitas
1213 1719 1292 1775 thro·

710 1785 738 1842 ni
751 1791 812 1842 erat
825 1785 958 1855 rotunda,
967 1785 1034 1856 quia
1049 1787 1138 1844 Maria
1153 1793 1216 1845 erat
1230 1788 1293 1846 sine

709 1856 813 1928 angulo
830 1856 957 1914 sordium
972 1862 1002 1913 et
1015 1863 1075 1914 tota
1091 1858 1206 1916 munda.
1224 1862 1293 1918 llum

709 1944 812 1984 manus
841 1927 930 1985 sedile
956 1927 1022 1984 hinc
1048 1929 1113 1986 inde
1143 1931 1291 2002 tenebant,

709 1998 775 2070 quia
790 2001 875 2056 Pater
887 2004 917 2056 et
931 1999 1051 2071 Spiritus
1067 2002 1188 2059 Sanetus
1201 2019 1219 2060 a
1232 2005 1293 2061 lda-

708 2076 751 2127 tre
765 2070 827 2127 Filii
842 2086 999 2142 numquam
1014 2072 1195 2132 recedebant.

746 2143 929 2214 17ttneonun
949 2160 1089 2201 nnvnnsro.
1109 2175 1144 2185 -
1165 2144 1293 2202 Tandem

708 2213 782 2285 Magi
813 2218 977 2270 reverenter
1004 2230 1038 2271 ac
1066 2215 1167 2272 devote
1204 2215 1293 2288 pedes

708 2283 792 2341 Pueri
819 2283 975 2342 deosculati
1002 2289 1089 2355 suut,
1116 2290 1145 2342 et
1172 2287 1291 2345 adorato

707 2355 839 2424 Domino,
860 2357 994 2427 omnique
1018 2355 1154 2427 obsequio
1195 2362 1292 2415 erecto

706 2431 734 2482 et
762 2426 911 2483 devotione
936 2425 1090 2508 completa,
1114 2443 1147 2484 ac
1174 2374 1291 2486 Benedi·

705 2499 799 2554 ctione
826 2503 951 2569 accepta,
969 2496 1138 2554 reclinantes
1163 2515 1204 2568 se,
1226 2515 1292 2557 eum

705 2583 810 2639 magno
822 2568 937 2639 gaudio,
953 2573 1141 2625 recesserunt.
1158 2569 1291 2637 Quicum

705 2641 740 2696 de
762 2639 855 2696 reditu
878 2638 1094 2708 deliberassent,
1122 2655 1168 2696 res
1188 2655 1290 2698 onsum

705 2727 770 2767 acce
791 2714 876 2768 erunt
895 2709 926 2766 in
951 2711 1059 2766 somnis
1085 2726 1136 2783 per
1161 2657 1289 2768 efisinam

705 2726 919 2850 reverationem,
939 2797 975 2838 ne
996 2781 1033 2838 ad
1059 2782 1200 2839 Herodem
1225 2782 1289 2839 red-

703 2852 873 2926 irent,quia,
885 2852 998 2925 cognita
1011 2853 1142 2923 veritate,
1150 2869 1207 2911 non
1223 2853 1289 2911 licet

703 2925 833 2982 retroire.
849 2927 904 2982 Per
917 2926 970 2981 hoc
989 2924 1075 2983 etiarn
1091 2924 1289 2996 admonemur,

704 2996 859 3067 quodcum
878 2997 962 3053 malis
983 2996 1148 3054 hominibus
1166 2997 1288 3055 societa-

704 3074 761 3124 tem
789 3067 914 3139 aliquam
942 3083 998 3126 nun
1020 3069 1232 3138 contrahamus,
1260 3074 1289 3126 et

702 3138 833 3212 cognitos
857 3155 971 3196 errores
995 3139 1124 3196 vitemus.
1147 3141 1226 3197 Unde
1249 3138 1288 3197 ait

702 3212 803 3268 Seneca
819 3230 827 3266 ε
843 3230 857 3264 c
873 3212 935 3267 Nou
954 3215 997 3267 est
1016 3212 1115 3267 levitas
1134 3225 1152 3266 a
1171 3210 1287 3282 cognito

702 3297 801 3339 errore
815 3281 973 3347 discedere,
994 3298 1052 3337 non
1067 3286 1109 3337 est
1124 3285 1206 3352 turpe
1222 3296 1287 3337 cum

702 3369 733 3408 re
748 3357 859 3409 mutare
873 3351 1036 3408 consilium,
1052 3373 1065 3404 v
1080 3350 1151 3418 Quia
1163 3367 1231 3424 ergo
1246 3351 1288 3407 iu·

701 3428 747 3481 tus
770 3423 800 3479 iu
826 3422 998 3479 conscientia
1027 3422 1194 3495 quaerebant
1217 3420 1287 3493 quid

702 3493 786 3550 vellet
804 3493 900 3550 divina
918 3493 1049 3549 voluutas
1068 3493 1103 3548 de
1122 3493 1287 3549 reversione

701 3566 738 3622 ad
753 3565 905 3634 Herodem,
928 3562 1094 3645 sicutenim
1112 3565 1222 3637 bloyses
1242 3569 1286 3622 ta-

701 3652 768 3693 cens
796 3635 947 3706 clamahat,
972 3651 1013 3691 stc
1039 3634 1086 3692 isti
1110 3635 1158 3708 piu
1182 3636 1286 3693 affeetu

700 3707 916 3780 interrogabant
938 3706 1007 3778 quid
1035 3706 1132 3765 diviua
1156 3707 1288 3766 voluntas

696 3780 825 3851 juberet3
842 3778 907 3836 ideo
926 3777 976 3835 Dei
993 3783 1157 3837 meruerunt
1170 3795 1288 3852 respon-

700 3850 821 3919 sionem,
836 3850 944 3908 scilicet
960 3849 1112 3919 internam,
1127 3852 1170 3907 vel
1186 3849 1286 3924 Angeli

700 3921 859 3979 ministerio
884 3923 997 3979 iactam.
1023 3925 1057 3979 Et
1085 3923 1136 3991 sic,
1157 3938 1286 3994 responso

700 3998 808 4119 {aimo
824 3996 854 4050 in
865 3997 967 4120 spimnis
977 4010 1011 4120 {ve
1022 3996 1143 4120 rgdtrent
1155 3995 1192 4049 od
1203 3996 1287 4118 tHero-

799 4079 882 4121 escen
904 4082 974 4122 ern
1013 4082 1030 4122 a
1075 4080 1153 4122 marc
1184 4080 1199 4119 e
1254 4079 1286 4120 er

701 4150 802 4217 navem
834 4082 1074 4207 trauslrgtantes,
1105 4136 1135 4192 in
1156 4079 1287 4191 'thaisis

700 4206 804 4264 Crlrcrae
827 4207 969 4276 abierunt,
997 4210 1092 4278 sicque
1120 4223 1171 4279 per
1198 4207 1286 4261 oliam

700 4281 775 4334 utana
785 4282 889 4336 reuersi
902 4285 966 4336 sunt
981 4282 1011 4336 in
1029 4281 1165 4347 cepionem
1179 4292 1258 4333 sunna
1274 4294 1284 4331 ε
