2790 4912
241 258 281 310 ui
308 257 414 313 iltius
441 258 693 315 ulsulititoltttit
721 259 921 314 vocacione.
1160 267 1206 325 tlt

63 365 161 435 itippns
178 381 187 418 :
208 364 280 421 Veni
293 366 319 418 et
331 363 405 428 etde,
421 362 450 420 id
464 369 508 421 est
524 367 560 423 ab
618 364 712 437 ipsum
724 380 787 422 esse
799 364 950 423 Christum.
963 368 1042 426 Unde
1053 371 1200 442 sequitur:

63 435 148 500 disce,
164 450 218 507 per
231 434 454 506 experimentum
471 436 558 493 virtu·
617 437 768 507 Respondit
780 439 806 492 ei
818 440 985 508 Netbenuet,
992 448 1018 495 et
1031 445 1089 497 ait:
1100 445 1199 514 ltobbs',

63 524 101 562 uae
115 511 158 562 est
176 506 208 561 in
225 504 297 577 ipso.
314 507 349 562 Et
366 506 482 563 adduxit
495 523 560 565 eum
617 511 647 562 tu
659 524 686 563 es
697 509 786 564 Filius
798 511 896 577 detto
906 525 933 565 es
945 513 1147 581 llealsreel,id
1157 519 1201 572 est

63 594 119 648 rpus
134 578 171 633 ad
188 579 296 644 lesum,
313 582 345 633 ut
363 576 431 634 dicit
447 580 560 649 Chryso
616 578 744 636 Christus
760 585 936 651 exspectatus
950 583 986 638 ab
1002 583 1088 640 isreel
1102 583 1131 640 in
1146 587 1201 643 lte·

63 667 90 715 s,·
108 648 196 704 trabit
213 647 326 719 quidem
340 664 405 705 eum
423 650 459 706 ad
479 650 558 707 Chri·
614 665 680 720 gem
712 654 742 706 et
773 650 963 708 defensorem.
995 655 1202 727 Exspectabam

72 719 162 775 sciens
174 720 210 775 de
225 719 334 790 reliquo
347 735 411 777 euin
425 737 483 776 non
495 737 560 778 coii-
614 720 689 779 enini
702 737 801 778 omnes
813 723 903 779 ludaei
914 723 1046 781 Messinm
1056 731 1200 799 tempore·

65 798 169 861 turum,
188 790 212 847 si
234 792 321 848 verbe
346 797 374 847 et
400 791 558 849 doctrinam
584 798 587 865 j
613 790 718 860 lem,ll
756 808 801 848 em
819 793 945 851 futurum
963 813 969 851 :
990 801 1018 852 et
1038 799 1091 853 lioc
1113 799 1198 856 modo

65 862 229 933 gustaverit.
244 862 400 919 Nathanael
418 862 558 945 interpre-
583 870 586 963 i
613 863 724 921 videtur
744 862 810 992 ogni
821 863 1052 935 isteNatbauael;
1065 868 1200 940 quianon

65 935 163 989 donum
181 936 244 999 Deis
260 938 288 989 et
307 935 382 1004 quod
402 935 504 1005 aliquis
522 936 558 993 ad
583 968 586 997 l
613 934 761 992 habebata
782 936 835 992 liuc
844 936 1034 1009 cognitionem
1043 941 1199 1010 perlectam

63 1020 112 1060 ,uin
126 1004 432 1072 convertitur,eiidono
444 1006 554 1063 Deiest.
583 1002 586 1081 l
612 1004 647 1062 de
670 1006 793 1063 Christo.
809 1009 871 1063 Non
891 1007 966 1064 enim
982 1009 1095 1066 videtur
1113 1011 1199 1069 intel·

63 1079 122 1131 llric
141 1078 554 1159 subsannaretur-Cimbros.
582 1106 585 1181 y
612 1075 715 1159 lesisse
734 1083 800 1160 tune
819 1077 908 1151 ipsius
929 1079 1116 1151 divinitatem,
1131 1082 1199 1155 quia

71 1148 142 1202 vidit
161 1150 249 1211 Jesus,
265 1152 367 1204 intmtu
384 1147 544 1206 dilectionis
611 1164 668 1203 non
688 1150 827 1205 dixisset:
843 1151 884 1206 ‘lu
903 1166 934 1206 es
953 1153 1010 1207 Rex
1033 1153 1130 1220 lsrael,
1146 1154 1197 1211 sed

63 1220 127 1272 nect
140 1223 291 1274 uenientem
311 1219 348 1274 od
364 1235 402 1282 se,
419 1226 448 1276 et
466 1191 556 1294 magi&
581 1184 584 1267 1
610 1218 699 1276 totius
711 1219 823 1288 mundi;
834 1226 1095 1293 etproptereacum
1106 1222 1194 1283 dixit:

64 1304 146 1360 quam
166 1295 244 1346 eitra
262 1290 553 1362 appropinquantem
581 1276 584 1357 ἷ
610 1292 651 1346 Tu
673 1307 703 1347 es
719 1289 804 1347 Filius
825 1290 885 1358 Dei,
902 1307 959 1347 non
978 1292 1031 1348 suit
1052 1295 1198 1352 consessus

63 1377 105 1415 ion
119 1361 210 1416 solum
225 1360 293 1417 vidit
305 1377 409 1433 corpus
420 1363 553 1431 exterius,
580 1370 583 1431 l
610 1362 672 1432 ejus
688 1361 876 1429 divinitatem,
899 1362 949 1417 sed
968 1362 1105 1419 intellexit
1124 1366 1198 1422 banc

63 1431 119 1486 iarn
134 1448 184 1488 cor
198 1431 288 1503 ipsius
301 1431 432 1502 interius,
446 1439 471 1488 et
486 1435 555 1490 dicit
580 1434 583 1495 Ι
611 1431 788 1501 filiationem,
802 1448 853 1559 Ber
867 1433 1019 1504 quamdam
1033 1434 1133 1505 gratiae
1148 1451 1195 1493 ex-

74 1502 322 1559 eircumslantibus
338 1521 345 1558 :
360 1507 429 1560 Eece
442 1521 503 1560 uere
518 1508 556 1561 ls·
580 1500 582 1505 ⁴
610 1502 781 1560 cellentiam.
829 1503 884 1559 ude
905 1503 973 1560 dicit
994 1506 1195 1576 chysostomus,

63 1591 79 1634 i,
91 1576 180 1629 Deum
194 1574 304 1640 videns,
314 1577 344 1629 tn
357 1592 410 1644 qno
425 1576 514 1643 dotus,
527 1580 556 1632 et
580 1626 582 1647 ,
609 1575 686 1646 quod
703 1576 795 1632 adliuc
815 1575 934 1631 credens
944 1591 1011 1656 ¹esse
1026 1576 1195 1657 sapientem,

63 1644 172 1700 dienen
184 1650 238 1712 est3
248 1660 315 1700 nam
325 1645 387 1702 sine
398 1645 555 1704 interitione
580 1664 582 1701 l
609 1645 658 1716 qui
678 1663 712 1702 eii
726 1645 822 1717 aliqua
834 1647 1006 1703 revelatione
1021 1649 1070 1704 Dei
1087 1653 1198 1706 secreta

76 1715 208 1772 salsitatis
221 1715 352 1772 veniebat
365 1723 395 1773 ut
405 1717 554 1773 veritatem
579 1704 582 1777 ἓ
609 1717 736 1787 noverit,
758 1717 910 1774 confltetur
929 1734 993 1775 euni
1013 1735 1075 1775 esse
1095 1719 1195 1776 Filium

63 1793 133 1842 :eret
153 1805 160 1841 ε
182 1787 205 1842 si
225 1787 302 1843 enim
323 1788 409 1844 babet
427 1794 553 1860 peccata,
579 1792 581 1815 ¹
609 1787 669 1855 Dei,
687 1804 744 1844 nen
760 1804 812 1859 per
826 1794 969 1858 naturam,
985 1791 1035 1846 sed
1055 1806 1107 1862 per
1125 1790 1195 1847 ado·

63 1865 118 1913 rtur
131 1874 184 1926 ea;
200 1875 259 1915 nou
278 1858 365 1930 igilur
384 1865 469 1930 negat
489 1876 553 1917 eum
579 1828 582 1951 Ξ
607 1858 713 1928 ptionis
761 1859 863 1928 atiam;
876 1860 942 1931 quia
954 1861 1046 1917 adbuc
1061 1877 1118 1917 uon
1132 1866 1194 1919 erat

63 1935 242 1996 sectatorem,
266 1930 317 1986 sed
341 1930 438 1986 laudat
463 1930 492 1986 iii
519 1948 553 1988 eo
578 1960 581 1991 r
607 1930 690 2000 plene
713 1930 730 1986 il
744 1931 888 1987 nminatus
906 1931 941 1988 de
961 1932 1017 1988 lide
1036 1932 1193 1990 Trinitatis.

63 2000 182 2057 sionem.
195 2000 289 2058 Dolosi
302 2000 405 2082 quippe
415 2007 491 2070 sunt,
505 2002 552 2084 qui
578 1998 581 2053 l
606 2000 660 2056 iiii
676 2006 772 2059 tamen
789 2002 886 2059 dicunt
900 2004 974 2074 quod
990 2004 1044 2060 hoc
1058 2019 1090 2060 ei
1106 2005 1193 2062 corde

63 2071 163 2127 dicant
174 2072 265 2127 bonos
274 2077 302 2128 el
311 2079 413 2143 iustos,
424 2089 487 2129 cuin
496 2078 553 2129 sint
578 2068 581 2129 l
607 2072 736 2144 credidit,
752 2073 825 2131 sicut
837 2090 886 2130 ore
899 2075 1047 2131 consessus
1059 2075 1124 2142 luit;
1142 2075 1193 2133 sed

63 2146 79 2196 et
100 2148 273 2214 peccatores.
295 2144 413 2224 Magnus
432 2143 485 2200 iste
509 2144 552 2200 vir
577 2132 580 2187 Ι
605 2143 728 2214 primum
739 2145 915 2216 probabilius
926 2151 979 2213 est,
991 2147 1063 2202 sicut
1076 2146 1196 2204 iuferius

63 2213 552 2285 iael,cuiipsellominustaletesti-
577 2232 579 2294 2
605 2215 723 2285 patebit.
751 2216 829 2273 Unde
856 2216 992 2273 Dominus
1017 2217 1099 2273 decet
1124 2233 1192 2274 eum

65 2300 92 2338 ui
102 2284 552 2356 perbibetllsraelinterpretatur
577 2300 580 2345 i
605 2286 737 2357 amplius,
749 2286 864 2343 elevans
876 2303 941 2343 euin
956 2287 991 2342 ad
1007 2289 1125 2357 majora,
1139 2287 1191 2343 sci·

72 2359 167 2419 iteum,
177 2356 251 2412 unde
266 2356 369 2412 dicitur
382 2373 464 2413 verus
478 2361 550 2414 lsra·
577 2361 579 2415 i
604 2355 671 2413 licet
685 2356 721 2411 ad
740 2356 895 2413 divinitatis
911 2372 969 2412 suae
989 2357 1191 2428 cognitionem,

72 2427 177 2498 prime,
189 2443 223 2495 eir
238 2427 304 2493 lide,
319 2443 375 2498 qua
386 2429 446 2499 jam
462 2431 552 2484 Deum
576 2434 579 2493 ff
605 2442 655 2499 per
669 2426 837 2497 obsequium
850 2427 1034 2497 Angelorum,
1048 2426 1101 2482 sibi
1118 2432 1190 2484 tarn-

74 2504 103 2554 et
120 2498 149 2554 iii
165 2515 231 2554 eum
246 2498 362 2555 credere
379 2498 549 2571 incipiebat,
576 2502 579 2573 l
605 2513 691 2568 quam
716 2497 857 2568 superiori
883 2496 1083 2553 exhibendum.
1109 2497 1191 2555 Nulla

63 2575 206 2626 astructus
225 2569 254 2625 iii
270 2572 342 2641 Lege
357 2570 508 2641 perfidem
524 2575 552 2627 et
576 2588 578 2647 ᾗ
604 2568 681 2625 euim
693 2573 848 2625 naturaest
859 2583 945 2639 supra
957 2567 1125 2638 angelicam,
1135 2567 1190 2625 nisi

63 2640 179 2711 gentiam
201 2641 429 2712 scripturarum,
449 2645 551 2698 saltem
576 2654 578 2721 ς
604 2638 716 2703 divina:
734 2644 763 2695 et
777 2639 831 2696 liec
845 2646 887 2696 est
907 2639 982 2709 quud
998 2638 1124 2694 dicitur:
1141 2642 1191 2695 lte·

63 2713 185 2781 eculum,
199 2718 227 2767 et
240 2711 269 2767 in
283 2711 445 2783 aenigmate,
461 2716 551 2769 Deum
575 2736 578 2769 r
604 2712 717 2782 spondit
733 2713 822 2779 Jesus,
838 2717 863 2767 et
878 2711 953 2765 discit
969 2712 995 2764 ei
1010 2729 1018 2765 r
1035 2710 1107 2777 Quia
1125 2711 1190 2766 dine·

63 2789 87 2838 t.
119 2783 264 2851 Secundo,
293 2800 326 2839 ex
356 2783 549 2853 consessione,
575 2774 578 2863 ξ
603 2783 678 2837 tibi.-
696 2782 764 2839 Vidi
779 2787 804 2838 te
817 2783 868 2839 snb
882 2785 945 2852 fica,
958 2783 1058 2850 eredis,
1071 2796 1115 2837 ine
1128 2796 1191 2838 esse

67 2853 180 2910 Christo
198 2854 396 2925 respondendo
416 2854 548 2911 iaciebat.
575 2872 578 2929 q
604 2852 756 2923 Christum,
778 2858 913 2925 quantum
933 2853 969 2910 ad
994 2852 1190 2910 excellentiam

63 2940 153 2995 tergo
170 2927 324 2982 Notlioneel
339 2924 414 2996 quod
430 2925 549 2981 conditi·
576 2948 579 3005 j
603 2924 1190 3008 gratiae,majusttsutdebts,cognoscendo

63 3011 121 3051 suae
138 2996 241 3052 mentis
253 3002 440 3068 expresserat,
450 2997 551 3068 quaesi-
576 3008 578 3078 ;
603 2995 735 3054 virtutem
768 2997 871 3054 divinae
902 3000 1078 3054 substantiae.
1111 2995 1192 3053 Unde

63 3066 96 3122 de
109 3067 201 3138 ipsum
216 3067 334 3138 sciebat,
345 3069 414 3122 dicit
427 3085 489 3136 erpo
502 3072 527 3123 ei'
540 3087 548 3123 ε
576 3100 579 3117 ‚
603 3069 847 3138 chrysostomum«
860 3069 944 3136 Quasi
956 3068 1189 3149 dicatzltlagnum

63 3142 198 3193 nenostr'?
211 3139 240 3195 id
255 3143 308 3207 est,
320 3155 353 3195 ex
366 3154 422 3210 qua
434 3140 548 3208 virtute,
576 3130 579 3219 l
603 3139 654 3196 tibi
674 3139 764 3196 visum
779 3145 821 3196 est
840 3141 894 3195 hee
912 3140 1064 3209 essequod
1079 3138 1145 3206 diiii,
1162 3140 1191 3192 et

63 3225 98 3265 oc
112 3209 148 3264 sit
163 3227 249 3282 supra
264 3211 398 3267 virtutem
416 3211 548 3267 humaui·
577 3228 579 3267 i
603 3217 754 3281 propterea
766 3226 812 3265 iiie
824 3211 929 3290 Regem
942 3209 1028 3265 lsrael
1040 3209 1192 3287 consessus

63 3282 88 3335 it
100 3282 176 3336 lesus
192 3282 331 3353 respondit
347 3280 385 3349 ei,
398 3297 450 3354 per
469 3298 549 3339 reve·
577 3310 579 3343 r
603 3296 642 3336 cs.
659 3281 731 3347 Quid
746 3279 833 3350 igitur
853 3280 930 3335 dices
951 3293 1016 3334 cum
1039 3291 1129 3356 maius
1148 3290 1189 3329 vi·

63 3366 100 3407 em
116 3352 233 3409 alterius
246 3352 359 3423 occulti,
373 3359 398 3408 et
411 3354 487 3409 dicit
502 3357 548 3408 ei:
577 3358 580 3414 l
604 3350 700 3406 deris?
711 3371 726 3399 »
742 3352 776 3405 Et
784 3348 852 3420 quid
859 3349 896 3404 sit
906 3349 979 3404 istud
989 3350 1191 3425 majusosten-

63 3440 132 3477 *nem
142 3426 320 3496 tePlvitippus
330 3430 448 3489 noceret,
458 3430 485 3480 et
498 3424 549 3480 tibi
577 3419 580 3443 ¹
604 3421 654 3486 dit,
675 3420 800 3477 subdens
824 3436 831 3474 :
857 3423 893 3476 Et
917 3420 986 3474 dictt
1007 3420 1061 3483 ets,
1083 3415 1192 3472 scilicet

70 3493 245 3565 loqueretur,
259 3512 320 3550 cum
335 3511 405 3552 esses
418 3496 468 3551 seb
481 3499 548 3577 ficu,
577 3460 580 3566 J
604 3491 734 3564 Philippo
749 3495 777 3547 et
792 3488 960 3573 Nathanaeli
975 3506 982 3544 :
999 3490 1097 3551 Amen,
1112 3501 1191 3543 omen

63 3565 79 3620 d
95 3572 138 3621 est
152 3566 270 3637 cognovi
284 3573 319 3630 te,
334 3575 361 3622 et
375 3573 550 3639 propesitum
603 3564 663 3619 dico
677 3564 764 3631 uobis,
778 3577 871 3630 amen,
885 3562 1020 3643 idemest
1035 3558 1111 3632 qued
1125 3558 1192 3641 fide·

75 3636 125 3691 tui.
141 3638 183 3693 Ad
203 3636 337 3707 litteram,
354 3638 406 3694 sub
425 3638 550 3708 quadam
604 3638 678 3704 liter,
699 3639 727 3691 et
745 3633 810 3690 ideo
830 3634 878 3690 ubi
897 3632 1067 3704 duplicatur,
1089 3634 1133 3686 est
1150 3645 1189 3686 si-

63 3707 154 3763 ederat
180 3708 347 3776 Nathanael,
373 3708 446 3765 lorte
473 3708 548 3790 cogi·
603 3722 690 3777 gnum
705 3702 1018 3762 maiiimaecertitudinis
1030 3707 1059 3759 et
1071 3700 1188 3759 tirmite-

63 3794 76 3834 c
96 3779 188 3835 tuturo
209 3780 378 3836 salvatore:
405 3778 453 3836 ubi
474 3779 550 3835 Phil·
604 3778 1044 3847 tis,uidebitiseoelumopertum;
1060 3779 1085 3830 et
1098 3775 1188 3842 anos

63 3856 173 3921 repenle
188 3851 402 3922 superveniens,
423 3850 549 3909 decbri-
604 3851 644 3904 tos
669 3851 719 3904 liei
745 3847 919 3905 ascendentes
946 3852 972 3903 et
999 3846 1188 3902 descendentes

66 3937 93 3976 iii
116 3937 150 3978 eo
174 3921 367 3995 singulariter,
386 3921 465 3978 nullo
493 3921 550 3978 alio
602 3936 687 3991 supro
705 3922 809 3976 Filium
828 3919 958 3988 bominis,
974 3916 1003 3974 iii
1017 3916 1190 3988 obsequium

63 3998 113 4061 ite,
130 3994 308 4064 loquebatur.
603 3990 765 4060 deitatis,in
776 3992 901 4047 bumaria
910 3989 1023 4046 latentis
1031 3994 1141 4045 natura.
1153 3988 1188 4044 ln

64 4066 371 4123 irniuistrircuiusri
382 4081 548 4123 niseirunus.
603 4061 738 4120 Passione
753 4061 829 4118 enim
848 4064 982 4134 apperuit
1000 4062 1045 4115 itlt
1064 4059 1187 4127 Angelus

63 4135 109 4190 leo
120 4144 236 4209 propter
247 4137 301 4193 boe
312 4135 463 4207 signumet
475 4151 547 4207 prae·
603 4134 636 4189 de
650 4136 724 4204 coelo,
740 4135 897 4217 confortans
913 4150 987 4199 eum3
1003 4137 1032 4212 et
1045 4130 1074 4185 in
1091 4143 1185 4185 resur·

63 4206 343 4274 i,tlatbanaelstatim
352 4208 549 4264 consessusest
602 4204 727 4263 rectione
741 4203 794 4261 visi
808 4209 874 4263 sunt
886 4203 987 4276 Angeli
1002 4215 1077 4257 circe
1091 4196 1189 4269 sepul·
1239 4272 1242 4277 .
