2790 4912
77 249 125 302 ΗΟ
450 248 561 302 Pltlss
587 247 708 303 Pieris
734 246 839 303 carel
865 244 939 298 XXV

77 354 159 422 lium,
175 353 306 425 quemad
320 353 374 412 hoc
388 358 533 436 potentem
547 354 663 413 sciebat.

80 426 170 484 Plena
197 425 301 498 quippe
329 426 436 497 Spiritu
463 427 576 495 Sancto,
603 428 666 498 J'am

79 502 148 555 tunc
175 497 245 553 illud
274 495 441 553 miraculum
467 497 665 569 praevidebat,

81 570 158 642 quod
180 567 265 624 Filius
283 568 343 639 ejus
360 568 485 625 tacturus
499 573 570 625 erat.
585 567 666 636 Quod

82 656 151 711 ergo
167 639 260 694 tacere
274 637 427 709 cogitabat,
450 640 502 695 boc
517 640 566 696 illa
580 647 610 695 ut
624 640 666 695 t'a-

81 710 524 778 ceret,admouebat,secundum
535 713 668 780 Hierony-

80 798 164 840 mam.
182 782 343 851 Congruum
362 786 416 849 est,
432 783 507 864 quod
526 781 574 839 ubi
594 784 667 838 Deus

79 851 226 920 inritatur,
242 852 407 922 temporalis
422 868 519 909 riuum
533 852 667 925 jucundi·

79 923 148 981 tatis
166 923 289 979 deiicere
303 923 424 991 debeat;
437 925 492 980 lioc
508 924 584 981 enim
601 924 667 981 viiio

83 994 176 1053 Sancti
192 1011 250 1050 non
265 994 452 1064 delectantur,
466 994 533 1066 quia
545 995 669 1052 inebriat

82 1065 118 1125 ad
129 1065 177 1121 liei
186 1065 368 1134 oblivionem,
377 1071 407 1122 et
419 1065 546 1124 incendit
555 1066 592 1123 ad
603 1083 669 1123 coii-

81 1136 301 1209 cupiscentiam;
322 1152 374 1193 uec
391 1137 509 1194 dubium
536 1144 580 1194 est
599 1139 668 1210 quin

82 1207 210 1267 Christus
232 1209 267 1264 ad
287 1208 461 1266 delectantes
477 1209 508 1266 in
530 1208 597 1266 rino
622 1210 668 1281 ju-

82 1279 236 1337 cunditatis
264 1295 421 1350 numquam
454 1280 624 1349 introisset;
642 1285 670 1336 et

82 1349 149 1408 ideo
163 1366 320 1423 congruum
335 1355 378 1407 est
392 1355 424 1408 ut
438 1351 467 1408 in
481 1352 586 1424 nuptiis
601 1353 670 1409 San-

84 1426 194 1480 ctorum
206 1422 329 1479 deliciet.
339 1423 524 1495 Respondeas
536 1427 614 1480 Jeeus
628 1424 671 1477 di·-

84 1496 123 1551 cit
139 1498 164 1549 ei
183 1512 191 1547 :
207 1494 280 1561 Quid
295 1495 365 1548 mibi
378 1500 404 1549 et
418 1495 471 1549 tibi
484 1500 534 1561 est,
549 1493 671 1550 mulier‘l

86 1565 159 1632 Quid
173 1581 217 1620 me
234 1565 386 1621 molestas?
399 1566 557 1622 Secundum
571 1567 670 1635 dupu-

84 1638 199 1697 rtimim,
220 1635 308 1692 illaria
324 1636 427 1693 mulier
446 1636 522 1694 dicta
540 1643 593 1705 ast,
614 1652 671 1692 non

85 1711 220 1778 corrupta
234 1707 407 1780 virginitate,
418 1708 469 1764 sed
480 1707 671 1780 appellatione

83 1777 178 1903 gentis
204 1793 274 1835 siiae.
305 1779 438 1836 Mulieres
469 1779 544 1836 enim
573 1794 673 1836 omnes

97 1848 490 1921 eminasitliappellaierunt,
518 1868 548 1907 ro
570 1850 671 1906 rietate

86 1917 193 1999 linguae
210 1922 353 2002 uebiaeae3
369 1921 442 1977 unde
456 1927 485 2001 et
495 1867 530 1978 ge
543 1866 600 1977 gra
613 1921 670 2001 rir-

86 2003 163 2060 gine,
172 2005 235 2043 cum
244 1991 374 2046 adbuciu
388 1991 520 2061 paradiso
530 1998 616 2059 esset,
632 1992 672 2046 di·

88 2057 162 2115 citur
179 2060 208 2113 iu
221 2059 337 2115 Genesi:
358 2063 459 2116 Mulier
473 2078 556 2132 quom
569 2062 673 2116 dedisti

85 2131 156 2185 mibi·
165 2133 276 2192 sociam,
284 2135 338 2186 ete.
351 2131 510 2187 Secundum
516 2133 670 2202 origenem,

87 2215 211 2272 congrue
227 2206 309 2258 vocat
319 2202 438 2259 biaciam
450 2203 608 2272 mulierem,
618 2220 672 2287 pro

87 2286 155 2329 seiiu
172 2278 200 2328 et
215 2272 387 2346 proprietate
404 2274 508 2342 cordis,
522 2291 572 2347 per
587 2292 671 2332 mise-

87 2343 240 2401 ricordiam
259 2345 398 2404 emolliti:
416 2346 550 2417 quoniam
561 2347 673 2403 miseri·

87 2415 185 2472 cordia
203 2417 329 2474 emollita
346 2417 442 2474 mollia
459 2418 546 2475 sensit
564 2419 599 2475 de
619 2435 673 2475 nu·

86 2486 155 2559 ptiis
170 2488 390 2558 celebrantibus,
403 2489 450 2562 qui
461 2506 494 2546 eii
506 2495 673 2562 paupertate

86 2558 157 2628 vini,
170 2559 198 2614 in
213 2560 341 2631 proiimo
355 2561 575 2630 manifestanda,
591 2577 671 2617 vere-

87 2630 203 2687 cundati
224 2631 353 2689 luissent.

124 2702 287 2767 eoooiooo
305 2721 498 2763 rurenraiiriini
513 2723 615 2762 uerear
629 2723 674 2760 ua-

87 2785 199 2826 eroiisio
213 2774 344 2829 Crinisri‘l
356 2804 391 2816 -
406 2778 439 2832 Et
453 2777 563 2834 addidit
578 2795 585 2831 ε
601 2779 674 2834 lton·

87 2840 240 2896 demeruit
255 2845 322 2897 horo
345 2860 414 2908 meo,
429 2845 459 2901 id
476 2853 530 2915 est,
545 2847 673 2903 iiondum

86 2909 144 2991 vini
161 2910 301 2967 detectum
322 2914 459 2983 sentiunt,
480 2916 527 2987 qui
542 2917 671 2973 adeunt:

86 2994 150 3061 sine
171 2995 240 3050 ergo
262 2997 312 3037 eos
337 2983 459 3063 primum
478 2987 533 3042 boc
555 2987 673 3056 sentire,

86 3064 153 3122 quia
176 3066 241 3107 cum
257 3059 454 3111 necessitatem
475 3058 672 3128 cognoverint,

86 3122 179 3206 magis
207 3126 381 3195 reputabunt
407 3126 577 3185 beneficium
597 3130 674 3200 quod

86 3201 236 3268 recipient.
264 3198 345 3266 llam,
375 3199 532 3257 secundum
560 3202 675 3270 clupeo-

83 3271 212 3334 nomem,
221 3270 305 3326 beata
314 3268 410 3342 Virgo,
422 3287 454 3327 eii
467 3271 571 3343 pietate
585 3277 673 3341 mota,

86 3341 177 3397 voluit
194 3357 391 3414 preoccupare
407 3347 522 3416 'tempus
547 3344 673 3401 debitum

87 3408 209 3492 faciendi
237 3413 415 3471 miraculum.
443 3417 478 3471 Et
524 3416 570 3473 uia
596 3415 673 3472 istud

86 3482 255 3561 miraculum
265 3484 342 3542 inter
350 3486 515 3545 miraculae
539 3486 598 3543 risti
612 3492 673 3543 erat

86 3564 221 3622 primuni,
240 3556 315 3634 etad
330 3556 576 3614 confirmationem
592 3557 674 3614 disci·

86 3621 234 3747 gsslffl'fflssi
249 3625 313 3682 ideo
323 3627 421 3684 debuit
434 3644 497 3685 esse
508 3635 607 3686 notum
623 3627 674 3685 ibi·

107 3706 165 3773 am·
180 3693 375 3775 existentibus,
404 3704 433 3756 et
463 3705 576 3772 gratnm
603 3699 674 3826 ipsis

86 3768 310 3823 convivantibus.
324 3771 382 3825 lloe
395 3775 490 3828 autem
506 3771 596 3842 magis
620 3771 671 3840 uit,

86 3845 121 3914 eii
135 3849 170 3913 eo
199 3838 274 3906 quod
302 3841 407 3896 tactum
433 3847 486 3911 est,
505 3849 569 3915 post
587 3843 673 3899 talem

86 3917 145 3958 vini
161 3904 312 3976 delectum,
332 3912 460 3980 quamsi
484 3920 551 3971 ante
573 3914 674 3970 luisset

85 3971 202 4031 iactum.
220 3979 252 4032 Et
264 3978 340 4048 quia,
352 3985 383 4036 ut
398 3981 568 4054 dictumest,
584 3987 674 4042 Mater

85 4046 153 4103 lesu
171 4047 260 4104 voluit
280 4051 435 4121 praevenire
459 4056 576 4112 totalem
594 4057 672 4114 dete·

86 4120 175 4187 ctum,
189 4124 217 4176 et
231 4121 307 4192 quod
318 4121 425 4193 statim,
434 4130 587 4198 antequam
598 4132 673 4185 esset

87 4197 290 4264 opportunum,
309 4193 436 4252 cbristus
455 4195 562 4255 iaceret
585 4199 674 4256 mira·

722 353 836 421 culum;
857 349 922 407 ideo
948 348 1089 418 cbristus,
1117 351 1206 409 titatre
1228 351 1284 414 tiu

722 424 839 482 dubium
867 420 1040 494 sapientior,
1071 437 1135 479 eain
1164 425 1281 497 repressit,
1322 474 1325 479 .

723 496 821 553 dicens
836 514 845 550 ε
860 493 934 562 Quid
955 493 1033 549 milii>
1051 499 1081 549 et
1097 492 1148 551 tibi
1170 500 1221 562 est,
1235 511 1279 554 uii-

724 568 800 624 lier?
827 565 911 633 Quasi
939 563 965 621 ei
991 564 1066 621 dicat
1081 581 1089 620 τ
1106 565 1184 622 Scire
1197 571 1283 640 tenipus

723 635 1282 767 tplffltl{titillltltellltll

744 727 760 766 u
807 726 824 765 ii

724 781 773 838 scd
788 779 868 836 mihil
879 778 931 836 soli
946 777 1089 835 convenit.
1100 780 1217 851 Propter
1227 753 1284 853 quoii

725 851 855 910 subditur
878 867 886 906 ε
909 850 1038 907 Nondum
1055 849 1216 906 ventriosa
1228 867 1282 921 inea,

724 924 753 980 id
767 928 811 980 est
823 923 896 978 bora
909 920 1081 978 conveniens
1094 920 1213 977 faciendi
1222 922 1283 980 mira·

725 996 832 1062 culum,
856 1009 874 1050 a
892 1009 937 1049 me
957 991 1018 1048 eolo
1037 990 1161 1117 coprita.
1183 992 1240 1061 Sed,
1254 1009 1285 1050 se

725 1066 848 1123 cundum
863 1066 1061 1134 decreticum,
1082 1064 1286 1122 aceremiraciila

725 1135 904 1210 competebat
924 1134 1048 1196 Christo.
1068 1133 1221 1191 secundum
1232 1134 1286 1192 diri-

726 1225 792 1266 uam
807 1213 950 1275 naturam,
962 1220 1073 1277 quiima
1087 1207 1177 1262 Matre
1192 1207 1286 1264 ucula·

726 1280 807 1349 buit;
825 1286 853 1337 et
867 1279 932 1335 ideo
946 1277 1082 1351 praedicto
1098 1277 1182 1334 modo
1194 1292 1283 1350 respou

726 1351 820 1408 dendo
841 1349 934 1419 Matri,
949 1349 1101 1406 ostendere
1126 1347 1210 1405 voluit
1257 1347 1285 1405 od

726 1423 756 1478 in
777 1423 833 1479 boc
860 1438 918 1477 uon
947 1421 1100 1484 tenebatur
1127 1419 1153 1476 ei
1177 1421 1212 1476 ob
1249 1433 1283 1486 ης

727 1492 795 1566 quia
808 1493 838 1549 iii
854 1497 956 1549 natura
971 1491 1068 1548 divina
1087 1491 1159 1547 nibil
1181 1489 1284 1547 babuita

728 1568 828 1632 Matre,
845 1579 908 1631 nec,
923 1578 974 1635 per
996 1578 1184 1632 consequens,
1198 1574 1285 1641 cumea

728 1636 835 1707 aliquid
854 1649 1015 1692 commune.
1038 1633 1105 1690 ldeo
1124 1633 1192 1689 dicit
1210 1652 1217 1688 ε
1234 1629 1286 1699 Qud

728 1707 797 1764 mibi
813 1711 842 1762 et
854 1704 905 1763 tibi
921 1711 975 1773 est,
991 1703 1205 1773 muliertQuasi
1215 1704 1285 1760 dicit:

728 1779 777 1836 Vis
793 1775 1288 1845 tierimiraculum3sedadbocageii·
1346 1784 1348 1793 ·

728 1850 807 1917 dum,
825 1848 894 1920 quid
918 1863 1070 1904 commune
1089 1848 1182 1903 babeo
1201 1839 1289 1902 tecum?

729 1919 812 1988 Quasi
828 1920 915 1976 etiam
938 1920 1034 1975 dicat:
1058 1920 1096 1973 Ex
1119 1924 1222 1974 natura
1234 1927 1290 1973 cem·

729 1991 807 2049 muni
823 1995 916 2047 tecum
931 1990 985 2046 hoc
1008 2005 1064 2044 non
1080 2005 1148 2060 agn,
1164 1989 1213 2045 sed
1231 1996 1292 2045 eret

750 2064 804 2120 uod
819 2064 910 2119 baben
933 2077 950 2117 a
972 2062 1074 2127 Patre;
1099 2061 1168 2130 quia
1183 2059 1294 2114 virtutem

729 2080 850 2191 iaciendi
864 2132 1001 2189 miracula
1015 2148 1032 2188 a
1049 2133 1133 2187 Patre
1143 2132 1297 2200 habemini

729 2212 798 2262 ate.
816 2205 871 2261 Sed
893 2202 959 2275 quia
979 2201 1200 2267 humanitatem,
1216 2201 1246 2258 in
1256 2211 1299 2328 pit

729 2293 828 2349 passus
842 2280 896 2343 est,
910 2273 995 2330 traxit
1008 2290 1025 2330 a
1040 2276 1141 2342 ldatre,
1158 2274 1223 2330 ideo
1237 2289 1255 2329 a
1272 2269 1300 2326 di·

729 2349 794 2405 dit:
811 2346 941 2403 Nondum
960 2345 1037 2402 venit
1056 2346 1128 2401 bora
1150 2361 1225 2414 mea,
1241 2360 1258 2400 a
1272 2354 1304 2400 ne

729 2418 883 2492 disposita,
912 2419 984 2474 bora
1010 2416 1117 2473 scilicet
1150 2413 1305 2480 voluntatis,

730 2507 788 2547 non
811 2487 1053 2569 necessitatispid
1068 2492 1121 2569 est,
1140 2493 1254 2569 tempus
1266 2501 1306 2567 pis

729 2561 819 2618 tieudi
835 2578 867 2617 ei
882 2575 1024 2616 communi
1048 2559 1116 2614 mibi
1137 2563 1166 2614 et
1186 2559 1251 2628 tibi,
1265 2573 1309 2615 su·

730 2633 795 2689 licet
808 2632 838 2687 iii
854 2636 958 2687 natura
972 2645 1057 2701 quam
1072 2646 1090 2686 a
1104 2635 1132 2685 te
1148 2631 1243 2687 liabeo
1264 2647 1272 2685 ι
1289 2629 1311 2685 ot

729 2710 797 2760 tnnc
813 2709 840 2759 te
856 2717 1069 2773 recognoscam,
1084 2705 1112 2756 et
1139 2701 1191 2758 tibi
1217 2701 1312 2758 conde·

730 2775 873 2832 scendam.
896 2773 985 2842 Unde,
1001 2788 1064 2829 cnm
1080 2771 1207 2828 venisset
1234 2774 1311 2838 hora,

730 2863 787 2918 qua
813 2851 845 2902 ut
864 2847 948 2901 bomo
972 2850 1142 2911 moreretur,
1162 2845 1200 2900 de
1225 2858 1314 2911 cruce,

730 2917 874 2989 cognitam
889 2918 1006 2972 Matrem
1020 2914 1265 2972 recommendavit
1277 2912 1315 2970 di·

731 2989 849 3070 scipulo,
865 3003 950 3059 quem
968 3002 1027 3059 prae
1048 2984 1150 3042 ceteris
1169 2986 1315 3057 diligebat.

732 3063 835 3116 Primre
859 3064 955 3115 tamen
981 3058 1141 3126 sententiae,
1162 3058 1318 3114 secundum

732 3134 962 3201 chrysostomum,
974 3129 1065 3200 magis
1073 3135 1214 3185 consonat
1224 3128 1318 3185 littera

731 3218 871 3274 sequens3
888 3201 955 3274 quia
968 3204 1056 3257 ltater
1069 3203 1135 3258 lesu
1151 3217 1184 3256 ei
1200 3201 1264 3273 ejus
1274 3215 1318 3256 ie-

731 3273 883 3347 sponsione
912 3289 969 3328 nou
998 3271 1124 3328 ostendit
1151 3271 1319 3343 petitionem

731 3361 811 3472 ¹suain
826 3345 980 3417 repulsam,
996 3343 1046 3400 sed
1062 3342 1267 3400 convenienter
1279 3341 1319 3400 di·

741 3423 828 3474 atam.

765 3494 781 3556 it
800 3489 1152 3544 decimumnonum·
1175 3483 1267 3552 Unde,
1284 3481 1320 3539 de

730 3557 844 3615 Domini
867 3559 1054 3631 responsione
1085 3573 1142 3614 non
1170 3554 1317 3622 dittldens,

730 3630 1318 3707 mmmmwmme

730 3700 814 3758 rediit
829 3702 865 3758 ad
880 3701 1027 3758 ministros
1043 3701 1089 3773 qui
1106 3698 1273 3756 serviebant
1287 3711 1317 3752 iii

730 3772 836 3844 nuptiis
862 3772 929 3844 iilis,
955 3779 984 3830 et
1009 3770 1180 3828 tlducialiter
1201 3769 1318 3824 mittens

730 3843 794 3900 illos
806 3845 842 3900 ad
857 3844 957 3902 Filium
970 3859 1064 3911 snum,
1076 3844 1145 3898 dicit
1162 3841 1216 3906 ais,
1239 3839 1320 3895 mini

729 3919 797 3972 stris
809 3915 933 3973 scilieet:
950 3916 1142 3985 Quodeaoaque
1152 3914 1260 3968 dixerit
1272 3926 1319 3966 oo·

731 3987 784 4050 bis,
806 3989 902 4055 sonita
923 3993 1101 4058 exspectans,
1119 3985 1191 4041 liora
1215 3997 1319 4064 conve·

730 4056 820 4115 nienti
837 4075 854 4115 a
876 4057 945 4114 Filio
960 4075 1012 4114 suo
1036 4056 1159 4128 cognita,
1175 4054 1322 4137 'impletio-

731 4145 798 4186 nem
812 4128 958 4202 petitionis
966 4145 1042 4199 suae3
1058 4128 1139 4200 qnasi
1154 4128 1232 4182 dicat
1248 4143 1255 4181 ε
1272 4126 1319 4181 Li-

731 4206 775 4258 cet
789 4203 934 4273 abnegare
950 4200 1090 4270 rideatur,
1105 4205 1203 4256 tamen
1220 4198 1317 4254 faciet.
