2790 4912
382 367 424 421 DE
451 364 656 420 ttlrlillrlirl
684 363 893 420 silvatoris
920 368 1040 421 iustiti
1298 381 1328 431 ,qq

96 480 154 530 tuae
165 473 267 530 matris
275 477 357 530 utero
365 472 494 541 eductus,
506 470 691 543 prolatusque
744 478 851 541 quauta
864 472 1001 530 deberent
1012 475 1077 544 jure
1090 475 1196 534 tributa
1208 479 1287 551 dare,
1301 489 1329 540 et

97 544 167 611 luit;
185 544 230 601 rel
246 543 314 626 quia
328 543 460 600 Caesarie
475 548 558 600 natus
573 547 631 609 est;
646 542 689 598 iel
744 541 906 600 sictributis
916 543 1052 602 indebitis
1064 562 1120 602 non
1132 560 1330 619 gravarentur,

98 616 168 688 qnia
192 615 306 672 fortiter
329 615 427 672 hostes
449 615 587 672 caedebat.
610 613 691 670 Unda
743 617 771 668 et
785 613 906 671 sciretur
920 631 972 686 per
985 632 1069 688 quein
1084 619 1198 676 modum
1213 622 1331 695 singulm

98 688 136 744 ab
158 703 206 755 eo,
223 686 413 758 imperatores
431 685 528 754 ceteri,
546 689 614 742 sunt
632 683 691 741 Cae·
743 690 838 753 terrm,
860 687 913 743 sub
936 688 1063 744 Romano
1090 690 1208 763 imperio
1230 695 1332 754 melius

97 774 179 815 sares
193 757 339 830 appellati.
352 757 427 815 Julio
442 763 565 824 mortuo,
581 771 691 813 succes-
743 762 922 827 regerentur,
939 766 1112 831 preceperat
1132 769 1161 817 ut
1176 765 1212 820 de
1227 769 1330 824 subur-

97 828 136 886 sit
163 832 191 886 ei
219 828 391 886 Octavianus
419 831 460 886 Au
482 833 572 896 ustus,
599 842 635 882 ne
656 842 689 882 os
742 826 824 883 banis
839 844 875 899 op
897 828 960 897 idis,
984 846 1018 886 ac
1033 830 1101 888 vicis
1117 838 1146 889 et
1162 836 1243 908 pagis
1270 839 1330 896 ubl.

94 899 175 969 tulii,
192 899 350 972 imperator
373 845 524 982 secungus,
547 897 596 971 qui
624 841 687 980 iseo
741 913 862 980 cumque
877 844 1049 970 habitarent,
1057 903 1093 958 ad
1106 921 1186 961 suam
1200 880 1330 968 homines

95 972 258 1044 appellatur
282 973 439 1042 Augustus,
469 986 537 1043 quia
564 984 687 1026 maxime
740 975 884 1025 civitatem
897 974 1082 1042 continerent,
1093 975 1140 1032 ubi
1153 980 1328 1038 territorium

95 1041 326 1114 rempublicam,
355 1048 385 1099 et
423 1045 583 1099 Romanum
610 1039 688 1097 auxit
740 1039 953 1111 liabebant,rel
969 1043 1106 1115 originem
1123 1053 1284 1117 traxeraut;
1300 1059 1329 1110 et

94 1113 266 1186 imperium,
277 1114 352 1170 unde
364 1118 393 1170 et
407 1112 443 1170 ab
454 1129 489 1170 eo
499 1115 686 1185 imperatores
740 1113 859 1183 quisque
879 1113 1038 1184 donarium,
1054 1116 1160 1174 scilieet
1179 1137 1327 1181 numinum

93 1184 182 1242 ceteri
200 1185 268 1241 dicti
279 1189 346 1241 sunt
359 1187 400 1241 Au
422 1182 487 1241 usti.
499 1186 560 1252 llic,
573 1187 685 1239 retento
739 1189 917 1253 argenteum,
933 1186 1016 1257 pretii
1031 1187 1127 1245 decem
1144 1207 1326 1252 nummorum

93 1255 267 1327 cognomine
281 1258 325 1312 sui
338 1201 685 1326 praeciecessorisscilicet
741 1254 894 1323 usualium,
915 1258 990 1314 unde
1009 1263 1038 1314 et
1062 1259 1197 1318 denarius
1216 1265 1328 1324 diceba·

94 1329 219 1395 casare,
244 1342 302 1384 una
330 1343 394 1384 cum
427 1325 594 1398 cognomine
620 1341 683 1393 suo,
740 1331 796 1392 tur,
814 1326 940 1406 ‘presidi
965 1328 1117 1398 proviiieiae
1144 1335 1272 1404 trailens,
1297 1354 1329 1394 se

93 1399 203 1455 scilicet
222 1400 361 1470 Augusto,
387 1406 502 1455 vocatus
526 1403 570 1454 est
589 1398 685 1454 Cesar
739 1396 883 1452 subditum
904 1399 1032 1454 Romano
1050 1400 1168 1472 imperio
1194 1421 1328 1479 recogno-

92 1472 255 1541 hugiistus3
281 1485 377 1595 amno
400 1469 517 1538 mensis,
537 1468 584 1540 qui
605 1468 684 1539 prius
739 1472 841 1547 sceret,
858 1473 888 1524 et
914 1469 949 1524 ad
972 1469 1139 1528 solvendum
1164 1474 1270 1532 tributa
1296 1495 1327 1535 se

94 1540 567 1609 vocabatursentiis,dietusesthu
608 1544 682 1607 stus;
739 1537 889 1608 obligaret.
902 1541 971 1595 Nam
982 1547 1149 1599 etnummus
1159 1547 1326 1614 praelerebat

95 1612 140 1669 rel
167 1611 236 1683 quia
255 1611 285 1667 in
309 1628 344 1668 eo
369 1617 523 1680 natusest,
543 1626 577 1668 re
617 1612 684 1681 quia
739 1609 859 1666 Caesaris
887 1611 1039 1682 imaginem
1065 1620 1093 1668 ot
1115 1615 1239 1674 noniiiiis
1265 1620 1327 1691 ejus

93 1689 163 1740 tunc
190 1683 226 1739 de
254 1683 374 1739 victoria
397 1682 491 1739 rediit.
513 1684 536 1738 Α
555 1687 684 1753 tempore
739 1681 987 1753 subscriptionem.
1001 1683 1328 1762 Dieeliaturautempro

92 1754 188 1822 istius,
205 1753 297 1826 primo
311 1758 441 1837 potestas
459 1753 546 1825 erepit
559 1751 682 1823 imperii,
739 1750 911 1832 iussio,quia
923 1754 1051 1824 quilibet,
1063 1759 1177 1828 quaudo
1189 1761 1326 1820 reddebat

92 1842 158 1898 quae
177 1826 275 1883 Graece
289 1825 395 1882 dicitur
408 1825 583 1892 monarchia,
598 1827 627 1880 et
641 1839 685 1879 re-
737 1823 852 1892 praesidi
868 1825 1029 1895 denarium,
1046 1831 1169 1899 ponebat
1184 1830 1262 1888 illum
1278 1849 1326 1890 su·

92 1897 194 1969 gnaiit
209 1896 294 1953 anuis
303 1896 515 2024 quinquaginta
529 1901 637 1975 sepiem
655 1899 685 1950 et
739 1909 790 1963 per
805 1900 890 1967 caput
904 1912 997 1966 suum,
1016 1903 1044 1955 et
1061 1901 1176 1973 proprio
1193 1919 1241 1959 ore
1258 1905 1327 1962 late·

91 1968 192 2025 seinis.
221 1967 272 2024 llic
322 1967 452 2025 uodecim
481 1967 575 2034 annis,
608 1981 683 2022 circa
739 1966 867 2021 baturse
888 1967 1014 2025 Romano
1038 1969 1157 2052 imperio
1177 1990 1239 2030 esse
1261 1977 1327 2033 sub-

90 2047 207 2112 tempus
233 2038 390 2095 nativitatis
417 2038 531 2106 Christi,
558 2037 588 2094 in
613 2052 683 2108 pace
734 2037 851 2106 jectum.
874 2037 1026 2097 Dicebatur
1049 2049 1134 2098 etiam
1161 2045 1324 2118 descriptio,

91 2110 234 2193 regnavit.
261 2112 295 2166 Et
317 2110 366 2166 tali
392 2115 520 2181 tempore
543 2109 683 2175 Christus,
739 2106 1325 2190 quianumeruseorum,quicensicapite,

91 2199 138 2240 ciii
162 2197 216 2255 pari
238 2181 293 2239 ista
316 2181 519 2249 famulabatur,
540 2179 617 2236 nasci
637 2194 685 2235 ve·
739 2177 824 2234 idest
839 2181 915 2237 censi
933 2182 975 2238 rel
993 2185 1124 2240 recensiti
1144 2203 1195 2258 per
1212 2189 1325 2260 singula

91 2252 160 2322 luit;
176 2252 243 2325 quia
261 2268 362 2334 pacem
385 2267 558 2324 magnopere
582 2249 684 2322 quesi-

91 2324 145 2393 rit,
157 2330 187 2380 et
206 2339 284 2396 pacis
306 2322 509 2395 charitatisque
527 2328 681 2390 amatores,

92 2400 122 2454 et
140 2395 227 2452 etiarn
248 2400 403 2451 sectatores
426 2411 539 2466 semper
559 2392 681 2451 invisere

90 2469 296 2540 dignatusest.
324 2465 395 2534 Quia
418 2468 495 2522 enim
521 2464 682 2522 nasciturus

90 2543 154 2595 erat
164 2540 221 2594 Ber
236 2537 386 2609 pacificus,
397 2542 426 2593 et
441 2536 577 2609 Princeps
592 2535 680 2609 pacis,

89 2624 250 2680 congruum
274 2608 338 2677 luit,
361 2614 393 2664 ut
411 2608 472 2680 ipse
494 2615 561 2665 ante
586 2613 681 2664 ortum

88 2697 199 2748 suum,
228 2695 346 2751 pacem,
371 2679 453 2751 quasi
479 2679 680 2751 praenuntiam,

88 2752 281 2835 praemitteret
307 2768 314 2806 :
342 2766 428 2821 quani
456 2751 542 2807 etiarn
569 2765 680 2831 pacem,

88 2840 151 2896 ipse
168 2829 269 2895 postea
288 2823 395 2890 virens,
410 2821 439 2878 in
454 2822 560 2878 mundo
574 2822 680 2890 docuit,

89 2901 120 2950 et
147 2894 245 2950 exiens
270 2893 306 2950 de
330 2893 437 2950 mundo
454 2892 601 2975 discipulis
617 2892 681 2948 reli·

90 2965 163 3037 quit.
181 2968 219 3021 Ex
243 2981 299 3036 quo
325 2964 412 3021 etiam
434 2964 580 3021 moraliter
597 2963 682 3021 datur

88 3035 224 3108 intelligi,
242 3035 317 3117 qiiod
331 3036 454 3093 Verbum
468 3039 608 3092 aternum
621 3050 681 3091 non

738 2249 841 2320 capita,
859 2264 888 2308 et
903 2254 1044 2310 numerati
1060 2256 1235 2325 serebantur,
1247 2267 1325 2317 recto

738 2320 1003 2402 disterminabuntur
1018 2342 1148 2396 numero,
1165 2336 1193 2385 et
1209 2331 1237 2385 iii
1259 2337 1327 2388 scri-

739 2396 794 2463 ptis
822 2393 1034 2465 redigebantur.
1061 2399 1094 2452 Et
1115 2399 1155 2454 sie
1176 2401 1327 2473 tripliciter

738 2464 968 2534 profitebantur,
998 2466 1106 2524 scilieet
1133 2471 1227 2540 lacto,
1258 2474 1325 2545 quia

738 2550 852 2592 censum
868 2537 969 2616 capitis
980 2539 1145 2609 imperatori
1161 2543 1323 2613 solvebant;

737 2607 834 2673 verbo,
846 2622 914 2676 quia
926 2623 957 2664 se
970 2623 1031 2663 esse
1042 2610 1184 2681 subjectos
1195 2615 1324 2673 Romano

739 2676 858 2758 imperio
881 2692 931 2733 ore
950 2678 1130 2762 fatebantur3
1159 2690 1187 2739 et
1205 2685 1322 2758 scripto,

738 2763 804 2819 quia
831 2763 928 2804 eorum
949 2765 1066 2807 nomina
1084 2753 1322 2816 inscribebantur.

737 2823 801 2876 llaee
813 2820 962 2892 descriptio
973 2825 1067 2892 prime
1079 2826 1157 2892 fucta
1171 2835 1211 2885 est
1225 2847 1241 2884 u
1254 2848 1323 2902 prse-

737 2892 798 2947 side
811 2893 900 2961 syrie
919 2894 1028 2963 Curiae,
1041 2897 1089 2967 qui
1113 2898 1215 2958 missus
1232 2902 1325 2960 luerat

738 2962 888 3020 aCaesarc
912 2966 1037 3037 Augusto
1061 2967 1090 3023 in
1111 2971 1231 3042 Syriam,
1254 2981 1325 3032 tain-

738 3049 823 3104 quam
838 3050 945 3106 praeses
960 3042 987 3093 et
1006 3038 1103 3109 judex,
1123 3043 1159 3099 ad
1175 3045 1264 3117 ipsam
1281 3063 1325 3104 re·

90 3108 229 3177 nascitur,
246 3108 299 3162 uisi
316 3107 345 3163 in
364 3107 450 3163 corde
465 3110 585 3179 pacato;
607 3105 681 3163 unde

92 3179 223 3235 Psalmiis
251 3176 320 3235 dicit
347 3194 355 3233 ι
380 3180 540 3235 Fectucest
561 3180 682 3249 inpare

91 3251 249 3320 loeusejus.

129 3342 143 3377 a
159 3322 290 3378 Uarimiisi
305 3338 383 3376 onnis
398 3336 562 3377 nesciiirrio.
575 3349 611 3362 -
626 3320 679 3375 Pa·

90 3393 164 3449 catis
192 3407 261 3463 ergo
287 3391 419 3449 omnibus
438 3390 603 3464 regionibus
630 3406 681 3462 per
737 3389 882 3471 tigrinum,
903 3390 970 3461 quia
991 3393 1068 3449 enim
1092 3395 1173 3464 Syria
1194 3404 1237 3454 est
1282 3417 1325 3456 ro-

88 3464 192 3521 orbani
211 3461 387 3532 uniuersum,
412 3478 476 3519 cuin
495 3462 620 3534 quietum
641 3460 679 3517 si·
735 3460 839 3528 vincia,
866 3460 894 3516 in
922 3462 1003 3532 cujus
1026 3463 1119 3520 medio
1144 3473 1188 3524 est
1211 3472 1246 3526 Jii
1268 3487 1322 3542 ma,

89 3534 213 3591 lentium
228 3533 397 3591 universalis
413 3533 503 3606 pacis,
518 3535 570 3590 sub
586 3533 679 3590 essa·
736 3531 817 3657 mussi
851 3531 998 3589 umbilicus
1027 3540 1110 3592 terras
1136 3539 1322 3614 habitabilis,

89 3605 133 3663 ris
146 3604 267 3678 Augusti
287 3603 407 3677 imperio
426 3605 591 3676 perturbata
602 3604 681 3675 prius
738 3673 743 3683 ¹
758 3604 841 3658 icitur
860 3602 1011 3673 prreiisum
1029 3621 1102 3676 esse,
1120 3611 1194 3667 utin
1214 3631 1248 3671 ea
1263 3615 1323 3688 ipse

89 3677 188 3734 secula
204 3681 378 3744 servassent,
396 3679 570 3733 memoratus
591 3676 683 3746 hugu-
736 3673 911 3741 inchoaret,
939 3679 967 3729 et
993 3676 1095 3734 deinde
1121 3697 1173 3752 per
1201 3685 1322 3744 circum·

89 3754 164 3817 stus,
189 3747 396 3820 rempublicam
423 3748 533 3820 legibus
552 3746 683 3874 Sacitlcis
737 3751 845 3800 stantes
860 3744 991 3816 regiones
1005 3747 1051 3804 alii
1072 3753 1208 3822 presides
1227 3775 1312 3829 prose

89 3819 269 3891 adaequare,
299 3823 327 3875 et
353 3817 463 3875 nutrire
488 3817 548 3874 desi
571 3833 681 3886 erans,
737 3821 901 3888 querentur.
922 3818 970 3873 Vel
993 3819 1084 3888 prima
1100 3824 1277 3900 universalis,
1294 3832 1323 3887 in

88 3890 209 3964 protulit
218 3890 354 3958 edictum,
365 3894 394 3947 ut
406 3889 615 3946 describeretur
623 3891 683 3946 uni·
737 3904 794 3960 qua
807 3889 955 3945 universus
970 3891 1047 3947 orbis
1062 3893 1242 3968 describitur,
1256 3902 1324 3972 quia

89 3978 191 4020 versus
206 3962 295 4020 orbis.
315 3961 419 4018 volens
438 3959 515 4018 enirn
537 3959 609 4017 scire
631 3976 683 4017 nu·
736 3960 800 4016 aliae
823 3959 1008 4031 particulares
1026 3968 1203 4035 precessisse
1223 3972 1312 4029 intelli

88 4049 203 4092 menam
215 4032 365 4103 regionum
376 4034 403 4088 in
416 4033 497 4100 orbe,
507 4047 571 4104 qua
582 4031 682 4088 ditioni
736 4036 851 4101 guntur.
863 4031 911 4087 Vel
923 4031 1147 4107 primaeapitum
1160 4042 1322 4114 incivitate,

87 4107 227 4163 suberant
237 4106 540 4171 Romenae‚numerum
550 4103 634 4160 etiam
646 4103 683 4159 ci·
736 4102 853 4158 sicbata
873 4103 1009 4173 pracside3
1026 4109 1160 4178 secunda,
1178 4115 1323 4171 ciiiiatum

87 4176 210 4235 vitatum
221 4174 251 4233 in
262 4175 523 4259 qualibetregione,
531 4189 680 4231 numerum
736 4173 765 4229 iu
790 4172 916 4243 regione,
932 4190 950 4230 a
969 4176 1063 4248 legato
1085 4181 1221 4251 Caesaris;
1237 4187 1322 4242 tertia

88 4263 205 4321 quoque
218 4253 355 4320 capitum,
371 4245 478 4304 scilicet
494 4260 679 4319 personarum
736 4242 885 4326 regionum
895 4244 924 4300 iii
934 4246 1120 4315 orbe,coram
1133 4253 1253 4309 Caesare.
1271 4256 1322 4311 llic

737 3106 871 3177 gendam.
893 3108 994 3164 iudaea
1017 3110 1119 3182 quippe
1143 3131 1202 3172 non
1225 3119 1325 3176 babuit

737 3177 887 3247 presidem
898 3179 1054 3251 proprium,
1066 3183 1115 3238 sed
1128 3184 1189 3255 ipsa
1198 3191 1325 3247 eontine-

737 3249 882 3329 batursub
894 3250 1072 3322 Syria,cujus
1083 3269 1149 3334 pars
1162 3262 1321 3316 estludara.

737 3319 833 3374 Prima
846 3324 940 3376 autem
958 3327 1049 3390 potest
1063 3324 1117 3379 diei
1136 3334 1273 3406 quantum
1288 3332 1324 3387 ad

86 4320 118 4379 in
134 4319 268 4394 qualibet
283 4317 410 4390 civitate,
424 4324 455 4376 ut
469 4316 555 4376 sciret
573 4332 637 4389 quae
651 4320 681 4374 et
735 4330 859 4390 prunum
888 4317 989 4377 Judaea
1012 4320 1088 4379 lacta
1116 4326 1158 4378 est
1187 4323 1324 4382 Romanis

1191 4546 1350 4636 t-
