2790 4912
127 317 162 370 eb
519 311 630 364 Plllllld
656 312 774 370 rantis
801 314 904 368 cliui
933 314 970 366 xl

130 422 281 492 protinas:
298 439 313 470 a
331 415 404 485 Quid
426 414 481 473 erit
500 415 625 475 tribunal
639 418 714 490 judi·

131 490 234 558 cantis,
249 488 363 562 quando
378 487 517 559 superbos
536 503 620 560 reges
639 504 714 546 cuna

130 562 259 621 terrebat
300 558 436 616 infantis?
470 557 601 616 Timeant
638 576 714 617 nunc

131 648 215 706 reges
238 630 274 689 ad
300 629 393 688 Patris
416 629 560 686 dexteram
585 631 646 702 jam
671 647 713 688 se-

131 704 266 771 dentem,
298 717 383 774 quem
411 717 461 758 rex
489 700 593 773 impius
620 702 715 758 timuit

132 776 226 833 adhuc
246 772 345 830 matris
362 773 451 830 ubera
468 772 621 829 labentem.
646 794 660 825 »
681 775 716 829 Et

131 863 192 903 non
217 845 308 902 solum
333 845 463 901 turbatus
493 847 537 899 est
566 844 635 916 ipse,
663 844 714 901 sed

792 417 914 476 assecuti
941 422 1021 485 sunt,
1052 416 1075 473 si
1097 423 1201 473 uantur
1232 415 1364 472 doctores

771 435 855 548 Eone
875 487 1023 556 doctrinae,
1044 433 1096 544 seg
1112 486 1196 544 malae
1220 486 1299 555 vitae,
1314 485 1361 558 qui

771 576 855 633 quem
874 558 1032 633 praedicant
1050 574 1122 615 sana
1139 557 1283 629 doctrina,
1296 573 1359 630 pei·-

771 637 930 704 sequuntur
944 630 1020 687 mala
1031 629 1098 687 vita.

807 707 824 759 8
843 705 990 761 Siriumrio
1014 703 1145 758 Heaonis.
1163 729 1198 742 -
1220 701 1297 756 Tum
1311 700 1358 755 lle

770 775 860 839 rodes,
876 776 948 831 clam
971 777 999 830 et
1025 772 1133 829 occulte
1161 772 1268 828 vocans
1282 769 1317 827 ad
1329 784 1358 827 se

772 848 875 916 Mapis,
892 846 1040 914 diliqenter
1053 844 1153 900 didicit
1173 843 1208 898 ab
1228 843 1271 897 eis
1292 847 1354 897 tem·

132 924 159 974 et
181 920 269 974 omnis
289 917 459 984 ierosolyma
477 930 537 970 eam
556 918 617 981 iilo,
632 915 715 971 noii—
769 933 825 998 piis
837 918 933 980 stella,
948 932 1009 986 qna
1022 917 1156 997 apperuit
1171 916 1221 970 eis.
1238 910 1353 985 Cogidto

132 993 190 1046 tate
205 986 335 1044 miraculi
357 1001 502 1058 percussa,
517 990 545 1043 et
558 986 653 1043 lavere
668 1003 715 1042 vo-

133 1060 195 1116 lens
209 1057 325 1126 Herodi,
336 1073 420 1128 quem
436 1057 563 1126 timebat,
579 1057 646 1129 quia
661 1057 714 1114 sibi

132 1131 268 1202 subjecta.
299 1130 379 1201 Saepe
405 1127 481 1185 enim
507 1129 628 1201 populus
652 1129 716 1201 plus

132 1200 175 1259 eis
195 1201 299 1273 injuste
321 1200 397 1257 lavet
417 1215 488 1271 quos
507 1200 637 1257 crudeles
653 1215 714 1256 sus·

133 1274 206 1330 tinet
222 1290 229 1328 :
243 1273 318 1329 unde
339 1287 388 1327 rei
406 1270 529 1353 injustus
544 1288 645 1328 omnes
661 1271 715 1327 mi·

132 1342 239 1401 nistros
263 1343 349 1400 habet
372 1341 475 1414 impios
492 1348 522 1398 et
540 1342 713 1399 adulatores.

133 1415 294 1472 Secundum
319 1430 387 1487 ergo
411 1416 640 1483 Glimsostomam,
659 1418 717 1470 tur-

132 1487 217 1544 batur
243 1485 337 1543 omnis
363 1486 542 1557 ierosolyma
564 1501 629 1542 cum
654 1483 715 1553 illo,

133 1558 177 1615 iel
205 1573 292 1615 causa
317 1557 499 1624 adulationis,
522 1557 567 1613 iel
593 1556 715 1612 timoris.

132 1629 295 1686 Turbantur
313 1627 398 1684 etiam
414 1627 461 1683 ille
476 1631 505 1683 et
523 1627 580 1695 isti,
600 1627 717 1698 quiade

134 1699 258 1782 adventu
275 1698 429 1780 iustinon
453 1703 572 1780 possunt
591 1699 717 1770 gaudere

133 1769 529 1922 bitillitttlttltlt
541 1775 717 1922 ditatu

134 1911 184 1969 illa
198 1927 275 1993 pars,
293 1928 356 1983 quae
371 1912 425 1968 sibi
439 1911 565 1979 larebat,
584 1928 625 1968 sie
639 1926 716 1968 com-

134 1988 259 2064 muniter
273 1982 377 2064 dicitur
394 1982 508 2064 quando
533 1983 656 2054 majores
677 1981 716 2038 ci-

132 2057 228 2109 vitatis
263 2053 299 2109 ali
322 2053 370 2109 uid
397 2053 520 2119 iaciunt,
549 2054 624 2124 quod
657 2058 717 2109 tota

134 2123 233 2206 civitas
256 2069 335 2206 iiiiii
348 2122 430 2192 lacit;
446 2123 486 2179 sic
509 2123 537 2179 in
559 2125 715 2196 proposito,

134 2210 183 2267 qui
201 2200 283 2251 erant
298 2195 405 2252 ibidem
426 2196 559 2266 majores,
573 2200 601 2251 et
626 2195 656 2252 iu
675 2212 717 2252 re-

133 2265 245 2338 galibus
271 2265 373 2323 officiis
397 2267 573 2335 assistentes,
590 2266 630 2322 iili
652 2283 716 2324 cum

134 2352 202 2409 rege
242 2338 347 2394 turbati
384 2344 459 2394 sunt.
485 2341 522 2395 at
549 2354 717 2409 conpreqoas

135 2424 227 2465 omnes
238 2412 380 2480 Principes
390 2410 562 2466 sacerdotum
572 2414 598 2465 et
605 2411 718 2467 Scribas

79 2567 92 2585 ·
130 2480 716 2610 abbttblttbbtlbtbt·

133 2623 205 2691 Quia
219 2622 295 2679 enim
304 2624 418 2680 volebat
429 2623 570 2680 Christum
585 2623 715 2696 perdere,

134 2693 198 2751 ideo
208 2694 316 2751 studuit
326 2694 361 2751 de
372 2696 433 2751 loeo
445 2693 601 2751 nativitatis
612 2693 716 2751 Christi

133 2764 285 2836 diiigenter
300 2765 443 2836 inquirere
457 2767 492 2822 ab
506 2765 562 2822 illis
577 2767 624 2835 qui
642 2765 716 2822 Scri-

154 2840 232 2891 turas
262 2836 468 2907 Prophetarum
502 2836 652 2907 praedictas
681 2837 717 2892 de

191 2905 246 2962 isto
261 2911 410 2974 noverant,
423 2912 451 2962 et
465 2907 646 2979 genealogias
667 2906 716 2963 de·

133 2976 303 3033 scandentes
321 2976 441 3032 aDavid
455 2979 593 3034 sciebant.
611 2979 651 3033 At
672 2979 718 3034 illi

133 3046 267 3102 diambi
281 3050 317 3111 ei,
332 3048 407 3117 quod
420 3051 451 3103 iri
461 3050 616 3105 Betiileliem
627 3050 715 3118 Jadae,

133 3115 314 3187 idaeique
336 3116 391 3174 sita
416 3123 460 3174 est
481 3118 511 3175 in
534 3125 612 3176 terra
631 3119 715 3189 luda,

133 3192 219 3260 prout
228 3187 360 3246 scribitur
371 3189 401 3245 in
415 3188 542 3248 biieliiea,
557 3191 716 3248 Secundum

132 3259 331 3330 ammianum,
346 3262 360 3317 J
365 3260 437 3318 udaei
452 3260 480 3316 in
495 3262 549 3318 hoc
562 3261 648 3331 lacto,
660 3278 715 3333 quo

133 3330 237 3388 docent
252 3331 323 3389 alios
338 3332 431 3389 locum
448 3332 613 3401 nativitatis,
632 3339 662 3390 et
673 3339 715 3389 ta·

22 3426 27 3433 ·
133 3417 200 3461 men
218 3402 271 3476 ipsi
298 3421 356 3462 non
376 3403 492 3474 vadum,
516 3405 625 3461 similes
649 3409 717 3461 sunt

132 3473 351 3532 fabricatoribus
380 3492 454 3532 arcae
483 3477 557 3546 Noe,
582 3475 630 3548 qui
651 3475 716 3533 aliis

135 3544 183 3625 ubi
208 3545 365 3625 evaderent
391 3546 596 3617 praestiterunt,
611 3552 640 3603 et
661 3546 715 3620 ipsi

133 3615 240 3695 diluvio
253 3615 410 3686 perierunt.
430 3617 542 3675 Similes
555 3617 640 3675 etiam
651 3624 717 3675 sunl

133 3684 275 3767 lapidibus
295 3686 468 3757 milliarium,
486 3687 534 3761 qui
557 3688 620 3746 aliis
640 3690 715 3746 riam

133 3757 271 3826 indicant,
296 3773 348 3815 nec
371 3757 425 3829 ipsi
451 3775 502 3831 per
528 3775 591 3817 eam
615 3760 714 3817 ambu-

134 3825 203 3883 lant.
218 3829 258 3883 De
285 3828 387 3898 quibus
407 3828 492 3886 etiam
515 3830 586 3888 dicit
608 3830 715 3888 ibidem

134 3898 319 3980 Aapmtimcs,
334 3900 410 3972 quod
429 3907 545 3958 ostenso
564 3900 628 3959 aliis
650 3901 716 3958 vitae

133 3967 212 4050 tonte
230 3985 284 4041 ipsi
302 3976 368 4027 sunt
386 3971 492 4027 mortui
510 3972 646 4030 siccitate.
662 3974 717 4030 Per

135 4039 248 4097 Scribas
265 4049 361 4099 autem
375 4047 405 4098 et
419 4043 582 4100 sacerdotes
602 4043 651 4115 qui
673 4044 715 4101 lo-

134 4125 199 4169 cum
218 4110 374 4169 nativitatis
393 4112 497 4170 Cbristi
514 4130 547 4171 ei
565 4115 717 4187 prophetia

134 4180 359 4253 declaraverunt,
372 4188 400 4240 et
415 4190 509 4240 tamen
531 4185 623 4257 ipsum
638 4186 716 4243 Chri·

133 4258 210 4311 stum
236 4270 295 4312 non
320 4255 522 4328 adoraverunt,
547 4256 598 4315 sed
625 4257 716 4330 magis

774 1003 850 1045 emin
871 987 933 1044 loeo
961 985 1116 1043 nativitatis
1129 983 1236 1043 Christi
1259 999 1293 1040 ex
1307 983 1351 1041 Ju-

773 1058 902 1116 daeorum
919 1056 1075 1130 responsis,
1091 1056 1180 1114 voluit
1194 1054 1269 1112 seire
1289 1059 1352 1112 tem-

773 1127 1151 1258 transibilitate
1170 1122 1352 1255 batti

774 1271 829 1329 loci
846 1217 1013 1343 {agnitione
1030 1241 1127 1343 posset
1148 1214 1294 1351 Chrisfuiii
1314 1265 1352 1323 in·

775 1343 929 1401 terlicere:
948 1348 978 1400 et
995 1358 1059 1399 cuin
1086 1347 1162 1398 esset
1185 1341 1352 1412 aliemgena,

776 1430 832 1471 nori
855 1413 1017 1471 confidebat
1042 1412 1077 1469 de
1100 1412 1217 1481 Judaeis,
1238 1417 1268 1468 et
1294 1408 1352 1466 ideo

775 1484 864 1542 voluit
876 1483 1026 1541 consilium
1042 1500 1124 1541 suum
1139 1483 1229 1540 latere
1249 1497 1308 1539 eos.
1322 1483 1353 1538 Et

774 1560 886 1613 mitteris
905 1558 969 1612 illos
983 1559 1014 1612 in
1027 1557 1182 1612 Betbleliem
1200 1555 1290 1619 dicit,
1308 1551 1354 1610 do·

775 1628 844 1697 lose,
856 1632 885 1685 et
911 1644 961 1684 eos
986 1627 1085 1683 volens
1109 1625 1241 1698 decipere
1259 1641 1268 1680 ι
1283 1627 1355 1681 lteet

775 1703 942 1768 interropote
960 1698 1109 1767 diliperiter
1127 1698 1160 1754 de
1177 1700 1265 1753 Puera
1281 1699 1353 1761 nito,

775 1776 802 1826 et
819 1787 881 1826 cum
902 1772 1073 1833 inveneritis,
1098 1771 1256 1825 renuntiate
1280 1767 1352 1830 mibi,

775 1847 806 1898 at
820 1846 846 1897 et
860 1858 908 1910 epo
921 1844 1031 1897 veniens
1050 1841 1160 1897 adorem
1175 1855 1256 1904 eum:
1272 1852 1354 1911 spon·

776 1913 824 1970 det
837 1912 939 1969 lalsum
954 1912 1136 1982 obsequium,
1146 1916 1177 1968 ut
1186 1909 1299 1967 lucilius
1310 1923 1355 1966 eoi

775 1983 908 2056 decipiat,
920 1988 951 2039 et
964 1983 1001 2039 ad
1016 1982 1192 2039 redeundum
1203 1996 1257 2054 per
1267 1979 1354 2053 ipsum

776 2054 901 2111 inducat.
920 2054 1003 2111 Falsa
1021 2053 1126 2127 quippe
1142 2052 1196 2109 luit
1213 2050 1292 2125 regis
1306 2052 1355 2108 lle·

776 2125 854 2183 rodis
881 2123 1049 2197 promissio,
1084 2123 1169 2196 quia,
1203 2121 1355 2181 secundum

776 2199 1006 2267 chrysostomum,
1036 2195 1216 2253 devotionem
1243 2192 1355 2267 promit·

775 2270 864 2338 lebat,
882 2268 932 2324 sed
951 2267 1076 2340 gladium
1092 2268 1211 2324 acuebat
1229 2270 1258 2323 et
1278 2262 1355 2322 mali·

775 2340 845 2397 tiam
872 2338 967 2395 cordis
992 2338 1034 2395 sui
1065 2336 1234 2395 humilitatis
1263 2337 1355 2394 colore

776 2410 956 2482 depingebat.
970 2410 1046 2467 Talis
1059 2414 1103 2466 est
1114 2407 1291 2466 consuetudo
1302 2422 1356 2465 om

775 2481 853 2538 nium
873 2480 1076 2552 malignorum,
1098 2481 1212 2552 quaudo
1234 2478 1355 2552 aliquem

775 2552 805 2609 in
820 2553 929 2610 occulto
940 2552 1054 2636 gravius
1068 2551 1171 2609 laedere
1186 2551 1297 2619 volunt,
1312 2550 1358 2606 liu-

777 2624 925 2681 militatem
944 2622 985 2680 illi
1012 2630 1041 2681 et
1064 2622 1218 2689 amicitiam
1234 2622 1355 2694 tingunt.

776 2697 810 2752 Et
832 2694 986 2753 secundum
1013 2696 1167 2757 bobonum,
1196 2693 1280 2750 tinxit
1307 2694 1356 2748 lie

777 2766 872 2835 rodes,
897 2772 956 2822 tam
984 2766 1063 2823 vultu
1091 2780 1175 2837 quam
1206 2763 1304 2822 verbis
1329 2776 1356 2819 se

776 2838 897 2895 adorare
917 2853 982 2894 eum
1000 2837 1083 2906 velle,
1099 2851 1182 2908 quem
1199 2833 1299 2892 invida
1316 2849 1357 2892 co

775 2908 912 2981 gitatione
927 2907 1067 2965 tractabat
1083 2907 1228 2974 occidere;
1250 2912 1281 2963 et
1294 2907 1355 2972 tioe,

776 2985 808 3037 ut
823 2980 866 3036 vel
886 2978 1034 3051 adipsum
1057 2978 1131 3051 uagi
1149 2977 1275 3035 alacrius
1288 2974 1357 3035 redi·

775 3056 850 3119 rent,
864 3056 893 3108 et
916 3067 952 3107 ne
973 3050 1075 3121 iudaei,
1091 3065 1213 3121 quorum
1232 3065 1283 3106 rex
1299 3050 1356 3105 erat

774 3122 896 3191 iuturus,
910 3122 946 3179 ab
965 3137 999 3178 eo
1017 3120 1108 3195 ipsum
1128 3120 1355 3178 absconderent:

775 3195 857 3266 cujus
887 3208 1039 3266 personam
1073 3208 1171 3250 omnes
1203 3189 1356 3266 hypocrite

775 3270 884 3333 tenent,
899 3264 946 3336 qui
958 3265 1027 3320 dum
1037 3263 1103 3320 liele
1117 3265 1205 3320 Deum
1215 3264 1358 3334 quaeriinl,

775 3333 903 3392 invenire
926 3335 1005 3392 illum
1027 3350 1181 3406 numquam
1201 3338 1356 3390 merentur.

775 3409 809 3463 Et
835 3406 908 3463 sicut
932 3406 1059 3463 Herodes
1083 3406 1137 3463 sub
1171 3403 1264 3477 specie
1292 3402 1357 3486 reii-

795 3477 868 3535 '0nis
881 3477 970 3559 yoluit
995 3477 1125 3559 occidere
1148 3475 1304 3558 ebriatum,
1319 3488 1358 3556 sie

775 3551 1357 3690 attilii:dtltdltttbbtz

774 3694 894 3748 Rursum
928 3694 1117 3761 erucifiqeates
1145 3693 1177 3746 iri
1203 3690 1360 3760 semetipsis

774 3764 877 3818 Filiam
894 3765 954 3819 Dei.
975 3763 1058 3831 Nam,
1081 3762 1238 3818 secundum
1258 3759 1298 3818 (ir
1330 3774 1358 3816 c·

774 3836 859 3903 mam,
879 3832 1012 3891 simulata
1036 3831 1173 3889 sanctitas
1194 3836 1239 3888 est
1257 3830 1359 3904 dupes

775 3901 926 3976 iniquitas;
955 3909 984 3961 et
1011 3903 1166 3961 secundum
1198 3903 1360 3971 cbrpsosto

774 3991 859 4041 mam,
875 3975 980 4032 Herodi
993 3975 1099 4033 similes
1112 3989 1174 4031 esse
1191 3974 1358 4055 probantiu,

775 4046 824 4173 gui
839 4062 921 4104 sacra
945 4046 1144 4104 communione
1168 4049 1299 4128 mysteru
1316 4059 1363 4100 in·

776 4119 1049 4272 reddibit
1064 4117 1365 4271 litiattlttt

776 4265 830 4330 est,
845 4259 1021 4330 interimunt,
1031 4261 1111 4333 juxta
1129 4259 1200 4317 illud
1212 4258 1362 4331 Apostoli:
