2790 4912
113 228 146 312 io
512 258 622 312 iniria
648 259 767 314 iirrrrs
793 258 897 312 orror
923 258 942 308 r

118 380 226 435 sumus,
239 363 428 422 obumbratur
449 363 532 421 uobis
545 365 641 439 aliquo
656 383 704 424 re·
760 389 775 419 «
785 369 828 424 ita
842 364 1018 457 singulorum
1032 378 1153 436 quaque
1165 360 1197 420 in
1211 359 1341 445 miritae

117 434 234 494 tamine.
264 437 343 493 Unde
373 436 530 492 bernardus
555 457 563 493 :
591 459 606 490 «ι
634 439 705 506 Quia
759 454 846 511 opera
873 436 998 494 trinitas
1023 440 1168 507 operatur,
1194 446 1341 504 umcurqae

117 510 192 566 Deus
221 505 337 580 spiritus
359 511 413 575 est,
443 522 496 563 iios
521 524 588 566 vero
617 525 704 578 caro,
759 508 888 583 operanti
903 505 1122 580 cooperantibus
1138 505 1264 572 duobus,
1281 518 1341 560 oon·

117 581 220 637 umbra
232 577 360 650 corporis
373 577 417 635 sui
431 579 599 650 temperarit
613 597 644 637 se
656 597 706 637 no·
759 580 891 638 ueniente
912 579 942 636 iri
962 577 1052 634 tribus
1066 574 1169 648 agendi
1185 573 1340 642 concordii,

119 649 172 720 bis,
187 655 219 707 ut
232 650 345 721 objectu
364 648 482 706 vivificae
499 650 594 709 carnis
614 651 707 708 videa·
760 668 817 709 uon
832 651 862 707 in
878 666 936 709 uiro
951 647 1101 706 deficiente
1124 647 1256 705 efficacia
1268 661 1338 719 peri·

117 737 181 778 mus
191 721 314 778 Verbum
329 720 465 790 incarne,
476 721 565 779 solem
578 722 705 792 innube,
759 722 844 795 geudi
859 740 866 778 ε
881 743 895 773 »
912 722 973 778 haec
985 722 1171 789 itupustiaus.
1323 774 1325 779 .

118 792 213 849 lumen
229 791 257 848 iii
273 796 356 862 testa,
368 807 482 848 cereum
499 791 527 849 iii
542 792 673 851 laterna:
690 816 704 844 ir
797 816 830 852 ao
847 795 980 851 Crinrsrus
1001 809 1083 848 asera
1103 792 1225 848 Siamus
1250 808 1281 846 er
1303 790 1335 846 ii-

118 863 180 920 baec
193 864 359 920 bernardus.
376 863 456 931 Quod
471 870 566 921 autem
582 864 613 922 in
630 867 706 922 Prae·
760 883 819 923 mus
834 867 884 922 Dur
911 881 1042 921 vociruii.
1069 897 1089 904 -
1108 863 1226 934 Ideoque
1238 860 1336 989 w

119 933 224 991 iatione
247 936 341 991 Beatae
356 935 452 991 Mariae
477 935 615 992 canitur:
643 937 708 1005 Qua
760 943 887 994 noscetur
913 952 948 992 ee
975 943 1000 991 te
1026 936 1179 999 Sanctum,
1208 950 1242 989 oo
1294 935 1300 946 “

120 1010 146 1061 et
162 1008 340 1075 Uaiaeaitum
361 1023 440 1062 suum
470 1008 567 1064 Sancti
584 1006 708 1079 Spiritus
760 1010 849 1067 Filius
862 1010 933 1072 Deir
950 1023 1006 1063 non
1021 1003 1171 1076 adoptivus
1195 1003 1268 1062 sicut
1286 1001 1333 1071 itii,

120 1078 326 1133 obumbratione
347 1093 410 1133 eoae
445 1079 476 1145 it,
506 1094 564 1134 non
579 1083 624 1136 est
639 1094 707 1135 con·
762 1081 811 1136 sed
826 1077 975 1146 naturalis,
993 1076 1042 1148 qui
1063 1081 1160 1132 tamen
1185 1077 1222 1134 ab
1243 1079 1332 1132 erario

120 1146 240 1204 trarium
257 1147 323 1204 buic
338 1093 475 1219 quodessie
490 1148 708 1219 dicitur,obum·
762 1151 816 1209 iuit
839 1150 937 1217 titius,
965 1149 1015 1205 sed
1043 1163 1100 1204 riou
1127 1141 1334 1226 vocabaturtp}

120 1218 214 1275 bratio
233 1219 297 1276 fleri
310 1234 363 1291 per
376 1235 478 1292 corpus
493 1220 596 1278 Christi
618 1219 709 1294 appii·
764 1222 998 1281 manifestabatur
1022 1217 1136 1276 nomina
1164 1217 1270 1290 aliquo,
1293 1229 1333 1297 ma

121 1293 215 1347 catum
236 1289 331 1346 diriuo
347 1290 457 1347 lumini.
475 1293 544 1349 Cum
558 1292 634 1349 enim
652 1297 709 1348 tarn
764 1295 793 1351 in
827 1299 964 1364 tempore.
997 1291 1081 1358 Quasi
1109 1289 1218 1346 diceret
1246 1307 1253 1344 :
1280 1287 1339 1355 Qori

121 1359 208 1418 Filius
220 1377 304 1433 quarn
316 1361 438 1434 Spiritus
453 1364 573 1420 Sanctus
586 1363 642 1421 sint
657 1362 712 1419 rir·
764 1365 840 1423 cuim
856 1361 1016 1420 fecundaris
1030 1360 1133 1417 virtute
1149 1360 1269 1433 Spiritus
1283 1359 1338 1416 Sat·

122 1436 196 1489 tutes
212 1433 350 1503 Patris,et
362 1450 411 1490 cor
432 1451 464 1490 us
479 1434 581 1492 Christi
598 1433 712 1505 utrique
766 1437 813 1503 cti,
841 1451 898 1491 non
918 1434 1027 1505 prolem
1042 1431 1094 1488 viri
1113 1430 1275 1504 generabis,
1300 1423 1340 1486 set

121 1502 219 1586 uirtuti
233 1504 394 1586 conveniat²
412 1450 484 1562 gilio
505 1511 650 1577 tamquam
667 1503 712 1561 cui
766 1508 866 1565 Filium
890 1505 939 1562 Dei
967 1523 974 1560 :
1002 1502 1069 1575 quia
1096 1519 1153 1559 nori
1174 1518 1209 1561 ex
1237 1499 1341 1559 libidine

120 1580 243 1645 unitur,
277 1576 393 1647 spiritur
435 1577 536 1633 Sancto
568 1581 713 1648 amquam
767 1577 920 1649 concipies,
943 1575 1007 1633 ideo
1029 1590 1087 1631 uon
1107 1580 1286 1646 peccatorem
1303 1564 1341 1628 sei

126 1645 714 1791 titiitittuttttttdtttitd
769 1647 1158 1790 ititttiitttitittt
1172 1654 1341 1774 titud

129 1785 197 1843 ritui
220 1788 322 1844 Sancto
337 1788 489 1845 convenire
503 1794 606 1861 potest.
626 1792 659 1847 Et
674 1793 715 1845 at·
771 1791 873 1861 «Quid
897 1794 940 1847 est
959 1789 1063 1855 dicere,
1083 1787 1218 1859 quoniam
1242 1802 1301 1843 non
1319 1782 1341 1840 dt

129 1858 214 1940 tende
240 1858 381 1940 quomodo
398 1858 456 1941 'bic
478 1861 601 1942 Angelus
626 1866 716 1918 totam
769 1862 895 1932 homino,
911 1861 961 1918 sed
981 1861 1016 1917 de
1043 1859 1148 1931 Spiritu
1168 1860 1273 1941 Sancto
1291 1871 1341 1913 oon

130 1931 297 1985 Trinitatem
328 1929 435 2000 Virgini
464 1931 562 1988 edidit.
590 1932 717 1989 Primum
770 1935 794 1993 ci
817 1934 881 1991 ies?
909 1930 1057 2004 Concipies
1089 1936 1183 1987 autem
1217 1930 1341 1986 Virtuten

131 2014 254 2071 namque
274 1999 410 2072 Spiritum
433 2003 565 2061 Sanctum
590 2004 642 2061 sub
665 2019 717 2060 no·
770 1952 982 2074 Afiissimiboc
995 2001 1147 2060 esti'ilium
1163 2000 1230 2069 Dei3
1243 2000 1341 2070 ideoou

130 2070 207 2153 miae
226 2071 340 2154 proprio
365 2079 589 2143 commemorat,
615 2074 718 2132 deinde
771 2086 796 2134 et
816 2078 889 2148 quod
900 2080 1027 2132 noscetur
1045 2091 1078 2131 ee
1091 2080 1126 2137 te,
1143 2072 1172 2130 id
1185 2077 1241 2140 est,
1259 2087 1295 2128 ex
1311 2075 1341 2126 tu

132 2143 233 2199 Filium
262 2158 378 2200 nornine
406 2144 533 2214 Virtutis,
563 2150 591 2202 et
619 2161 718 2203 conse·
772 2166 839 2206 vera
880 2152 1005 2214 natura,
1032 2147 1186 2209 Sanctum,
1216 2143 1341 2224 uocabitu

132 2218 254 2285 quanter
283 2216 396 2272 Patrem
426 2216 543 2274 nomine
582 2215 718 2274 ditissimi
772 2224 859 2277 Filius
877 2222 935 2283 Dei,
952 2217 981 2274 id
1000 2221 1053 2283 est,
1072 2232 1129 2272 uon
1147 2216 1240 2272 solum
1262 2210 1341 2286 quid

133 2283 267 2366 insinuat.
291 2285 337 2342 Sic
363 2303 442 2358 ergo,
470 2292 500 2344 ut
523 2292 637 2347 notetur
659 2293 719 2344 totu
773 2291 948 2348 sinu'i'atris
967 2289 997 2344 irr
1020 2293 1132 2344 uterum
1148 2293 1228 2343 tuum
1242 2283 1341 2341 venien

133 2356 720 2433 Trinitasiecisselucaimationem,appro
773 2360 954 2419 obumbrabit
969 2358 1031 2427 tibi,
1056 2357 1208 2415 sedetiam
1231 2356 1260 2413 id
1284 2370 1341 2427 quo

133 2426 208 2499 priat
230 2428 284 2485 boc
315 2428 429 2501 Spiritui
458 2432 560 2491 Sancto
585 2434 719 2488 incarna-
773 2435 808 2490 de
823 2439 871 2490 tua
885 2430 1044 2488 substantia
1053 2429 1172 2486 sociabit
1181 2426 1341 2497 sibi,exho

134 2497 220 2556 tionis
252 2502 503 2572 cooperationem,
532 2519 596 2560 cum
625 2501 693 2559 dicit
711 2519 718 2557 ε
770 2504 984 2578 jamoocabi'tur
1000 2504 1162 2567 Pitiniana,
1177 2498 1341 2571 quemadmt

133 2572 257 2643 Spiritus
282 2573 399 2630 Sanctus
424 2578 597 2646 superueniet
620 2577 649 2631 ia
673 2579 719 2639 ter
773 2577 841 2633 dum
858 2580 887 2632 et
900 2574 924 2630 is
939 2573 986 2646 qui
1002 2575 1111 2630 aPatre
1125 2577 1169 2628 est
1184 2576 1252 2628 ante
1267 2566 1341 2627 secut

135 2642 185 2700 sed
208 2642 277 2700 Filio
292 2643 385 2700 carnis
405 2661 500 2702 assum
521 2645 639 2715 tionem,
657 2659 721 2701 cum
793 2646 896 2713 enitris,
911 2650 975 2701 tuus
990 2659 1104 2715 quoque
1122 2641 1225 2700 amodo
1246 2642 1341 2713 reputt

135 2713 266 2797 subditur
282 2718 341 2771 :Et
358 2718 448 2771 uirtus
470 2662 613 2798 Augustae·
625 2717 722 2797 ,obum-
774 2665 851 2775 ssitur
863 2716 957 2773 Filius.
968 2714 1012 2797 Sia
1027 2721 1121 2772 autern
1134 2719 1163 2770 et
1177 2712 1341 2785 quadratur

136 2784 228 2839 brabit
248 2785 319 2852 tibi,
338 2784 389 2841 sed
421 2787 497 2842 Patri
523 2792 722 2844 auctoritatem
776 2794 818 2847 est
832 2805 864 2844 err
878 2788 951 2860 ipso,
968 2791 1021 2843 erit
1045 2794 1120 2855 tuus,
1136 2790 1165 2842 et
1186 2783 1264 2856 quod
1283 2798 1318 2839 ax
1336 2786 1341 2836 t

136 2869 201 2911 cum
216 2853 294 2922 dicit,
310 2856 460 2912 ditissimi.
481 2859 626 2915 Exootsum
642 2873 722 2914 nani·
777 2864 910 2916 nascetur
924 2857 979 2914 erit
992 2858 1071 2928 ejus;
1087 2864 1115 2913 ut
1131 2861 1225 2912 tamen
1239 2850 1342 2911 norisii

137 2940 192 3008 que
207 2925 414 2982 incarnationis
426 2927 722 2998 opustotiusTrinita·
777 2932 833 2988 duo
849 2928 912 2998 titii,
929 2929 1070 2986 sedunus.
1087 2930 1121 2984 Et
1137 2926 1202 2983 iicet
1216 2924 1341 2995 aliudqu

138 3001 176 3052 trs
201 2995 263 3064 tuit,
286 2996 352 3068 quia
374 2996 446 3054 sicut
470 3014 610 3070 personae,
635 2998 676 3056 sic
697 3003 725 3055 ct
777 3003 883 3060 demex
894 3007 932 3068 te,
949 3000 1025 3057 aliud
1036 3015 1070 3055 err
1080 2998 1129 3055 illo
1142 2998 1189 3066 sit,
1195 2998 1258 3070 jam
1268 2999 1341 3053 tame

139 3081 227 3149 opera
241 3066 387 3150 Trinitatis
401 3067 604 3141 inseparabilia
618 3075 685 3127 suut
697 3074 726 3127 et
778 3090 835 3130 noa
854 3073 990 3144 cu'usque
1016 3087 1094 3139 suus,
1122 3070 1173 3126 sed
1198 3083 1275 3125 unos
1298 3070 1341 3123 uti

141 3138 263 3194 indivisa
286 3157 293 3194 :
313 3143 352 3195 ita
379 3143 410 3196 ut
435 3139 573 3212 quidquid
593 3147 727 3215 operatur
779 3161 868 3217 usque
887 3089 963 3200 iilius
987 3142 1041 3200 erit
1061 3160 1067 3197 :
1085 3163 1099 3192 »
1117 3141 1179 3197 iiaec
1197 3136 1341 3197 beuardu

141 3225 198 3266 uria
212 3226 346 3282 persona,
361 3218 531 3283 opereturet
545 3212 610 3283 alia,
626 3228 726 3285 quam·
780 3219 813 3272 Et
836 3219 904 3271 nota
926 3215 1000 3287 quod
1026 3212 1094 3269 dicit
1122 3214 1268 3278 Sanctum,
1284 3209 1341 3290 aba

141 3280 184 3338 vis
198 3282 274 3338 solus
289 3281 375 3339 Filius
389 3282 473 3339 tuerit
484 3280 659 3352 incarnatus,
674 3299 726 3341 nec
779 3287 839 3342 tute
850 3291 879 3342 et
889 3284 1063 3341 substantive
1072 3285 1179 3355 absque
1192 3282 1341 3338 determina

143 3354 237 3423 Pater,
253 3369 305 3411 nec
333 3353 453 3425 Spiritus
474 3357 605 3424 Sanctus;
625 3360 657 3412 ut
677 3371 728 3428 per
780 3357 874 3426 tioae;
894 3355 962 3426 quia
986 3356 1009 3411 si
1036 3356 1142 3412 diceret
1170 3357 1271 3410 sancta
1291 3366 1341 3433 car

143 3425 272 3481 eamdem
293 3426 463 3551 sapientiam
481 3441 540 3500 qua
555 3429 629 3484 Deus
650 3442 729 3483 mnn-
781 3434 895 3486 sauctus
909 3427 1006 3495 bomo,
1021 3427 1065 3483 vol
1078 3425 1193 3497 aliquod
1207 3420 1341 3481 consimri

26 3534 32 3539 -
141 3495 210 3551 dum
232 3496 314 3551 condi
337 3502 408 3565 erat,
428 3498 570 3569 reparatio
591 3498 683 3567 tieret,
701 3502 731 3554 et
781 3515 883 3572 parum
898 3498 1042 3555 videretur
1056 3497 1171 3565 dixisse,
1187 3510 1239 3552 nec
1255 3504 1341 3567 erpra

78 4376 120 4568 i

143 3565 191 3693 gui
207 3565 256 3622 Dei
274 3566 359 3623 Filius
369 3573 431 3624 erat
449 3567 478 3625 in
495 3568 652 3638 divinitate,
668 3568 729 3641 ipsc
783 3571 867 3628 sisset
880 3568 1059 3626 sanctitatem
1074 3570 1135 3640 ejus
1146 3565 1303 3646 complete..
1318 3565 1341 3621 u

165 3634 219 3692 iius
243 3637 366 3694 bominis
390 3638 473 3695 tieret
493 3639 727 3708 inhumanitate,
783 3642 840 3699 suit
857 3657 925 3713 ergo
940 3639 1088 3696 indefinite
1103 3644 1131 3696 et
1151 3637 1341 3695 indetermma

142 3722 179 3763 rie
208 3706 269 3763 Filii
294 3724 398 3765 nornen
418 3710 454 3766 ad
473 3710 560 3767 alium
584 3711 729 3779 transiret,
784 3716 928 3781 Sanctum,
963 3711 1030 3782 quia
1055 3709 1192 3782 quidquid
1216 3706 1269 3765 ruit
1297 3722 1341 3779 qni

144 3776 192 3850 qui
217 3794 275 3834 non
297 3785 372 3836 esset
394 3779 480 3837 Filius
499 3786 606 3839 aeterna
629 3781 730 3839 nativi·
784 3782 986 3855 virgogenuit,
999 3776 1341 3855 proculdubioacsingui

143 3852 212 3906 tate.
245 3852 279 3906 iit
306 3851 443 3907 babemus
471 3850 562 3909 simile
581 3853 617 3909 de
640 3853 732 3910 tribus
784 3855 854 3911 riter
871 3857 1003 3911 Sanctum
1022 3853 1084 3910 tuit.

144 3920 331 3978 induentibus
344 3938 431 3978 unum
450 3921 485 3978 de
509 3922 677 3995 semetipsis,
695 3924 731 3980 dc
822 3947 852 3982 ar
869 3928 996 3981 Exsurno
1011 3927 1161 3981 Eusiaarii
1175 3937 1341 3979 ennarrans

146 3990 316 4074 quibusdici
330 3997 432 4075 potest,
449 3995 524 4064 quod
538 3994 731 4052 omnessimui
786 4015 849 4053 ressa
864 4013 1030 4052 iiiiossmrra
1045 4014 1114 4053 arun
1130 3994 1218 4052 Danu.
1234 4026 1269 4035 -
1291 3994 1341 4049 Etr

145 4078 262 4119 unicum
290 4064 396 4120 iaciunt
422 4079 506 4146 opus;
536 4071 565 4122 et
597 4065 733 4138 quidquid
786 4068 871 4138 Virgo
886 4068 921 4124 de
940 4073 1022 4140 partu
1038 4067 1066 4123 iri
1082 4066 1177 4138 aliquo
1196 4065 1341 4137 desperari

147 4132 215 4192 iacit
230 4150 314 4202 unus,
327 4134 394 4191 iacit
407 4133 495 4192 airus·
511 4152 569 4193 non
581 4140 677 4193 tamea
689 4136 732 4193 in·
786 4145 815 4195 et
829 4143 861 4195 ut
874 4139 961 4195 iidem
981 4139 1110 4210 exempto
1125 4135 1250 4210 Angelus
1266 4142 1341 4193 astro

147 4204 244 4263 duitur
264 4204 319 4262 nisi
334 4222 416 4263 rinus.
438 4179 517 4264 Unde
531 4209 705 4277 Aupurtiaus
724 4228 733 4264 ε
789 4216 832 4268 ret
847 4215 876 4266 et
891 4210 1084 4278 confirmaret,
1093 4208 1253 4282 exemptum
1269 4205 1338 4265 steri
