2790 4912
525 304 638 360 ruistis
665 304 784 360 Pluris
811 305 916 359 CAPUT
944 306 1017 360 XLII

802 427 871 493 ergo
893 411 1028 469 Centurio
1046 427 1099 485 pro
1127 427 1217 496 puero
1236 429 1283 470 suo
1389 488 1391 499 ,

146 417 178 472 ln
193 413 295 470 itinere
310 417 406 470 autern
420 413 507 469 verbo
527 411 637 469 sanarit
661 426 739 480 eum,

148 504 185 544 ne
202 491 351 559 putaretur
377 484 418 541 ire
440 482 626 555 corporaliter
639 483 676 539 ob
691 484 742 538 im-

146 559 314 634 potentiam,
326 561 354 612 et
366 557 465 612 nonob
478 554 674 610 humilitatem.
691 555 741 611 llic

150 627 390 688 considerandum
409 631 452 682 est
476 630 612 697 quantum
629 624 740 682 unicui-

151 717 208 773 que
223 701 294 756 ssdes
305 699 396 754 valeat
408 697 534 769 propria,
546 697 660 768 quando
674 700 739 752 tan-

149 777 209 830 tum
245 769 331 827 valuit
356 767 478 824 aliena:
525 784 591 825 nam
623 776 741 840 propter

147 844 233 901 tidem
255 837 433 900 Centurionis
454 839 561 896 sanitas
583 855 672 912 puero
696 844 740 896 cst

148 914 269 973 reddita.

181 987 361 1042 Siluurnrrns
377 984 489 1050 Dorum,
518 999 562 1037 nic
586 999 666 1038 arran
684 1000 739 1039 nou

144 1056 739 1125 noomansenrunCsnrunronrsrnaronun·

144 1146 201 1198 r1s;
221 1145 254 1184 sc
270 1145 370 1183 rossan
388 1144 423 1183 no
439 1143 533 1182 rinion
546 1143 644 1182 aueum
658 1144 738 1182 arran

143 1199 739 1258 eunesssrnoonrusinsusurrans-Con-

144 1271 240 1328 sidera
254 1270 339 1328 etiam
352 1269 397 1325 hic
408 1268 598 1326 humilitatem
613 1268 736 1339 Domini,

146 1343 214 1416 quia
237 1342 274 1399 ad
294 1358 406 1398 serrum
432 1340 621 1407 centurionis,
650 1342 737 1396 etiam

143 1430 202 1471 non
227 1417 353 1485 rogatus,
370 1413 410 1468 ire
425 1418 543 1539 paratus
561 1410 632 1480 lnit3
648 1411 684 1467 ad
702 1412 737 1467 fl·

143 1484 212 1542 lium
232 1491 328 1543 autem
346 1483 454 1556 Regni,
473 1484 579 1555 dequo
599 1482 673 1538 intra
697 1483 738 1539 di·

145 1561 234 1626 cetur,
250 1558 330 1628 quasi
345 1571 478 1682 pompam
495 1553 637 1627 refugiens
649 1556 736 1611 etiam

142 1633 272 1700 rogatus,
303 1626 344 1682 ire
372 1626 472 1683 nouit.
492 1628 624 1682 Excelsus
647 1625 734 1695 enim,

141 1701 274 1755 Dominus
287 1700 405 1753 humilia
428 1698 463 1753 de
491 1713 578 1769 prope
597 1700 734 1769 respicit:

142 1774 169 1826 et
183 1773 253 1839 atto,
268 1769 297 1825 id
316 1775 359 1825 est
371 1770 503 1841 superba,
519 1771 623 1838 alonae
636 1785 734 1837 eopno-

141 1843 204 1906 scit,
217 1841 247 1897 id
263 1847 306 1897 est
321 1842 484 1897 contemnit.
502 1843 533 1895 ln
553 1855 620 1911 quo,
636 1855 735 1897 secun-

142 1912 210 1969 dum
234 1914 405 1981 (trepontum,
420 1912 553 1984 superbia
577 1917 675 1967 nostra
687 1928 733 1967 re-

141 1983 271 2039 tunditur
287 1988 316 2038 et
330 1983 504 2053 increpatur,
520 1982 567 2053 qui
595 1998 732 2054 personas

142 2052 732 2124 acceptandoinhominibus,nonnaturam

66 2169 71 2179 .
142 2124 249 2195 quaad
276 2123 429 2193 imaginem
445 2123 494 2178 Dei
514 2123 580 2179 lacti
606 2125 730 2193 luerunt,

139 2194 191 2252 sed
213 2195 337 2250 honores
358 2199 386 2249 ct
411 2193 523 2249 divitias
551 2209 730 2251 veneramur.

140 2267 211 2322 Ecce
221 2266 256 2321 de
265 2265 421 2322 coelovenit
433 2265 580 2335 Dominus,
590 2264 638 2336 qui
647 2282 730 2322 servo

141 2353 290 2395 occurrero
308 2336 338 2392 in
362 2343 468 2398 terram
482 2353 539 2393 non
557 2336 685 2409 despicit,
703 2344 731 2394 et

140 2415 237 2466 tamen
254 2426 307 2465 nos
322 2407 465 2465 humiliari
478 2407 506 2464 in
528 2413 604 2465 terra
618 2413 730 2466 contem

139 2480 245 2550 nimus,
256 2481 304 2552 qni
321 2481 356 2536 do
367 2481 562 2537 terrosumusl
579 2480 651 2547 Quid
662 2497 729 2538 raro

140 2553 216 2624 apud
244 2554 330 2609 Deum
347 2552 440 2620 vitius,
462 2551 607 2624 quidesse
628 2552 729 2624 despe-

138 2624 212 2679 ctius
231 2629 334 2696 potest,
360 2639 445 2695 quam
460 2639 575 2680 servare
592 2624 730 2680 honorem

138 2695 213 2766 apud
227 2695 368 2763 homines,
381 2701 409 2751 et
423 2694 525 2751 interni
538 2695 617 2751 testis
633 2695 731 2752 oculos

137 2782 196 2822 non
212 2765 331 2823 timeret
356 2768 434 2823 Unde
449 2767 611 2822 Ambrosius
631 2786 639 2821 :
659 2787 672 2819 n
688 2768 730 2823 Ad

138 2837 237 2918 Reguli
247 2838 336 2893 tilium
348 2838 438 2894 noluit
446 2854 573 2909 pergere,
586 2855 621 2894 ne
634 2837 663 2894 in
678 2840 731 2896 Re·

136 2908 195 2978 guli
210 2908 269 2964 filio
284 2908 429 2964 videretur
447 2908 538 2980 magis
557 2909 663 2966 divitiis
678 2910 728 2967 de-

135 2977 249 3045 tulissc;
259 2978 303 3033 hic
314 2979 374 3049 ipse
386 2980 519 3049 perrexit,
531 2996 566 3036 ne
580 2980 726 3039 videretur

134 3047 728 3116 inCenturionisfamulo,conditionemde-

135 3117 260 3191 spexisse
275 3119 420 3186 seruilem,
436 3119 617 3188 omnisenim,
627 3139 727 3180 servus

133 3197 162 3247 et
176 3190 258 3258 tiber,
275 3190 304 3246 in
326 3190 437 3248 Christo
462 3207 549 3248 unum
571 3208 668 3249 sumus
685 3212 692 3250 :
710 3215 724 3250 o

133 3263 195 3320 haec
207 3265 381 3320 Ambrosius.

167 3359 182 3408 7
203 3338 233 3393 In*
244 3337 416 3393 Csnrunrons
431 3353 506 3391 sines
521 3336 644 3409 Cenrrun
657 3355 725 3395 rnn-

129 3423 291 3465 rrounnrun.
324 3439 353 3448 —
381 3411 412 3463 ln
451 3408 621 3465 Centurione
653 3410 724 3467 tides

131 3479 262 3536 Gentium
290 3479 499 3551 praefiguratur,
519 3484 547 3535 et
581 3497 631 3552 por
658 3498 722 3538 eum

129 3551 261 3621 primitia
277 3556 305 3607 et
330 3550 413 3608 electi
433 3549 467 3607 do
487 3550 624 3608 Gentibus
650 3552 723 3608 desi-

128 3628 263 3690 gnantur,
285 3622 332 3694 qui
354 3621 433 3693 quasi
450 3623 613 3679 centenario
630 3623 721 3681 milite

128 3692 234 3770 stipati,
248 3693 381 3750 rirtntum
390 3692 562 3766 perfectione
575 3699 639 3751 sunt
654 3696 720 3753 sub·

127 3760 219 3831 limes,
236 3765 384 3822 credentes
412 3766 440 3820 in
457 3764 609 3834 Christum,
626 3770 653 3822 et
678 3768 719 3823 la-

127 3831 264 3889 borantes
290 3837 325 3891 ad
353 3836 567 3893 conversionem
586 3836 718 3895 aliorum.

128 3903 207 3984 Unde
225 3908 365 3974 Remipius
386 3926 392 3962 :
412 3929 424 3960 a
442 3910 496 3964 Per
520 3908 718 3967 Centurionem

125 3973 320 4056 designantur,
347 3978 395 4049 qui
423 3979 506 4049 primi
531 3997 563 4037 ox
582 3979 719 4039 Gentibus

125 4047 318 4116 crediderunt,
337 4055 365 4103 et
380 4050 496 4119 perlecti
522 4050 717 4109 invirtutibus

124 4118 248 4175 luerunt.
279 4119 411 4175 Centurio
436 4120 511 4178 enim
539 4122 642 4180 dicitur
668 4127 718 4205 qut

123 4195 230 4246 centum
244 4190 381 4246 militibus
393 4197 511 4261 praeeat3
536 4203 715 4252 centenarius

121 4266 219 4319 autem
232 4277 367 4319 numerus
381 4261 584 4334 perlectusest.
602 4268 713 4325 allecte

802 497 868 553 quia
893 482 1027 555 primitiae
1054 485 1200 552 Centrum,
1247 501 1275 542 ro

801 554 887 610 totius
900 554 1072 612 Gentilitatis
1084 558 1142 613 Deo
1156 501 1352 629 snppficarercnt
1373 553 1395 642 ᾗ

802 626 835 681 Et
847 623 869 681 si
888 624 1043 698 opponitur
1061 627 1097 684 de
1112 627 1213 699 Magis,
1236 627 1281 700 qui
1294 629 1352 699 prino
1384 639 1385 642 ’

801 696 922 755 Domino
944 697 1137 767 crediderunt,
1165 699 1353 781 responderim
1373 707 1374 710 ’

801 769 878 849 quod
900 768 1034 826 Centurio
1053 769 1159 827 dicitur
1173 769 1294 842 primitie
1306 771 1355 828 den·

800 843 882 908 trum,
903 839 971 912 quia
994 840 1106 923 primus
1129 842 1247 898 credidit
1269 841 1354 899 anulo

800 910 928 981 edoctus,
947 911 1001 968 nisi
1024 928 1042 968 a
1067 912 1174 985 Spiritu
1190 916 1293 970 Sancto.
1305 911 1356 984 lagi

800 997 867 1038 vero
882 981 934 1039 etsi
965 982 1356 1052 rimicredidernnt‚edoctita
1385 983 1395 1045 i

799 999 1354 1135 menperlissrosBalaametpernorastel·
1386 1050 1395 1117 i

797 1124 832 1181 1ae
843 1125 988 1182 indicium.
1004 1126 1179 1209 ipsisautem
1186 1127 1354 1184 Gentibuscor·

798 1196 905 1323 foralis
919 1198 1022 1253 Christi
1030 1198 1183 1270 praesentia
1192 1215 1245 1254 non
1254 1198 1354 1255 exhibita·

810 1267 1353 1342 uit;sedverbumfideiperdpostoloseis
1387 1333 1389 1338 ,

799 1338 886 1410 misit,
904 1339 1158 1397 utabinfidelitatc
1173 1346 1328 1397 sanarentur.
1387 1340 1395 1429 j

835 1414 851 1466 8
869 1413 899 1468 ln
910 1429 972 1467 arus
992 1429 1077 1467 scnvo
1095 1430 1252 1468 rncciroms
1265 1428 1351 1469 nsnnu
1388 1435 1395 1505 Ι

797 1481 1002 1551 —Moraliter,
1038 1500 1069 1540 er
1085 1483 1171 1541 istum
1183 1483 1350 1557 puerumCen·
1389 1507 1395 1572 1

798 1553 918 1610 turionis
931 1553 1002 1626 signi
1027 1560 1107 1611 catur
1118 1562 1258 1627 peccator,
1267 1560 1352 1627 propter
1390 1569 1395 1615 i

797 1630 920 1695 quatuor
937 1625 1012 1682 mala
1026 1642 1088 1698 quae
1109 1632 1239 1699 peccator
1255 1623 1351 1694 incurrit,
1391 1619 1395 1638 '

797 1711 860 1767 quae
876 1696 1061 1768 designantur
1082 1699 1110 1754 in
1126 1705 1246 1770 quatuor
1266 1694 1351 1754 conditi

796 1767 910 1838 onibus,
927 1784 990 1840 qua
1011 1768 1046 1825 de
1066 1769 1120 1826 isto
1142 1786 1229 1842 puero
1243 1768 1283 1825 liic
1302 1765 1350 1823 scri·

796 1838 910 1895 buntur.
925 1871 956 1880 -ω
970 1840 1096 1897 Primum
1111 1842 1216 1898 matum
1228 1846 1351 1913 peccatoris

795 1915 838 1966 est
861 1911 981 1968 servitus
1004 1914 1124 1984 peccati,
1145 1913 1173 1968 id
1193 1919 1234 1969 est
1254 1907 1351 1984 pmnitas

794 1981 831 2038 ad
856 1983 1044 2054 peccandum;
1068 1989 1097 2040 et
1112 1989 1261 2057 propterea
1277 1980 1352 2038 dicitu

794 2052 829 2108 de
844 2069 931 2125 puero
942 2053 1007 2122 isto,
1018 2055 1169 2126 quoderat
1183 2071 1284 2111 servus.
1296 2050 1352 2109 Unde

792 2125 927 2182 loannes:
943 2127 1038 2181 Omnis
1049 2129 1176 2197 pulsarit
1181 2132 1352 2198 percolamus

793 2201 891 2253 uusest
903 2200 1017 2268 peccati.
1035 2198 1113 2254 Unde
1125 2205 1153 2254 ct
1163 2200 1275 2255 Petrus:
1288 2196 1351 2265 tou

792 2271 1068 2338 ptrissuperotusest,
1085 2271 1207 2339 injacet
1222 2270 1350 2325 seruusut.

793 2338 872 2395 Unde
881 2338 966 2395 etiam
976 2342 1165 2409 dupuatinus:
1175 2364 1188 2393 n
1199 2339 1351 2397 Peccatorest

791 2426 889 2466 servus
900 2415 941 2466 tot
951 2410 1143 2480 dominorum,
1154 2418 1222 2483 quot
1237 2411 1349 2486 vitiemur·

792 2482 940 2538 Peccatum
960 2487 1054 2539 autem
1073 2499 1136 2539 cnm
1161 2482 1266 2539 homini
1284 2481 1350 2537 donn·

792 2557 886 2622 natur,
907 2553 974 2609 tacit
989 2570 1054 2610 eum
1069 2571 1192 2626 pronum
1213 2555 1248 2612 ad
1256 2565 1351 2636 perran-

790 2623 869 2694 dum,
888 2629 918 2680 nt
932 2641 965 2681 ex
978 2642 1035 2682 uno
1048 2632 1164 2697 peccato
1178 2626 1214 2682 ad
1228 2624 1297 2682 aliud
1308 2628 1350 2699 ten·

790 2696 848 2751 dat.
870 2697 1021 2753 Peccatum
1038 2696 1124 2754 etiam
1140 2698 1256 2754 ulterius
1264 2694 1349 2771 dednrrt

790 2767 826 2822 ad
846 2767 931 2824 aliam
944 2768 1120 2837 seruitutem,
1136 2769 1242 2826 scilicet
1253 2762 1347 2842 diaboti:

790 2837 858 2910 quia
890 2840 1029 2911 superbus
1051 2845 1095 2897 est
1120 2857 1218 2897 servus
1244 2836 1347 2914 Lucitep.
1386 2866 1390 2873 ·

789 2925 892 2967 avarus
906 2917 947 2967 est
956 2927 1054 2967 servus
1067 2911 1246 2980 itanimonis,
1256 2911 1349 2967 torono·

789 2997 838 3038 sus
862 2988 905 3038 est
937 2999 1036 3039 servus
1067 2982 1213 3052 dsmodei,
1239 2988 1347 3040 etc·-

788 3054 949 3110 Secundum
966 3054 1071 3110 malum
1091 3061 1134 3111 est
1159 3045 1348 3126 impotentiaad

788 3126 859 3181 bene
887 3126 1074 3197 operandum,
1106 3126 1183 3197 quod
1202 3124 1349 3198 significatur

786 3210 838 3266 per
851 3196 1008 3267 jacentem3
1026 3197 1102 3253 unde
1121 3197 1225 3253 dicitur
1242 3197 1349 3272 istepttl

781 3267 879 3338 jacere
894 3268 921 3323 in
943 3268 1047 3325 domo:
1065 3269 1195 3340 jacentes
1214 3258 1348 3325 enimnrhtl

785 3343 951 3410 operantur,
968 3339 1012 3396 vel
1029 3339 1141 3412 operari
1155 3345 1280 3412 possunt.
1291 3332 1348 3418 lacet

784 3415 879 3466 autem
910 3416 1042 3482 peccator
1067 3411 1223 3482 aliquando
1249 3411 1277 3468 in
1302 3416 1349 3486 illl

783 3480 947 3550 iracundia,
961 3482 1114 3554 aliquando
1127 3483 1157 3538 in
1173 3484 1232 3540 luto
1246 3483 1348 3539 luxuria,

783 3552 935 3625 aliqnando
950 3552 979 3609 in
994 3553 1085 3626 spinis
1098 3554 1236 3611 avaritiae.
1253 3555 1283 3610 ΕΙ
1296 3553 1348 3608 bone

782 3623 886 3681 dicitur
908 3626 1015 3697 jacere,
1037 3625 1105 3698 quia
1130 3626 1239 3683 nullum
1267 3626 1350 3681 bonna

781 3695 958 3753 meritorium
987 3702 1079 3768 potest
1107 3697 1230 3768 operari.
1250 3727 1284 3738 -
1304 3695 1351 3769 les·

780 3767 851 3823 tium
868 3768 974 3824 malum
987 3774 1030 3824 est
1042 3768 1163 3825 timoret
1178 3774 1293 3836 tremor,
1303 3773 1351 3836 ulit

779 3854 893 3910 semper
912 3844 956 3895 est
971 3846 1101 3910 peccator
1118 3839 1147 3896 in
1167 3841 1280 3902 timore,
1294 3829 1352 3910 qltd

779 3926 830 3982 per
844 3910 998 3982 paralysim
1019 3910 1195 3983 designatur,
1220 3929 1254 3969 ex
1269 3903 1353 3983 qual}

779 3981 927 4038 dissolutio
947 3989 976 4038 et
994 3986 1102 4039 tremor
1119 3986 1318 4041 membromm.
1333 3976 1354 4032 St

777 4052 971 4110 enimdicatur
982 4055 1136 4126 peccatori,
1150 4061 1182 4112 ut
1195 4057 1243 4113 det
1253 4054 1356 4112 eleana

776 4140 888 4198 synam,
904 4129 953 4182 aut
971 4125 1046 4182 male
1060 4125 1201 4197 acquisita
1220 4127 1264 4183 vel
1278 4123 1358 4181 ablata

768 4196 917 4266 restituat,
943 4196 1025 4253 timet
1051 4213 1087 4252 ne
1116 4197 1170 4254 sibi
1198 4197 1323 4262 deliciat;
1338 4187 1357 4245 si

774 4267 885 4325 dicatur
900 4269 976 4340 quod
1002 4269 1127 4342 jejunet,
1151 4269 1235 4329 timet
1250 4285 1286 4328 ne
1307 4277 1359 4324 esu·
