<?xml version="1.0" encoding="UTF-8"?>
<!DOCTYPE html PUBLIC "-//W3C//DTD XHTML 1.0 Transitional//EN"
    "http://www.w3.org/TR/xhtml1/DTD/xhtml1-transitional.dtd">
<html xmlns="http://www.w3.org/1999/xhtml" xml:lang="en" lang="en">
 <head>
  <title>
</title>
<meta http-equiv="Content-Type" content="text/html;charset=utf-8" />
  <meta name='ocr-system' content='tesseract 3.04.00' />
  <meta name='ocr-capabilities' content='ocr_page ocr_carea ocr_par ocr_line ocrx_word'/>
</head>
<body>
  <div class='ocr_page' id='page_1' title='image "./vitajesuchristi02ludogoog_0197.png"; bbox 0 0 2790 4912; ppageno 0'>
   <div class='ocr_carea' id='block_1_1' title="bbox 505 109 1323 173">
    <p class='ocr_par' dir='ltr' id='par_1_1' title="bbox 505 109 1323 173">
     <span class='ocr_line' id='line_1_1' title="bbox 505 109 1323 173; baseline 0.01 -8"><span class='ocrx_word' id='word_1_1' title='bbox 505 109 547 165; x_wconf 73' lang='lat' dir='ltr'><strong>ll!</strong></span> <span class='ocrx_word' id='word_1_2' title='bbox 574 110 743 168; x_wconf 73' lang='lat' dir='ltr'><strong>barrisno</strong></span> <span class='ocrx_word' id='word_1_3' title='bbox 769 112 905 168; x_wconf 71' lang='lat' dir='ltr'><strong>bouill.</strong></span> <span class='ocrx_word' id='word_1_4' title='bbox 1278 120 1323 173; x_wconf 81' lang='lat'><strong>185</strong></span> 
     </span>
    </p>
   </div>
   <div class='ocr_carea' id='block_1_2' title="bbox 31 216 1325 4119">
    <p class='ocr_par' dir='ltr' id='par_1_2' title="bbox 31 216 1325 511">
     <span class='ocr_line' id='line_1_2' title="bbox 129 216 1325 291; baseline 0.007 -19"><span class='ocrx_word' id='word_1_5' title='bbox 129 216 259 273; x_wconf 75' lang='lat' dir='ltr'><strong>edormi</strong></span> <span class='ocrx_word' id='word_1_6' title='bbox 286 230 459 272; x_wconf 78' lang='lat' dir='ltr'><strong>uummriris</strong></span> <span class='ocrx_word' id='word_1_7' title='bbox 485 232 629 274; x_wconf 74' lang='lat' dir='ltr'><strong>usurum</strong></span> <span class='ocrx_word' id='word_1_8' title='bbox 653 235 682 276; x_wconf 89' lang='lat' dir='ltr'><strong>ni</strong></span> <span class='ocrx_word' id='word_1_9' title='bbox 736 234 802 277; x_wconf 88' lang='lat' dir='ltr'><strong>cere</strong></span> <span class='ocrx_word' id='word_1_10' title='bbox 817 216 956 291; x_wconf 80' lang='lat' dir='ltr'><strong>permisit.</strong></span> <span class='ocrx_word' id='word_1_11' title='bbox 973 218 1057 287; x_wconf 85' lang='lat' dir='ltr'><strong>Quasi</strong></span> <span class='ocrx_word' id='word_1_12' title='bbox 1072 221 1264 279; x_wconf 89' lang='lat' dir='ltr'><strong>tenebateum</strong></span> <span class='ocrx_word' id='word_1_13' title='bbox 1277 223 1325 280; x_wconf 83' lang='lat' dir='ltr'><strong>Jo-</strong></span> 
     </span>
     <span class='ocr_line' id='line_1_3' title="bbox 31 284 1325 371; baseline 0.005 -25"><span class='ocrx_word' id='word_1_14' title='bbox 31 308 41 327; x_wconf 93' lang='lat'><strong>·-</strong></span> <span class='ocrx_word' id='word_1_15' title='bbox 103 285 221 347; x_wconf 67' lang='grc' dir='ltr'>ὺιιετο.</span> <span class='ocrx_word' id='word_1_16' title='bbox 246 316 285 329; x_wconf 95' lang='grc'><strong>-</strong></span> <span class='ocrx_word' id='word_1_17' title='bbox 311 284 397 344; x_wconf 85' lang='lat' dir='ltr'><strong>Vides</strong></span> <span class='ocrx_word' id='word_1_18' title='bbox 418 285 516 370; x_wconf 78' lang='lat' dir='ltr'><strong>itaque</strong></span> <span class='ocrx_word' id='word_1_19' title='bbox 539 288 682 371; x_wconf 80' lang='lat' dir='ltr'><strong>quomodo</strong></span> <span class='ocrx_word' id='word_1_20' title='bbox 737 306 837 359; x_wconf 87' lang='lat' dir='ltr'><strong>annes,</strong></span> <span class='ocrx_word' id='word_1_21' title='bbox 851 294 880 347; x_wconf 86' lang='lat' dir='ltr'><strong>et</strong></span> <span class='ocrx_word' id='word_1_22' title='bbox 895 290 1057 348; x_wconf 83' lang='lat' dir='ltr'><strong>reverentia</strong></span> <span class='ocrx_word' id='word_1_23' title='bbox 1072 291 1257 361; x_wconf 91' lang='lat' dir='ltr'><strong>probibendo,</strong></span> <span class='ocrx_word' id='word_1_24' title='bbox 1273 293 1325 351; x_wconf 86' lang='lat' dir='ltr'><strong>sed</strong></span> 
     </span>
     <span class='ocr_line' id='line_1_4' title="bbox 71 358 1325 433; baseline 0.006 -18"><span class='ocrx_word' id='word_1_25' title='bbox 71 428 74 433; x_wconf 27' lang='grc' dir='ltr'>Ι</span> <span class='ocrx_word' id='word_1_26' title='bbox 109 362 281 431; x_wconf 81' lang='lat' dir='ltr'><strong>augmentata</strong></span> <span class='ocrx_word' id='word_1_27' title='bbox 298 361 344 414; x_wconf 89' lang='lat' dir='ltr'><strong>est</strong></span> <span class='ocrx_word' id='word_1_28' title='bbox 364 359 478 415; x_wconf 83' lang='lat' dir='ltr'><strong>Domini</strong></span> <span class='ocrx_word' id='word_1_29' title='bbox 499 358 682 417; x_wconf 86' lang='lat' dir='ltr'><strong>bumilitasa</strong></span> <span class='ocrx_word' id='word_1_30' title='bbox 736 360 842 417; x_wconf 77' lang='lat' dir='ltr'><strong>dimisit</strong></span> <span class='ocrx_word' id='word_1_31' title='bbox 865 376 942 430; x_wconf 91' lang='lat' dir='ltr'><strong>euin,</strong></span> <span class='ocrx_word' id='word_1_32' title='bbox 971 361 1145 430; x_wconf 90' lang='lat' dir='ltr'><strong>obeiliendo;</strong></span> <span class='ocrx_word' id='word_1_33' title='bbox 1162 379 1230 419; x_wconf 85' lang='lat' dir='ltr'><strong>vera</strong></span> <span class='ocrx_word' id='word_1_34' title='bbox 1248 362 1325 422; x_wconf 90' lang='lat' dir='ltr'><strong>enlin</strong></span> 
     </span>
     <span class='ocr_line' id='line_1_5' title="bbox 111 428 1324 511; baseline 0.006 -26"><span class='ocrx_word' id='word_1_35' title='bbox 111 428 332 505; x_wconf 78' lang='lat' dir='ltr'><strong>precedentibus.</strong></span> <span class='ocrx_word' id='word_1_36' title='bbox 352 429 394 511; x_wconf 82' lang='lat' dir='ltr'><strong>lbi</strong></span> <span class='ocrx_word' id='word_1_37' title='bbox 418 428 494 487; x_wconf 89' lang='lat' dir='ltr'><strong>enim</strong></span> <span class='ocrx_word' id='word_1_38' title='bbox 515 429 682 503; x_wconf 90' lang='lat' dir='ltr'><strong>parentibus</strong></span> <span class='ocrx_word' id='word_1_39' title='bbox 736 436 781 489; x_wconf 91' lang='lat' dir='ltr'><strong>est</strong></span> <span class='ocrx_word' id='word_1_40' title='bbox 800 431 954 501; x_wconf 80' lang='lat' dir='ltr'><strong>humilitas,</strong></span> <span class='ocrx_word' id='word_1_41' title='bbox 970 448 1055 503; x_wconf 92' lang='lat' dir='ltr'><strong>quam</strong></span> <span class='ocrx_word' id='word_1_42' title='bbox 1073 448 1168 490; x_wconf 90' lang='lat' dir='ltr'><strong>coines</strong></span> <span class='ocrx_word' id='word_1_43' title='bbox 1186 433 1324 492; x_wconf 91' lang='lat' dir='ltr'><strong>obedien-</strong></span> 
     </span>
    </p>

    <p class='ocr_par' dir='ltr' id='par_1_3' title="bbox 31 500 1324 1000">
     <span class='ocr_line' id='line_1_6' title="bbox 31 500 1324 570; baseline 0.002 -11"><span class='ocrx_word' id='word_1_44' title='bbox 31 542 35 549; x_wconf 84' lang='lat'><em>·</em></span> <span class='ocrx_word' id='word_1_45' title='bbox 78 556 81 561; x_wconf 83' lang='lat'>.</span> <span class='ocrx_word' id='word_1_46' title='bbox 115 500 225 559; x_wconf 81' lang='lat' dir='ltr'><strong>subditus</strong></span> <span class='ocrx_word' id='word_1_47' title='bbox 244 503 328 569; x_wconf 88' lang='lat' dir='ltr'><strong>erat;</strong></span> <span class='ocrx_word' id='word_1_48' title='bbox 354 500 402 557; x_wconf 89' lang='lat' dir='ltr'><strong>liic</strong></span> <span class='ocrx_word' id='word_1_49' title='bbox 427 502 514 558; x_wconf 79' lang='lat' dir='ltr'><strong>verbo</strong></span> <span class='ocrx_word' id='word_1_50' title='bbox 540 516 571 558; x_wconf 88' lang='lat' dir='ltr'><strong>se</strong></span> <span class='ocrx_word' id='word_1_51' title='bbox 595 501 682 558; x_wconf 90' lang='lat' dir='ltr'><strong>etiam</strong></span> <span class='ocrx_word' id='word_1_52' title='bbox 736 504 777 559; x_wconf 92' lang='lat' dir='ltr'><strong>tia</strong></span> <span class='ocrx_word' id='word_1_53' title='bbox 804 518 863 559; x_wconf 93' lang='lat' dir='ltr'><strong>non</strong></span> <span class='ocrx_word' id='word_1_54' title='bbox 886 503 1014 570; x_wconf 86' lang='lat' dir='ltr'><strong>deserit;</strong></span> <span class='ocrx_word' id='word_1_55' title='bbox 1044 509 1073 560; x_wconf 90' lang='lat' dir='ltr'><strong>et</strong></span> <span class='ocrx_word' id='word_1_56' title='bbox 1100 505 1163 561; x_wconf 93' lang='lat' dir='ltr'><strong>ideo</strong></span> <span class='ocrx_word' id='word_1_57' title='bbox 1197 504 1324 562; x_wconf 89' lang='lat' dir='ltr'><strong>oillcliim</strong></span> 
     </span>
     <span class='ocr_line' id='line_1_7' title="bbox 31 570 1324 647; baseline 0.002 -16"><span class='ocrx_word' id='word_1_58' title='bbox 31 584 47 595; x_wconf 80' lang='lat'><em>·</em></span> <span class='ocrx_word' id='word_1_59' title='bbox 118 570 318 643; x_wconf 75' lang='lat' dir='ltr'><strong>mosubjicit‚</strong></span> <span class='ocrx_word' id='word_1_60' title='bbox 332 586 420 643; x_wconf 89' lang='lat' dir='ltr'><strong>seque</strong></span> <span class='ocrx_word' id='word_1_61' title='bbox 433 571 560 640; x_wconf 78' lang='lat' dir='ltr'><strong>vilificat,</strong></span> <span class='ocrx_word' id='word_1_62' title='bbox 575 587 682 629; x_wconf 89' lang='lat' dir='ltr'><strong>acser·</strong></span> <span class='ocrx_word' id='word_1_63' title='bbox 737 573 814 645; x_wconf 94' lang='lat' dir='ltr'><strong>quod</strong></span> <span class='ocrx_word' id='word_1_64' title='bbox 840 572 918 644; x_wconf 86' lang='lat' dir='ltr'><strong>prius</strong></span> <span class='ocrx_word' id='word_1_65' title='bbox 945 574 1048 631; x_wconf 87' lang='lat' dir='ltr'><strong>timens</strong></span> <span class='ocrx_word' id='word_1_66' title='bbox 1078 581 1107 631; x_wconf 92' lang='lat' dir='ltr'><strong>et</strong></span> <span class='ocrx_word' id='word_1_67' title='bbox 1133 591 1324 647; x_wconf 76' lang='lat' dir='ltr'><strong>expavescens</strong></span> 
     </span>
     <span class='ocr_line' id='line_1_8' title="bbox 31 642 1322 717; baseline 0.003 -17"><span class='ocrx_word' id='word_1_68' title='bbox 31 678 40 686; x_wconf 85' lang='lat'><em>-</em></span> <span class='ocrx_word' id='word_1_69' title='bbox 119 657 167 701; x_wconf 82' lang='lat' dir='ltr'><strong>iuni</strong></span> <span class='ocrx_word' id='word_1_70' title='bbox 180 642 318 716; x_wconf 84' lang='lat' dir='ltr'><strong>juslillcat</strong></span> <span class='ocrx_word' id='word_1_71' title='bbox 341 647 371 699; x_wconf 93' lang='lat' dir='ltr'><strong>et</strong></span> <span class='ocrx_word' id='word_1_72' title='bbox 391 642 564 717; x_wconf 85' lang='lat' dir='ltr'><strong>magnificat.</strong></span> <span class='ocrx_word' id='word_1_73' title='bbox 585 642 641 701; x_wconf 90' lang='lat' dir='ltr'><strong>Sed</strong></span> <span class='ocrx_word' id='word_1_74' title='bbox 655 648 684 701; x_wconf 93' lang='lat' dir='ltr'><strong>et</strong></span> <span class='ocrx_word' id='word_1_75' title='bbox 736 643 882 701; x_wconf 88' lang='lat' dir='ltr'><strong>humiliter</strong></span> <span class='ocrx_word' id='word_1_76' title='bbox 900 645 1051 715; x_wconf 88' lang='lat' dir='ltr'><strong>recusavit,</strong></span> <span class='ocrx_word' id='word_1_77' title='bbox 1075 650 1175 717; x_wconf 91' lang='lat' dir='ltr'><strong>postea</strong></span> <span class='ocrx_word' id='word_1_78' title='bbox 1201 662 1322 704; x_wconf 91' lang='lat' dir='ltr'><strong>consen-</strong></span> 
     </span>
     <span class='ocr_line' id='line_1_9' title="bbox 121 712 1321 790; baseline 0.003 -19"><span class='ocrx_word' id='word_1_79' title='bbox 121 712 522 786; x_wconf 82' lang='lat' dir='ltr'><strong>bilioconsideraquomodo</strong></span> <span class='ocrx_word' id='word_1_80' title='bbox 545 716 608 787; x_wconf 85' lang='lat' dir='ltr'><strong>ejus</strong></span> <span class='ocrx_word' id='word_1_81' title='bbox 624 729 683 771; x_wconf 90' lang='lat' dir='ltr'><strong>ere-</strong></span> <span class='ocrx_word' id='word_1_82' title='bbox 736 715 812 772; x_wconf 90' lang='lat' dir='ltr'><strong>tiens</strong></span> <span class='ocrx_word' id='word_1_83' title='bbox 839 720 868 770; x_wconf 92' lang='lat' dir='ltr'><strong>et</strong></span> <span class='ocrx_word' id='word_1_84' title='bbox 893 715 1030 772; x_wconf 89' lang='lat' dir='ltr'><strong>obediens</strong></span> <span class='ocrx_word' id='word_1_85' title='bbox 1056 718 1156 773; x_wconf 89' lang='lat' dir='ltr'><strong>devote</strong></span> <span class='ocrx_word' id='word_1_86' title='bbox 1183 716 1321 790; x_wconf 81' lang='lat' dir='ltr'><strong>implevit.</strong></span> 
     </span>
     <span class='ocr_line' id='line_1_10' title="bbox 119 782 1319 870; baseline 0.003 -29"><span class='ocrx_word' id='word_1_87' title='bbox 119 782 304 842; x_wconf 70' lang='lat' dir='ltr'><strong>‘uiantium</strong></span> <span class='ocrx_word' id='word_1_88' title='bbox 319 786 390 841; x_wconf 82' lang='lat' dir='ltr'><strong>llam</strong></span> <span class='ocrx_word' id='word_1_89' title='bbox 409 800 498 857; x_wconf 88' lang='lat' dir='ltr'><strong>usque</strong></span> <span class='ocrx_word' id='word_1_90' title='bbox 513 785 597 842; x_wconf 87' lang='lat' dir='ltr'><strong>modo</strong></span> <span class='ocrx_word' id='word_1_91' title='bbox 612 801 683 841; x_wconf 90' lang='lat' dir='ltr'><strong>con·</strong></span> <span class='ocrx_word' id='word_1_92' title='bbox 738 785 816 842; x_wconf 88' lang='lat' dir='ltr'><strong>Unde</strong></span> <span class='ocrx_word' id='word_1_93' title='bbox 831 787 987 842; x_wconf 81' lang='lat' dir='ltr'><strong>lleraurdus</strong></span> <span class='ocrx_word' id='word_1_94' title='bbox 1004 806 1013 842; x_wconf 84' lang='lat' dir='ltr'><strong>i</strong></span> <span class='ocrx_word' id='word_1_95' title='bbox 1039 808 1053 838; x_wconf 91' lang='lat'>«</span> <span class='ocrx_word' id='word_1_96' title='bbox 1066 787 1213 870; x_wconf 75' lang='lat' dir='ltr'><strong>Aequiculi</strong></span> <span class='ocrx_word' id='word_1_97' title='bbox 1231 790 1319 846; x_wconf 84' lang='lat' dir='ltr'><strong>Joan-</strong></span> 
     </span>
     <span class='ocr_line' id='line_1_11' title="bbox 31 854 1320 937; baseline 0.002 -24"><span class='ocrx_word' id='word_1_98' title='bbox 31 882 39 929; x_wconf 75' lang='lat'>2</span> <span class='ocrx_word' id='word_1_99' title='bbox 123 862 225 913; x_wconf 71' lang='lat' dir='ltr'><strong>maliis</strong></span> <span class='ocrx_word' id='word_1_100' title='bbox 234 854 421 937; x_wconf 71' lang='lat' dir='ltr'><strong>esthnmilis,</strong></span> <span class='ocrx_word' id='word_1_101' title='bbox 434 856 515 937; x_wconf 77' lang='lat' dir='ltr'><strong>quasi</strong></span> <span class='ocrx_word' id='word_1_102' title='bbox 534 855 642 913; x_wconf 87' lang='lat' dir='ltr'><strong>inutilis</strong></span> <span class='ocrx_word' id='word_1_103' title='bbox 655 859 684 913; x_wconf 96' lang='lat' dir='ltr'><strong>et</strong></span> <span class='ocrx_word' id='word_1_104' title='bbox 737 872 787 913; x_wconf 88' lang='lat' dir='ltr'><strong>nes</strong></span> <span class='ocrx_word' id='word_1_105' title='bbox 796 865 825 913; x_wconf 93' lang='lat' dir='ltr'><strong>et</strong></span> <span class='ocrx_word' id='word_1_106' title='bbox 835 856 970 926; x_wconf 87' lang='lat' dir='ltr'><strong>obedivit,</strong></span> <span class='ocrx_word' id='word_1_107' title='bbox 983 857 1135 929; x_wconf 85' lang='lat' dir='ltr'><strong>baptizavit</strong></span> <span class='ocrx_word' id='word_1_108' title='bbox 1144 860 1255 930; x_wconf 75' lang='lat' dir='ltr'><strong>agnum</strong></span> <span class='ocrx_word' id='word_1_109' title='bbox 1268 857 1320 916; x_wconf 81' lang='lat' dir='ltr'><strong>liei</strong></span> 
     </span>
     <span class='ocr_line' id='line_1_12' title="bbox 150 926 1321 1000; baseline 0.003 -17"><span class='ocrx_word' id='word_1_110' title='bbox 150 926 155 939; x_wconf 84' lang='lat'>&#39;</span> <span class='ocrx_word' id='word_1_111' title='bbox 194 928 307 983; x_wconf 79' lang='lat' dir='ltr'><strong>uallis</strong></span> <span class='ocrx_word' id='word_1_112' title='bbox 329 933 532 983; x_wconf 84' lang='lat' dir='ltr'><strong>antemetiam</strong></span> <span class='ocrx_word' id='word_1_113' title='bbox 604 931 684 984; x_wconf 92' lang='lat' dir='ltr'><strong>cator</strong></span> <span class='ocrx_word' id='word_1_114' title='bbox 736 933 765 984; x_wconf 90' lang='lat' dir='ltr'><strong>et</strong></span> <span class='ocrx_word' id='word_1_115' title='bbox 781 928 862 1000; x_wconf 91' lang='lat' dir='ltr'><strong>aquis</strong></span> <span class='ocrx_word' id='word_1_116' title='bbox 877 927 954 985; x_wconf 79' lang='lat' dir='ltr'><strong>lauit.</strong></span> <span class='ocrx_word' id='word_1_117' title='bbox 969 930 1024 984; x_wconf 89' lang='lat' dir='ltr'><strong>Nos</strong></span> <span class='ocrx_word' id='word_1_118' title='bbox 1038 928 1124 986; x_wconf 87' lang='lat' dir='ltr'><strong>abluti</strong></span> <span class='ocrx_word' id='word_1_119' title='bbox 1140 945 1248 999; x_wconf 87' lang='lat' dir='ltr'><strong>sumus,</strong></span> <span class='ocrx_word' id='word_1_120' title='bbox 1262 946 1321 987; x_wconf 94' lang='lat' dir='ltr'><strong>non</strong></span> 
     </span>
    </p>

    <p class='ocr_par' dir='ltr' id='par_1_4' title="bbox 31 942 1321 1197">
     <span class='ocr_line' id='line_1_13' title="bbox 31 942 1321 1080; baseline 0.004 -27"><span class='ocrx_word' id='word_1_121' title='bbox 31 1002 43 1069; x_wconf 70' lang='grc' dir='ltr'><strong>,ζ</strong></span> <span class='ocrx_word' id='word_1_122' title='bbox 124 1010 148 1053; x_wconf 91' lang='lat' dir='ltr'><strong>io</strong></span> <span class='ocrx_word' id='word_1_123' title='bbox 170 997 188 1053; x_wconf 92' lang='lat' dir='ltr'><strong>&#39;t</strong></span> <span class='ocrx_word' id='word_1_124' title='bbox 199 1012 338 1080; x_wconf 88' lang='lat' dir='ltr'><strong>apparere</strong></span> <span class='ocrx_word' id='word_1_125' title='bbox 350 996 527 1078; x_wconf 79' lang='lat' dir='ltr'><strong>bominibus.</strong></span> <span class='ocrx_word' id='word_1_126' title='bbox 547 942 682 1080; x_wconf 56' lang='lat' dir='ltr'><strong>ffieatq-</strong></span> <span class='ocrx_word' id='word_1_127' title='bbox 735 998 798 1066; x_wconf 90' lang='lat' dir='ltr'><strong>ille;</strong></span> <span class='ocrx_word' id='word_1_128' title='bbox 819 998 886 1070; x_wconf 89' lang='lat' dir='ltr'><strong>quia</strong></span> <span class='ocrx_word' id='word_1_129' title='bbox 904 1000 988 1056; x_wconf 93' lang='lat' dir='ltr'><strong>nobis</strong></span> <span class='ocrx_word' id='word_1_130' title='bbox 1006 999 1135 1056; x_wconf 81' lang='lat' dir='ltr'><strong>lavandis</strong></span> <span class='ocrx_word' id='word_1_131' title='bbox 1154 1016 1235 1072; x_wconf 86' lang='lat' dir='ltr'><strong>aquae</strong></span> <span class='ocrx_word' id='word_1_132' title='bbox 1254 1016 1321 1072; x_wconf 91' lang='lat' dir='ltr'><strong>cog·</strong></span> 
     </span>
     <span class='ocr_line' id='line_1_14' title="bbox 123 1065 1320 1197; baseline 0.003 -72"><span class='ocrx_word' id='word_1_133' title='bbox 123 1065 259 1125; x_wconf 80' lang='lat' dir='ltr'><strong>ubusenim</strong></span> <span class='ocrx_word' id='word_1_134' title='bbox 267 1068 443 1141; x_wconf 80' lang='lat' dir='ltr'><strong>predicabat</strong></span> <span class='ocrx_word' id='word_1_135' title='bbox 450 1070 579 1127; x_wconf 71' lang='lat' dir='ltr'><strong>,loannes</strong></span> <span class='ocrx_word' id='word_1_136' title='bbox 586 1084 682 1197; x_wconf 68' lang='lat' dir='ltr'><strong>Boeni-</strong></span> <span class='ocrx_word' id='word_1_137' title='bbox 736 1076 891 1126; x_wconf 87' lang='lat' dir='ltr'><strong>noscuntur</strong></span> <span class='ocrx_word' id='word_1_138' title='bbox 905 1070 1028 1127; x_wconf 79' lang='lat' dir='ltr'><strong>ablutae:</strong></span> <span class='ocrx_word' id='word_1_139' title='bbox 1044 1091 1060 1121; x_wconf 80' lang='lat' dir='ltr'><strong>s</strong></span> <span class='ocrx_word' id='word_1_140' title='bbox 1076 1072 1137 1127; x_wconf 83' lang='lat' dir='ltr'><strong>baec</strong></span> <span class='ocrx_word' id='word_1_141' title='bbox 1153 1072 1320 1130; x_wconf 76' lang='lat' dir='ltr'><strong>seuerum.</strong></span> 
     </span>
    </p>

    <p class='ocr_par' dir='ltr' id='par_1_5' title="bbox 36 1138 1323 4119">
     <span class='ocr_line' id='line_1_15' title="bbox 36 1138 1322 1212; baseline 0.003 -17"><span class='ocrx_word' id='word_1_142' title='bbox 36 1154 40 1159; x_wconf 85' lang='lat'>·</span> <span class='ocrx_word' id='word_1_143' title='bbox 126 1138 272 1207; x_wconf 73' lang='lat' dir='ltr'><strong>citime</strong></span> <span class='ocrx_word' id='word_1_144' title='bbox 287 1154 337 1196; x_wconf 89' lang='lat' dir='ltr'><strong>eos</strong></span> <span class='ocrx_word' id='word_1_145' title='bbox 355 1139 527 1212; x_wconf 79' lang='lat' dir='ltr'><strong>baptizabat,</strong></span> <span class='ocrx_word' id='word_1_146' title='bbox 543 1143 572 1197; x_wconf 92' lang='lat' dir='ltr'><strong>et</strong></span> <span class='ocrx_word' id='word_1_147' title='bbox 610 1139 681 1196; x_wconf 92' lang='lat' dir='ltr'><strong>omi·</strong></span> <span class='ocrx_word' id='word_1_148' title='bbox 736 1142 815 1196; x_wconf 91' lang='lat' dir='ltr'><strong>Nunc</strong></span> <span class='ocrx_word' id='word_1_149' title='bbox 841 1156 909 1211; x_wconf 87' lang='lat' dir='ltr'><strong>ergo</strong></span> <span class='ocrx_word' id='word_1_150' title='bbox 940 1141 1012 1196; x_wconf 90' lang='lat' dir='ltr'><strong>bene</strong></span> <span class='ocrx_word' id='word_1_151' title='bbox 1040 1141 1132 1212; x_wconf 92' lang='lat' dir='ltr'><strong>ipsum</strong></span> <span class='ocrx_word' id='word_1_152' title='bbox 1169 1141 1322 1199; x_wconf 85' lang='lat' dir='ltr'><strong>Dominum</strong></span> 
     </span>
     <span class='ocr_line' id='line_1_16' title="bbox 123 1209 1322 1284; baseline 0.003 -18"><span class='ocrx_word' id='word_1_153' title='bbox 123 1212 247 1268; x_wconf 80' lang='lat' dir='ltr'><strong>inlesus</strong></span> <span class='ocrx_word' id='word_1_154' title='bbox 260 1209 338 1267; x_wconf 92' lang='lat' dir='ltr'><strong>inter</strong></span> <span class='ocrx_word' id='word_1_155' title='bbox 356 1226 405 1268; x_wconf 91' lang='lat' dir='ltr'><strong>eos</strong></span> <span class='ocrx_word' id='word_1_156' title='bbox 417 1218 446 1267; x_wconf 86' lang='lat' dir='ltr'><strong>et</strong></span> <span class='ocrx_word' id='word_1_157' title='bbox 464 1226 561 1268; x_wconf 87' lang='lat' dir='ltr'><strong>coram</strong></span> <span class='ocrx_word' id='word_1_158' title='bbox 575 1210 617 1267; x_wconf 90' lang='lat' dir='ltr'><strong>eis</strong></span> <span class='ocrx_word' id='word_1_159' title='bbox 632 1212 682 1268; x_wconf 91' lang='lat' dir='ltr'><strong>ba·</strong></span> <span class='ocrx_word' id='word_1_160' title='bbox 736 1210 878 1282; x_wconf 77' lang='lat' dir='ltr'><strong>conspice.</strong></span> <span class='ocrx_word' id='word_1_161' title='bbox 899 1210 1009 1282; x_wconf 88' lang='lat' dir='ltr'><strong>Spoliat</strong></span> <span class='ocrx_word' id='word_1_162' title='bbox 1033 1227 1062 1267; x_wconf 91' lang='lat' dir='ltr'><strong>se</strong></span> <span class='ocrx_word' id='word_1_163' title='bbox 1080 1210 1215 1267; x_wconf 84' lang='lat' dir='ltr'><strong>Dominus</strong></span> <span class='ocrx_word' id='word_1_164' title='bbox 1233 1213 1322 1284; x_wconf 88' lang='lat' dir='ltr'><strong>maje-</strong></span> 
     </span>
     <span class='ocr_line' id='line_1_17' title="bbox 119 1278 1321 1405; baseline 0.003 -69"><span class='ocrx_word' id='word_1_165' title='bbox 119 1278 305 1405; x_wconf 57' lang='lat' dir='ltr'><strong>ffudroluit,</strong></span> <span class='ocrx_word' id='word_1_166' title='bbox 319 1286 466 1353; x_wconf 90' lang='lat' dir='ltr'><strong>tamquam</strong></span> <span class='ocrx_word' id='word_1_167' title='bbox 487 1298 557 1338; x_wconf 91' lang='lat' dir='ltr'><strong>unus</strong></span> <span class='ocrx_word' id='word_1_168' title='bbox 567 1297 600 1339; x_wconf 83' lang='lat' dir='ltr'><strong>er</strong></span> <span class='ocrx_word' id='word_1_169' title='bbox 614 1281 680 1338; x_wconf 89' lang='lat' dir='ltr'><strong>illis.</strong></span> <span class='ocrx_word' id='word_1_170' title='bbox 736 1281 817 1338; x_wconf 89' lang='lat' dir='ltr'><strong>statis</strong></span> <span class='ocrx_word' id='word_1_171' title='bbox 829 1281 900 1337; x_wconf 91' lang='lat' dir='ltr'><strong>sicut</strong></span> <span class='ocrx_word' id='word_1_172' title='bbox 909 1281 1026 1353; x_wconf 83' lang='lat' dir='ltr'><strong>quilibet</strong></span> <span class='ocrx_word' id='word_1_173' title='bbox 1036 1281 1108 1337; x_wconf 90' lang='lat' dir='ltr'><strong>alius</strong></span> <span class='ocrx_word' id='word_1_174' title='bbox 1121 1282 1321 1353; x_wconf 82' lang='lat' dir='ltr'><strong>homunculus,</strong></span> 
     </span>
     <span class='ocr_line' id='line_1_18' title="bbox 154 1350 1322 1425; baseline 0.002 -17"><span class='ocrx_word' id='word_1_175' title='bbox 154 1350 299 1408; x_wconf 88' lang='lat' dir='ltr'><strong>licetidem</strong></span> <span class='ocrx_word' id='word_1_176' title='bbox 308 1351 363 1409; x_wconf 89' lang='lat' dir='ltr'><strong>dici</strong></span> <span class='ocrx_word' id='word_1_177' title='bbox 378 1356 475 1425; x_wconf 89' lang='lat' dir='ltr'><strong>posset</strong></span> <span class='ocrx_word' id='word_1_178' title='bbox 488 1353 524 1409; x_wconf 91' lang='lat' dir='ltr'><strong>de</strong></span> <span class='ocrx_word' id='word_1_179' title='bbox 537 1350 683 1410; x_wconf 90' lang='lat' dir='ltr'><strong>circumci·</strong></span> <span class='ocrx_word' id='word_1_180' title='bbox 736 1357 764 1409; x_wconf 92' lang='lat' dir='ltr'><strong>et</strong></span> <span class='ocrx_word' id='word_1_181' title='bbox 789 1354 906 1409; x_wconf 85' lang='lat' dir='ltr'><strong>Creator</strong></span> <span class='ocrx_word' id='word_1_182' title='bbox 929 1352 1135 1409; x_wconf 90' lang='lat' dir='ltr'><strong>elementorum</strong></span> <span class='ocrx_word' id='word_1_183' title='bbox 1158 1351 1273 1424; x_wconf 89' lang='lat' dir='ltr'><strong>subjicit</strong></span> <span class='ocrx_word' id='word_1_184' title='bbox 1291 1368 1322 1410; x_wconf 89' lang='lat' dir='ltr'><strong>se</strong></span> 
     </span>
     <span class='ocr_line' id='line_1_19' title="bbox 115 1417 1322 1505; baseline 0.006 -32"><span class='ocrx_word' id='word_1_185' title='bbox 115 1417 190 1491; x_wconf 82' lang='lat' dir='ltr'><strong>tione,</strong></span> <span class='ocrx_word' id='word_1_186' title='bbox 200 1422 270 1494; x_wconf 91' lang='lat' dir='ltr'><strong>quia</strong></span> <span class='ocrx_word' id='word_1_187' title='bbox 279 1422 369 1480; x_wconf 82' lang='lat' dir='ltr'><strong>voluit</strong></span> <span class='ocrx_word' id='word_1_188' title='bbox 376 1428 509 1496; x_wconf 88' lang='lat' dir='ltr'><strong>peccator</strong></span> <span class='ocrx_word' id='word_1_189' title='bbox 521 1438 680 1496; x_wconf 75' lang='lat' dir='ltr'><strong>apparere,</strong></span> <span class='ocrx_word' id='word_1_190' title='bbox 735 1423 834 1479; x_wconf 88' lang='lat' dir='ltr'><strong>humili</strong></span> <span class='ocrx_word' id='word_1_191' title='bbox 847 1424 988 1480; x_wconf 92' lang='lat' dir='ltr'><strong>eleniento</strong></span> <span class='ocrx_word' id='word_1_192' title='bbox 1001 1439 1093 1494; x_wconf 79' lang='lat' dir='ltr'><strong>aquae,</strong></span> <span class='ocrx_word' id='word_1_193' title='bbox 1102 1432 1130 1478; x_wconf 93' lang='lat' dir='ltr'><strong>et</strong></span> <span class='ocrx_word' id='word_1_194' title='bbox 1144 1423 1281 1505; x_wconf 79' lang='lat' dir='ltr'><strong>mergitur</strong></span> <span class='ocrx_word' id='word_1_195' title='bbox 1292 1424 1322 1480; x_wconf 93' lang='lat' dir='ltr'><strong>in</strong></span> 
     </span>
     <span class='ocr_line' id='line_1_20' title="bbox 101 1487 1322 1566; baseline -0.004 -11"><span class='ocrx_word' id='word_1_196' title='bbox 101 1487 192 1555; x_wconf 64' lang='lat' dir='ltr'><strong>‚lemen</strong></span> <span class='ocrx_word' id='word_1_197' title='bbox 205 1493 251 1549; x_wconf 89' lang='lat' dir='ltr'><strong>liic</strong></span> <span class='ocrx_word' id='word_1_198' title='bbox 262 1493 581 1565; x_wconf 81' lang='lat' dir='ltr'><strong>plusest3quiacoram</strong></span> <span class='ocrx_word' id='word_1_199' title='bbox 596 1496 682 1551; x_wconf 87' lang='lat' dir='ltr'><strong>turba</strong></span> <span class='ocrx_word' id='word_1_200' title='bbox 735 1495 817 1566; x_wconf 88' lang='lat' dir='ltr'><strong>aquis</strong></span> <span class='ocrx_word' id='word_1_201' title='bbox 834 1493 954 1566; x_wconf 80' lang='lat' dir='ltr'><strong>frigidis,</strong></span> <span class='ocrx_word' id='word_1_202' title='bbox 975 1501 1103 1566; x_wconf 88' lang='lat' dir='ltr'><strong>tempore</strong></span> <span class='ocrx_word' id='word_1_203' title='bbox 1118 1510 1213 1565; x_wconf 90' lang='lat' dir='ltr'><strong>magni</strong></span> <span class='ocrx_word' id='word_1_204' title='bbox 1232 1493 1322 1565; x_wconf 90' lang='lat' dir='ltr'><strong>lrigo·</strong></span> 
     </span>
     <span class='ocr_line' id='line_1_21' title="bbox 104 1563 1323 1637; baseline 0.002 -18"><span class='ocrx_word' id='word_1_205' title='bbox 104 1563 287 1633; x_wconf 68' lang='lat' dir='ltr'><strong>publicasse</strong></span> <span class='ocrx_word' id='word_1_206' title='bbox 312 1563 352 1621; x_wconf 91' lang='lat' dir='ltr'><strong>ibi</strong></span> <span class='ocrx_word' id='word_1_207' title='bbox 375 1564 467 1636; x_wconf 90' lang='lat' dir='ltr'><strong>magis</strong></span> <span class='ocrx_word' id='word_1_208' title='bbox 487 1565 606 1624; x_wconf 86' lang='lat' dir='ltr'><strong>occulte.</strong></span> <span class='ocrx_word' id='word_1_209' title='bbox 626 1564 682 1623; x_wconf 89' lang='lat' dir='ltr'><strong>Sed</strong></span> <span class='ocrx_word' id='word_1_210' title='bbox 734 1565 785 1633; x_wconf 90' lang='lat' dir='ltr'><strong>ris,</strong></span> <span class='ocrx_word' id='word_1_211' title='bbox 802 1581 852 1637; x_wconf 92' lang='lat' dir='ltr'><strong>pro</strong></span> <span class='ocrx_word' id='word_1_212' title='bbox 873 1571 971 1622; x_wconf 90' lang='lat' dir='ltr'><strong>nostro</strong></span> <span class='ocrx_word' id='word_1_213' title='bbox 993 1581 1100 1622; x_wconf 88' lang='lat' dir='ltr'><strong>aurore.</strong></span> <span class='ocrx_word' id='word_1_214' title='bbox 1116 1566 1256 1637; x_wconf 86' lang='lat' dir='ltr'><strong>Operatur</strong></span> <span class='ocrx_word' id='word_1_215' title='bbox 1273 1579 1323 1622; x_wconf 94' lang='lat' dir='ltr'><strong>no·</strong></span> 
     </span>
     <span class='ocr_line' id='line_1_22' title="bbox 100 1633 1323 1708; baseline 0.002 -17"><span class='ocrx_word' id='word_1_216' title='bbox 100 1635 194 1692; x_wconf 61' lang='lat' dir='ltr'><strong>nonne</strong></span> <span class='ocrx_word' id='word_1_217' title='bbox 204 1634 364 1692; x_wconf 88' lang='lat' dir='ltr'><strong>timendum</strong></span> <span class='ocrx_word' id='word_1_218' title='bbox 377 1636 480 1707; x_wconf 89' lang='lat' dir='ltr'><strong>luerat,</strong></span> <span class='ocrx_word' id='word_1_219' title='bbox 494 1652 557 1692; x_wconf 89' lang='lat' dir='ltr'><strong>cuin</strong></span> <span class='ocrx_word' id='word_1_220' title='bbox 575 1637 633 1708; x_wconf 90' lang='lat' dir='ltr'><strong>ipse</strong></span> <span class='ocrx_word' id='word_1_221' title='bbox 651 1653 681 1692; x_wconf 90' lang='lat' dir='ltr'><strong>se</strong></span> <span class='ocrx_word' id='word_1_222' title='bbox 735 1641 823 1693; x_wconf 91' lang='lat' dir='ltr'><strong>stram</strong></span> <span class='ocrx_word' id='word_1_223' title='bbox 851 1637 982 1705; x_wconf 90' lang='lat' dir='ltr'><strong>salutem,</strong></span> <span class='ocrx_word' id='word_1_224' title='bbox 1002 1641 1078 1692; x_wconf 87' lang='lat' dir='ltr'><strong>tactu</strong></span> <span class='ocrx_word' id='word_1_225' title='bbox 1099 1638 1171 1692; x_wconf 93' lang='lat' dir='ltr'><strong>sacri</strong></span> <span class='ocrx_word' id='word_1_226' title='bbox 1195 1633 1323 1708; x_wconf 88' lang='lat' dir='ltr'><strong>corporis</strong></span> 
     </span>
     <span class='ocr_line' id='line_1_23' title="bbox 93 1702 1321 1833; baseline 0 -70"><span class='ocrx_word' id='word_1_227' title='bbox 93 1702 199 1833; x_wconf 47' lang='lat' dir='ltr'><em>w</em></span> <span class='ocrx_word' id='word_1_228' title='bbox 209 1705 296 1763; x_wconf 79' lang='lat' dir='ltr'><strong>vellet</strong></span> <span class='ocrx_word' id='word_1_229' title='bbox 309 1705 457 1763; x_wconf 87' lang='lat' dir='ltr'><strong>intendere</strong></span> <span class='ocrx_word' id='word_1_230' title='bbox 476 1707 512 1763; x_wconf 89' lang='lat' dir='ltr'><strong>ad</strong></span> <span class='ocrx_word' id='word_1_231' title='bbox 527 1708 682 1779; x_wconf 78' lang='lat' dir='ltr'><strong>praedicari·</strong></span> <span class='ocrx_word' id='word_1_232' title='bbox 735 1724 823 1779; x_wconf 91' lang='lat' dir='ltr'><strong>aquas</strong></span> <span class='ocrx_word' id='word_1_233' title='bbox 835 1708 974 1789; x_wconf 80' lang='lat' dir='ltr'><strong>mundans</strong></span> <span class='ocrx_word' id='word_1_234' title='bbox 988 1712 1016 1763; x_wconf 91' lang='lat' dir='ltr'><strong>ct</strong></span> <span class='ocrx_word' id='word_1_235' title='bbox 1023 1723 1209 1789; x_wconf 75' lang='lat' dir='ltr'><strong>consecrare,</strong></span> <span class='ocrx_word' id='word_1_236' title='bbox 1218 1723 1251 1789; x_wconf 77' lang='lat' dir='ltr'><strong>ac</strong></span> <span class='ocrx_word' id='word_1_237' title='bbox 1263 1706 1321 1790; x_wconf 73' lang='lat' dir='ltr'><strong>viiii</strong></span> 
     </span>
     <span class='ocr_line' id='line_1_24' title="bbox 85 1781 1322 1931; baseline -0.006 -28"><span class='ocrx_word' id='word_1_238' title='bbox 85 1782 682 1930; x_wconf 52' lang='lat' dir='ltr'><strong>uirtllltitaiuuaiiiaiiu</strong></span> <span class='ocrx_word' id='word_1_239' title='bbox 735 1781 1322 1931; x_wconf 68' lang='lat' dir='ltr'><strong>usitatissimuslitteratius</strong></span> 
     </span>
     <span class='ocr_line' id='line_1_25' title="bbox 77 1901 1319 1991; baseline 0.003 -18"><span class='ocrx_word' id='word_1_240' title='bbox 77 1901 134 1973; x_wconf 56' lang='lat' dir='ltr'><strong>lli</strong></span> <span class='ocrx_word' id='word_1_241' title='bbox 149 1924 294 1990; x_wconf 86' lang='lat' dir='ltr'><strong>magister,</strong></span> <span class='ocrx_word' id='word_1_242' title='bbox 313 1933 381 1990; x_wconf 90' lang='lat' dir='ltr'><strong>quin</strong></span> <span class='ocrx_word' id='word_1_243' title='bbox 404 1920 622 1991; x_wconf 81' lang='lat' dir='ltr'><strong>profundissime</strong></span> <span class='ocrx_word' id='word_1_244' title='bbox 649 1936 681 1976; x_wconf 90' lang='lat' dir='ltr'><strong>se</strong></span> <span class='ocrx_word' id='word_1_245' title='bbox 735 1926 771 1976; x_wconf 89' lang='lat' dir='ltr'><strong>tis</strong></span> <span class='ocrx_word' id='word_1_246' title='bbox 785 1922 968 1978; x_wconf 81' lang='lat' dir='ltr'><strong>sanctificans</strong></span> <span class='ocrx_word' id='word_1_247' title='bbox 983 1930 1011 1977; x_wconf 89' lang='lat' dir='ltr'><strong>et</strong></span> <span class='ocrx_word' id='word_1_248' title='bbox 1026 1922 1209 1990; x_wconf 90' lang='lat' dir='ltr'><strong>constituens,</strong></span> <span class='ocrx_word' id='word_1_249' title='bbox 1221 1937 1254 1978; x_wconf 91' lang='lat' dir='ltr'><strong>ac</strong></span> <span class='ocrx_word' id='word_1_250' title='bbox 1264 1936 1319 1977; x_wconf 91' lang='lat' dir='ltr'><strong>eri·</strong></span> 
     </span>
     <span class='ocr_line' id='line_1_26' title="bbox 79 1970 1319 2065; baseline 0.002 -18"><span class='ocrx_word' id='word_1_251' title='bbox 79 1970 268 2047; x_wconf 74' lang='lat' dir='ltr'><strong>hunbimet.</strong></span> <span class='ocrx_word' id='word_1_252' title='bbox 296 1991 359 2062; x_wconf 89' lang='lat' dir='ltr'><strong>lpse</strong></span> <span class='ocrx_word' id='word_1_253' title='bbox 385 2005 453 2062; x_wconf 89' lang='lat' dir='ltr'><strong>ergo</strong></span> <span class='ocrx_word' id='word_1_254' title='bbox 487 1996 604 2063; x_wconf 88' lang='lat' dir='ltr'><strong>propter</strong></span> <span class='ocrx_word' id='word_1_255' title='bbox 628 2007 681 2047; x_wconf 90' lang='lat' dir='ltr'><strong>nos</strong></span> <span class='ocrx_word' id='word_1_256' title='bbox 734 1990 811 2048; x_wconf 90' lang='lat' dir='ltr'><strong>mina</strong></span> <span class='ocrx_word' id='word_1_257' title='bbox 830 1997 929 2048; x_wconf 90' lang='lat' dir='ltr'><strong>nostra</strong></span> <span class='ocrx_word' id='word_1_258' title='bbox 942 1993 1040 2049; x_wconf 89' lang='lat' dir='ltr'><strong>lavans</strong></span> <span class='ocrx_word' id='word_1_259' title='bbox 1060 1998 1089 2049; x_wconf 90' lang='lat' dir='ltr'><strong>ct</strong></span> <span class='ocrx_word' id='word_1_260' title='bbox 1118 2009 1253 2065; x_wconf 84' lang='lat' dir='ltr'><strong>purgans,</strong></span> <span class='ocrx_word' id='word_1_261' title='bbox 1268 1992 1319 2050; x_wconf 86' lang='lat' dir='ltr'><strong>de·</strong></span> 
     </span>
     <span class='ocr_line' id='line_1_27' title="bbox 78 2042 1318 2143; baseline 0.001 -26"><span class='ocrx_word' id='word_1_262' title='bbox 78 2042 524 2143; x_wconf 61' lang='lat' dir='ltr'><strong>imbuendosioluitapparere</strong></span> <span class='ocrx_word' id='word_1_263' title='bbox 534 2061 609 2132; x_wconf 93' lang='lat' dir='ltr'><strong>quod</strong></span> <span class='ocrx_word' id='word_1_264' title='bbox 622 2077 680 2117; x_wconf 95' lang='lat' dir='ltr'><strong>non</strong></span> <span class='ocrx_word' id='word_1_265' title='bbox 734 2067 851 2135; x_wconf 88' lang='lat' dir='ltr'><strong>sponsat</strong></span> <span class='ocrx_word' id='word_1_266' title='bbox 869 2062 922 2119; x_wconf 91' lang='lat' dir='ltr'><strong>sibi</strong></span> <span class='ocrx_word' id='word_1_267' title='bbox 949 2063 1138 2120; x_wconf 80' lang='lat' dir='ltr'><strong>universalem</strong></span> <span class='ocrx_word' id='word_1_268' title='bbox 1152 2062 1318 2132; x_wconf 85' lang='lat' dir='ltr'><strong>Ecclesiam,</strong></span> 
     </span>
     <span class='ocr_line' id='line_1_28' title="bbox 80 2129 1318 2204; baseline 0.002 -16"><span class='ocrx_word' id='word_1_269' title='bbox 80 2135 165 2201; x_wconf 65' lang='lat' dir='ltr'><strong>erat,</strong></span> <span class='ocrx_word' id='word_1_270' title='bbox 190 2129 222 2187; x_wconf 91' lang='lat' dir='ltr'><strong>ln</strong></span> <span class='ocrx_word' id='word_1_271' title='bbox 244 2146 288 2187; x_wconf 91' lang='lat' dir='ltr'><strong>sui</strong></span> <span class='ocrx_word' id='word_1_272' title='bbox 312 2131 504 2203; x_wconf 81' lang='lat' dir='ltr'><strong>abjectionem</strong></span> <span class='ocrx_word' id='word_1_273' title='bbox 527 2137 556 2188; x_wconf 89' lang='lat' dir='ltr'><strong>et</strong></span> <span class='ocrx_word' id='word_1_274' title='bbox 578 2132 680 2204; x_wconf 92' lang='lat' dir='ltr'><strong>despe-</strong></span> <span class='ocrx_word' id='word_1_275' title='bbox 733 2140 763 2190; x_wconf 94' lang='lat' dir='ltr'><strong>et</strong></span> <span class='ocrx_word' id='word_1_276' title='bbox 776 2149 876 2190; x_wconf 92' lang='lat' dir='ltr'><strong>omnes</strong></span> <span class='ocrx_word' id='word_1_277' title='bbox 887 2133 997 2190; x_wconf 90' lang='lat' dir='ltr'><strong>animas</strong></span> <span class='ocrx_word' id='word_1_278' title='bbox 1011 2134 1127 2201; x_wconf 88' lang='lat' dir='ltr'><strong>sidelcs;</strong></span> <span class='ocrx_word' id='word_1_279' title='bbox 1140 2150 1205 2190; x_wconf 92' lang='lat' dir='ltr'><strong>nam</strong></span> <span class='ocrx_word' id='word_1_280' title='bbox 1216 2135 1246 2189; x_wconf 95' lang='lat' dir='ltr'><strong>in</strong></span> <span class='ocrx_word' id='word_1_281' title='bbox 1259 2133 1318 2191; x_wconf 86' lang='lat' dir='ltr'><strong>lide</strong></span> 
     </span>
     <span class='ocr_line' id='line_1_29' title="bbox 83 2202 1317 2275; baseline 0.002 -17"><span class='ocrx_word' id='word_1_282' title='bbox 83 2202 273 2270; x_wconf 57' lang='lat' dir='ltr'><strong>ttionemnt</strong></span> <span class='ocrx_word' id='word_1_283' title='bbox 286 2208 475 2260; x_wconf 85' lang='lat' dir='ltr'><strong>nosecontra</strong></span> <span class='ocrx_word' id='word_1_284' title='bbox 486 2203 617 2259; x_wconf 79' lang='lat' dir='ltr'><strong>volumus</strong></span> <span class='ocrx_word' id='word_1_285' title='bbox 629 2217 679 2275; x_wconf 91' lang='lat' dir='ltr'><strong>ap·</strong></span> <span class='ocrx_word' id='word_1_286' title='bbox 734 2204 916 2275; x_wconf 77' lang='lat' dir='ltr'><strong>baptismatis</strong></span> <span class='ocrx_word' id='word_1_287' title='bbox 946 2205 1154 2275; x_wconf 88' lang='lat' dir='ltr'><strong>desponsamui</strong></span> <span class='ocrx_word' id='word_1_288' title='bbox 1196 2202 1317 2260; x_wconf 88' lang='lat' dir='ltr'><strong>Domino</strong></span> 
     </span>
     <span class='ocr_line' id='line_1_30' title="bbox 83 2272 1318 2346; baseline 0 -17"><span class='ocrx_word' id='word_1_289' title='bbox 83 2282 195 2346; x_wconf 76' lang='lat' dir='ltr'><strong>parere</strong></span> <span class='ocrx_word' id='word_1_290' title='bbox 215 2272 291 2344; x_wconf 91' lang='lat' dir='ltr'><strong>quod</strong></span> <span class='ocrx_word' id='word_1_291' title='bbox 310 2288 368 2329; x_wconf 93' lang='lat' dir='ltr'><strong>non</strong></span> <span class='ocrx_word' id='word_1_292' title='bbox 384 2289 492 2342; x_wconf 90' lang='lat' dir='ltr'><strong>sumus,</strong></span> <span class='ocrx_word' id='word_1_293' title='bbox 506 2273 535 2329; x_wconf 93' lang='lat' dir='ltr'><strong>iii</strong></span> <span class='ocrx_word' id='word_1_294' title='bbox 553 2279 679 2331; x_wconf 91' lang='lat' dir='ltr'><strong>nostram</strong></span> <span class='ocrx_word' id='word_1_295' title='bbox 734 2282 832 2331; x_wconf 92' lang='lat' dir='ltr'><strong>nostro</strong></span> <span class='ocrx_word' id='word_1_296' title='bbox 847 2277 916 2331; x_wconf 84' lang='lat' dir='ltr'><strong>lesu</strong></span> <span class='ocrx_word' id='word_1_297' title='bbox 926 2274 1049 2342; x_wconf 85' lang='lat' dir='ltr'><strong>Christo,</strong></span> <span class='ocrx_word' id='word_1_298' title='bbox 1066 2274 1207 2344; x_wconf 86' lang='lat' dir='ltr'><strong>Propheta</strong></span> <span class='ocrx_word' id='word_1_299' title='bbox 1217 2273 1247 2328; x_wconf 92' lang='lat' dir='ltr'><strong>iii</strong></span> <span class='ocrx_word' id='word_1_300' title='bbox 1255 2288 1318 2344; x_wconf 88' lang='lat' dir='ltr'><strong>per-</strong></span> 
     </span>
     <span class='ocr_line' id='line_1_31' title="bbox 90 2342 1318 2417; baseline -0.002 -18"><span class='ocrx_word' id='word_1_301' title='bbox 90 2342 214 2417; x_wconf 87' lang='lat' dir='ltr'><strong>gloriam</strong></span> <span class='ocrx_word' id='word_1_302' title='bbox 229 2348 258 2400; x_wconf 92' lang='lat' dir='ltr'><strong>et</strong></span> <span class='ocrx_word' id='word_1_303' title='bbox 277 2343 399 2400; x_wconf 91' lang='lat' dir='ltr'><strong>laudem.</strong></span> <span class='ocrx_word' id='word_1_304' title='bbox 415 2343 443 2401; x_wconf 90' lang='lat' dir='ltr'><strong>Si</strong></span> <span class='ocrx_word' id='word_1_305' title='bbox 463 2344 530 2415; x_wconf 89' lang='lat' dir='ltr'><strong>quid</strong></span> <span class='ocrx_word' id='word_1_306' title='bbox 552 2345 580 2400; x_wconf 98' lang='lat' dir='ltr'><strong>id</strong></span> <span class='ocrx_word' id='word_1_307' title='bbox 597 2344 680 2401; x_wconf 90' lang='lat' dir='ltr'><strong>nobis</strong></span> <span class='ocrx_word' id='word_1_308' title='bbox 734 2361 806 2401; x_wconf 91' lang='lat' dir='ltr'><strong>soria</strong></span> <span class='ocrx_word' id='word_1_309' title='bbox 819 2345 905 2416; x_wconf 89' lang='lat' dir='ltr'><strong>ipsius</strong></span> <span class='ocrx_word' id='word_1_310' title='bbox 920 2344 1032 2400; x_wconf 87' lang='lat' dir='ltr'><strong>dicente</strong></span> <span class='ocrx_word' id='word_1_311' title='bbox 1049 2345 1213 2413; x_wconf 84' lang='lat' dir='ltr'><strong>:Sponsoiio</strong></span> <span class='ocrx_word' id='word_1_312' title='bbox 1228 2346 1318 2398; x_wconf 79' lang='lat' dir='ltr'><strong>temt-</strong></span> 
     </span>
     <span class='ocr_line' id='line_1_32' title="bbox 89 2412 1321 2486; baseline -0.001 -15"><span class='ocrx_word' id='word_1_313' title='bbox 89 2413 280 2471; x_wconf 75' lang='lat' dir='ltr'><strong>videturesse</strong></span> <span class='ocrx_word' id='word_1_314' title='bbox 299 2414 460 2486; x_wconf 85' lang='lat' dir='ltr'><strong>probitatis,</strong></span> <span class='ocrx_word' id='word_1_315' title='bbox 478 2414 679 2483; x_wconf 88' lang='lat' dir='ltr'><strong>ostendimus;</strong></span> <span class='ocrx_word' id='word_1_316' title='bbox 735 2418 764 2471; x_wconf 83' lang='lat' dir='ltr'><strong>bi·</strong></span> <span class='ocrx_word' id='word_1_317' title='bbox 786 2418 816 2470; x_wconf 84' lang='lat' dir='ltr'><strong>ia</strong></span> <span class='ocrx_word' id='word_1_318' title='bbox 835 2416 905 2484; x_wconf 72' lang='lat' dir='ltr'><strong>fide,</strong></span> <span class='ocrx_word' id='word_1_319' title='bbox 923 2415 998 2469; x_wconf 91' lang='lat' dir='ltr'><strong>unde</strong></span> <span class='ocrx_word' id='word_1_320' title='bbox 1022 2415 1082 2470; x_wconf 75' lang='lat' dir='ltr'><strong>haec</strong></span> <span class='ocrx_word' id='word_1_321' title='bbox 1100 2412 1267 2469; x_wconf 86' lang='lat' dir='ltr'><strong>solemnitas</strong></span> <span class='ocrx_word' id='word_1_322' title='bbox 1290 2418 1321 2470; x_wconf 93' lang='lat' dir='ltr'><strong>et</strong></span> 
     </span>
     <span class='ocr_line' id='line_1_33' title="bbox 89 2483 1322 2557; baseline -0.002 -14"><span class='ocrx_word' id='word_1_323' title='bbox 89 2485 220 2543; x_wconf 88' lang='lat' dir='ltr'><strong>delectus</strong></span> <span class='ocrx_word' id='word_1_324' title='bbox 245 2501 325 2554; x_wconf 91' lang='lat' dir='ltr'><strong>iieru,</strong></span> <span class='ocrx_word' id='word_1_325' title='bbox 352 2485 400 2557; x_wconf 91' lang='lat' dir='ltr'><strong>qui</strong></span> <span class='ocrx_word' id='word_1_326' title='bbox 429 2485 561 2542; x_wconf 89' lang='lat' dir='ltr'><strong>innubis</strong></span> <span class='ocrx_word' id='word_1_327' title='bbox 590 2491 679 2554; x_wconf 91' lang='lat' dir='ltr'><strong>sunt,</strong></span> <span class='ocrx_word' id='word_1_328' title='bbox 733 2487 795 2542; x_wconf 71' lang='lat' dir='ltr'><strong>burc</strong></span> <span class='ocrx_word' id='word_1_329' title='bbox 809 2484 936 2557; x_wconf 88' lang='lat' dir='ltr'><strong>operatio</strong></span> <span class='ocrx_word' id='word_1_330' title='bbox 960 2484 1042 2539; x_wconf 86' lang='lat' dir='ltr'><strong>valdo</strong></span> <span class='ocrx_word' id='word_1_331' title='bbox 1062 2483 1138 2539; x_wconf 90' lang='lat' dir='ltr'><strong>utilis</strong></span> <span class='ocrx_word' id='word_1_332' title='bbox 1161 2487 1322 2540; x_wconf 91' lang='lat' dir='ltr'><strong>estetma·</strong></span> 
     </span>
     <span class='ocr_line' id='line_1_34' title="bbox 90 2551 1318 2683; baseline -0.002 -70"><span class='ocrx_word' id='word_1_333' title='bbox 90 2556 230 2637; x_wconf 78' lang='lat' dir='ltr'><strong>celamus.</strong></span> <span class='ocrx_word' id='word_1_334' title='bbox 254 2557 294 2612; x_wconf 83' lang='lat' dir='ltr'><strong>Ex</strong></span> <span class='ocrx_word' id='word_1_335' title='bbox 312 2557 367 2613; x_wconf 90' lang='lat' dir='ltr'><strong>boc</strong></span> <span class='ocrx_word' id='word_1_336' title='bbox 380 2555 473 2637; x_wconf 33' lang='lat' dir='ltr'><strong>&#39;etiam</strong></span> <span class='ocrx_word' id='word_1_337' title='bbox 492 2556 601 2629; x_wconf 90' lang='lat' dir='ltr'><strong>poteris</strong></span> <span class='ocrx_word' id='word_1_338' title='bbox 617 2557 680 2637; x_wconf 82' lang='lat' dir='ltr'><strong>ejus</strong></span> <span class='ocrx_word' id='word_1_339' title='bbox 733 2573 800 2683; x_wconf 48' lang='lat' dir='ltr'><strong>zue,</strong></span> <span class='ocrx_word' id='word_1_340' title='bbox 816 2562 845 2612; x_wconf 87' lang='lat' dir='ltr'><strong>et</strong></span> <span class='ocrx_word' id='word_1_341' title='bbox 856 2555 919 2611; x_wconf 90' lang='lat' dir='ltr'><strong>ideo</strong></span> <span class='ocrx_word' id='word_1_342' title='bbox 930 2555 1061 2610; x_wconf 79' lang='lat' dir='ltr'><strong>laetanter</strong></span> <span class='ocrx_word' id='word_1_343' title='bbox 1069 2558 1165 2635; x_wconf 83' lang='lat' dir='ltr'><strong>cantat</strong></span> <span class='ocrx_word' id='word_1_344' title='bbox 1172 2551 1318 2610; x_wconf 84' lang='lat' dir='ltr'><strong>Ecclesia:</strong></span> 
     </span>
     <span class='ocr_line' id='line_1_35' title="bbox 87 2626 1320 2698; baseline -0.001 -15"><span class='ocrx_word' id='word_1_345' title='bbox 87 2626 283 2683; x_wconf 85' lang='lat' dir='ltr'><strong>bumilitatem</strong></span> <span class='ocrx_word' id='word_1_346' title='bbox 309 2627 513 2696; x_wconf 87' lang='lat' dir='ltr'><strong>considerare,</strong></span> <span class='ocrx_word' id='word_1_347' title='bbox 545 2629 621 2698; x_wconf 90' lang='lat' dir='ltr'><strong>quod</strong></span> <span class='ocrx_word' id='word_1_348' title='bbox 649 2643 680 2682; x_wconf 94' lang='lat' dir='ltr'><strong>in</strong></span> <span class='ocrx_word' id='word_1_349' title='bbox 760 2629 821 2682; x_wconf 83' lang='lat' dir='ltr'><strong>odie</strong></span> <span class='ocrx_word' id='word_1_350' title='bbox 838 2628 938 2681; x_wconf 79' lang='lat' dir='ltr'><strong>celesti</strong></span> <span class='ocrx_word' id='word_1_351' title='bbox 956 2628 1061 2697; x_wconf 83' lang='lat' dir='ltr'><strong>sponso</strong></span> <span class='ocrx_word' id='word_1_352' title='bbox 1083 2631 1183 2696; x_wconf 66' lang='lat' dir='ltr'><strong>junctu</strong></span> <span class='ocrx_word' id='word_1_353' title='bbox 1208 2629 1249 2681; x_wconf 86' lang='lat' dir='ltr'><strong>est</strong></span> <span class='ocrx_word' id='word_1_354' title='bbox 1266 2627 1320 2682; x_wconf 83' lang='lat' dir='ltr'><strong>Eo·</strong></span> 
     </span>
     <span class='ocr_line' id='line_1_36' title="bbox 86 2696 1322 2770; baseline -0.002 -15"><span class='ocrx_word' id='word_1_355' title='bbox 86 2696 269 2770; x_wconf 83' lang='lat' dir='ltr'><strong>suscipiendo</strong></span> <span class='ocrx_word' id='word_1_356' title='bbox 295 2697 478 2770; x_wconf 88' lang='lat' dir='ltr'><strong>baptismum,</strong></span> <span class='ocrx_word' id='word_1_357' title='bbox 506 2703 536 2754; x_wconf 93' lang='lat' dir='ltr'><strong>et</strong></span> <span class='ocrx_word' id='word_1_358' title='bbox 563 2700 591 2753; x_wconf 89' lang='lat' dir='ltr'><strong>in</strong></span> <span class='ocrx_word' id='word_1_359' title='bbox 616 2697 680 2754; x_wconf 89' lang='lat' dir='ltr'><strong>aliis</strong></span> <span class='ocrx_word' id='word_1_360' title='bbox 734 2700 840 2761; x_wconf 79' lang='lat' dir='ltr'><strong>clasis,</strong></span> <span class='ocrx_word' id='word_1_361' title='bbox 868 2700 998 2767; x_wconf 82' lang='lat' dir='ltr'><strong>quoniam</strong></span> <span class='ocrx_word' id='word_1_362' title='bbox 1031 2701 1061 2752; x_wconf 85' lang='lat' dir='ltr'><strong>ta</strong></span> <span class='ocrx_word' id='word_1_363' title='bbox 1100 2698 1220 2753; x_wconf 83' lang='lat' dir='ltr'><strong>Jurduae</strong></span> <span class='ocrx_word' id='word_1_364' title='bbox 1251 2697 1322 2753; x_wconf 83' lang='lat' dir='ltr'><strong>lauit</strong></span> 
     </span>
     <span class='ocr_line' id='line_1_37' title="bbox 108 2768 1321 2840; baseline 0 -15"><span class='ocrx_word' id='word_1_365' title='bbox 108 2784 152 2826; x_wconf 86' lang='lat' dir='ltr'><strong>uie</strong></span> <span class='ocrx_word' id='word_1_366' title='bbox 178 2768 335 2826; x_wconf 87' lang='lat' dir='ltr'><strong>seeundum</strong></span> <span class='ocrx_word' id='word_1_367' title='bbox 362 2771 465 2840; x_wconf 82' lang='lat' dir='ltr'><strong>Legem</strong></span> <span class='ocrx_word' id='word_1_368' title='bbox 491 2768 678 2836; x_wconf 87' lang='lat' dir='ltr'><strong>debebantur,</strong></span> <span class='ocrx_word' id='word_1_369' title='bbox 734 2770 859 2828; x_wconf 63' lang='lat' dir='ltr'><strong>cinctus</strong></span> <span class='ocrx_word' id='word_1_370' title='bbox 878 2769 939 2839; x_wconf 82' lang='lat' dir='ltr'><strong>ejus</strong></span> <span class='ocrx_word' id='word_1_371' title='bbox 967 2771 1094 2824; x_wconf 82' lang='lat' dir='ltr'><strong>crimino.</strong></span> <span class='ocrx_word' id='word_1_372' title='bbox 1125 2769 1204 2825; x_wconf 90' lang='lat' dir='ltr'><strong>Unde</strong></span> <span class='ocrx_word' id='word_1_373' title='bbox 1223 2768 1321 2825; x_wconf 71' lang='lat' dir='ltr'><strong>ansel</strong></span> 
     </span>
     <span class='ocr_line' id='line_1_38' title="bbox 130 2838 1320 2923; baseline 0 -27"><span class='ocrx_word' id='word_1_374' title='bbox 130 2838 227 2896; x_wconf 77' lang='lat' dir='ltr'><strong>nunus</strong></span> <span class='ocrx_word' id='word_1_375' title='bbox 246 2839 328 2911; x_wconf 84' lang='lat' dir='ltr'><strong>Legis</strong></span> <span class='ocrx_word' id='word_1_376' title='bbox 347 2843 376 2896; x_wconf 91' lang='lat' dir='ltr'><strong>et</strong></span> <span class='ocrx_word' id='word_1_377' title='bbox 392 2855 478 2911; x_wconf 91' lang='lat' dir='ltr'><strong>supra</strong></span> <span class='ocrx_word' id='word_1_378' title='bbox 494 2841 597 2923; x_wconf 85' lang='lat' dir='ltr'><strong>Legem</strong></span> <span class='ocrx_word' id='word_1_379' title='bbox 621 2838 679 2896; x_wconf 88' lang='lat' dir='ltr'><strong>eiii·</strong></span> <span class='ocrx_word' id='word_1_380' title='bbox 733 2857 794 2896; x_wconf 85' lang='lat' dir='ltr'><strong>mus</strong></span> <span class='ocrx_word' id='word_1_381' title='bbox 810 2860 818 2895; x_wconf 88' lang='lat'>:</span> <span class='ocrx_word' id='word_1_382' title='bbox 836 2862 851 2891; x_wconf 76' lang='lat' dir='ltr'><strong>u</strong></span> <span class='ocrx_word' id='word_1_383' title='bbox 864 2843 900 2896; x_wconf 79' lang='lat' dir='ltr'><strong>ut</strong></span> <span class='ocrx_word' id='word_1_384' title='bbox 915 2856 980 2897; x_wconf 88' lang='lat' dir='ltr'><strong>iero</strong></span> <span class='ocrx_word' id='word_1_385' title='bbox 998 2840 1043 2897; x_wconf 95' lang='lat' dir='ltr'><strong>iibi</strong></span> <span class='ocrx_word' id='word_1_386' title='bbox 1063 2838 1232 2896; x_wconf 86' lang='lat' dir='ltr'><strong>robustioris</strong></span> <span class='ocrx_word' id='word_1_387' title='bbox 1250 2844 1320 2896; x_wconf 82' lang='lat' dir='ltr'><strong>eata·</strong></span> 
     </span>
     <span class='ocr_line' id='line_1_39' title="bbox 85 2909 1320 2983; baseline -0.001 -15"><span class='ocrx_word' id='word_1_388' title='bbox 85 2916 167 2968; x_wconf 82' lang='lat' dir='ltr'><strong>stans</strong></span> <span class='ocrx_word' id='word_1_389' title='bbox 186 2909 309 2967; x_wconf 86' lang='lat' dir='ltr'><strong>iaciebat</strong></span> <span class='ocrx_word' id='word_1_390' title='bbox 324 2915 354 2967; x_wconf 91' lang='lat' dir='ltr'><strong>ut</strong></span> <span class='ocrx_word' id='word_1_391' title='bbox 372 2911 458 2967; x_wconf 87' lang='lat' dir='ltr'><strong>ceteri</strong></span> <span class='ocrx_word' id='word_1_392' title='bbox 469 2910 611 2979; x_wconf 91' lang='lat' dir='ltr'><strong>homines,</strong></span> <span class='ocrx_word' id='word_1_393' title='bbox 627 2925 680 2967; x_wconf 90' lang='lat' dir='ltr'><strong>nec</strong></span> <span class='ocrx_word' id='word_1_394' title='bbox 732 2911 770 2968; x_wconf 89' lang='lat' dir='ltr'><strong>tis</strong></span> <span class='ocrx_word' id='word_1_395' title='bbox 793 2911 939 2983; x_wconf 86' lang='lat' dir='ltr'><strong>plenitudo</strong></span> <span class='ocrx_word' id='word_1_396' title='bbox 960 2911 1086 2979; x_wconf 83' lang='lat' dir='ltr'><strong>advenit,</strong></span> <span class='ocrx_word' id='word_1_397' title='bbox 1102 2910 1240 2968; x_wconf 89' lang='lat' dir='ltr'><strong>missurus</strong></span> <span class='ocrx_word' id='word_1_398' title='bbox 1258 2925 1320 2967; x_wconf 89' lang='lat' dir='ltr'><strong>ma·</strong></span> 
     </span>
     <span class='ocr_line' id='line_1_40' title="bbox 85 2980 1320 3054; baseline 0.001 -18"><span class='ocrx_word' id='word_1_399' title='bbox 85 2981 203 3039; x_wconf 76' lang='lat' dir='ltr'><strong>solebat</strong></span> <span class='ocrx_word' id='word_1_400' title='bbox 232 2980 308 3038; x_wconf 89' lang='lat' dir='ltr'><strong>ullas</strong></span> <span class='ocrx_word' id='word_1_401' title='bbox 341 2982 448 3038; x_wconf 89' lang='lat' dir='ltr'><strong>babere</strong></span> <span class='ocrx_word' id='word_1_402' title='bbox 474 2980 679 3054; x_wconf 76' lang='lat' dir='ltr'><strong>praerogativas</strong></span> <span class='ocrx_word' id='word_1_403' title='bbox 733 2999 787 3040; x_wconf 92' lang='lat' dir='ltr'><strong>nus</strong></span> <span class='ocrx_word' id='word_1_404' title='bbox 799 2983 835 3039; x_wconf 92' lang='lat' dir='ltr'><strong>ad</strong></span> <span class='ocrx_word' id='word_1_405' title='bbox 852 2983 947 3051; x_wconf 85' lang='lat' dir='ltr'><strong>sortia,</strong></span> <span class='ocrx_word' id='word_1_406' title='bbox 968 2999 1100 3054; x_wconf 85' lang='lat' dir='ltr'><strong>egressus</strong></span> <span class='ocrx_word' id='word_1_407' title='bbox 1114 2983 1184 3038; x_wconf 89' lang='lat' dir='ltr'><strong>esin</strong></span> <span class='ocrx_word' id='word_1_408' title='bbox 1198 2980 1320 3038; x_wconf 85' lang='lat' dir='ltr'><strong>salutem</strong></span> 
     </span>
     <span class='ocr_line' id='line_1_41' title="bbox 85 3051 1321 3126; baseline -0.002 -18"><span class='ocrx_word' id='word_1_409' title='bbox 85 3051 237 3125; x_wconf 84' lang='lat' dir='ltr'><strong>speciales.</strong></span> <span class='ocrx_word' id='word_1_410' title='bbox 260 3053 323 3108; x_wconf 88' lang='lat' dir='ltr'><strong>Non</strong></span> <span class='ocrx_word' id='word_1_411' title='bbox 337 3056 379 3109; x_wconf 88' lang='lat' dir='ltr'><strong>alc</strong></span> <span class='ocrx_word' id='word_1_412' title='bbox 394 3051 475 3108; x_wconf 94' lang='lat' dir='ltr'><strong>multi</strong></span> <span class='ocrx_word' id='word_1_413' title='bbox 489 3052 519 3108; x_wconf 92' lang='lat' dir='ltr'><strong>iii</strong></span> <span class='ocrx_word' id='word_1_414' title='bbox 534 3054 679 3109; x_wconf 88' lang='lat' dir='ltr'><strong>communi</strong></span> <span class='ocrx_word' id='word_1_415' title='bbox 734 3053 827 3126; x_wconf 92' lang='lat' dir='ltr'><strong>populi</strong></span> <span class='ocrx_word' id='word_1_416' title='bbox 847 3054 898 3121; x_wconf 90' lang='lat' dir='ltr'><strong>tui,</strong></span> <span class='ocrx_word' id='word_1_417' title='bbox 915 3060 946 3109; x_wconf 94' lang='lat' dir='ltr'><strong>ut</strong></span> <span class='ocrx_word' id='word_1_418' title='bbox 961 3056 1041 3121; x_wconf 80' lang='lat' dir='ltr'><strong>gigas</strong></span> <span class='ocrx_word' id='word_1_419' title='bbox 1058 3053 1140 3107; x_wconf 85' lang='lat' dir='ltr'><strong>sortis</strong></span> <span class='ocrx_word' id='word_1_420' title='bbox 1156 3051 1193 3106; x_wconf 91' lang='lat' dir='ltr'><strong>ad</strong></span> <span class='ocrx_word' id='word_1_421' title='bbox 1206 3067 1321 3108; x_wconf 89' lang='lat' dir='ltr'><strong>curren·</strong></span> 
     </span>
     <span class='ocr_line' id='line_1_42' title="bbox 86 3119 1322 3196; baseline -0.003 -16"><span class='ocrx_word' id='word_1_422' title='bbox 86 3123 313 3195; x_wconf 73' lang='lat' dir='ltr'><strong>congregatione</strong></span> <span class='ocrx_word' id='word_1_423' title='bbox 327 3122 412 3195; x_wconf 90' lang='lat' dir='ltr'><strong>positi</strong></span> <span class='ocrx_word' id='word_1_424' title='bbox 426 3124 542 3192; x_wconf 83' lang='lat' dir='ltr'><strong>iaciunt,</strong></span> <span class='ocrx_word' id='word_1_425' title='bbox 556 3123 604 3194; x_wconf 90' lang='lat' dir='ltr'><strong>qui</strong></span> <span class='ocrx_word' id='word_1_426' title='bbox 619 3139 678 3196; x_wconf 85' lang='lat' dir='ltr'><strong>prae</strong></span> <span class='ocrx_word' id='word_1_427' title='bbox 734 3126 800 3181; x_wconf 90' lang='lat' dir='ltr'><strong>darn</strong></span> <span class='ocrx_word' id='word_1_428' title='bbox 815 3124 889 3179; x_wconf 82' lang='lat' dir='ltr'><strong>viam</strong></span> <span class='ocrx_word' id='word_1_429' title='bbox 906 3123 992 3178; x_wconf 89' lang='lat' dir='ltr'><strong>totius</strong></span> <span class='ocrx_word' id='word_1_430' title='bbox 1012 3126 1117 3176; x_wconf 78' lang='lat' dir='ltr'><strong>nostrae</strong></span> <span class='ocrx_word' id='word_1_431' title='bbox 1139 3119 1271 3175; x_wconf 83' lang='lat' dir='ltr'><strong>miseriae.</strong></span> <span class='ocrx_word' id='word_1_432' title='bbox 1286 3122 1322 3176; x_wconf 78' lang='lat' dir='ltr'><strong>lit</strong></span> 
     </span>
     <span class='ocr_line' id='line_1_43' title="bbox 85 3189 1321 3268; baseline -0.005 -17"><span class='ocrx_word' id='word_1_433' title='bbox 85 3191 192 3251; x_wconf 83' lang='lat' dir='ltr'><strong>ceteris</strong></span> <span class='ocrx_word' id='word_1_434' title='bbox 229 3197 415 3266; x_wconf 85' lang='lat' dir='ltr'><strong>rierogativas</strong></span> <span class='ocrx_word' id='word_1_435' title='bbox 441 3196 603 3265; x_wconf 79' lang='lat' dir='ltr'><strong>singulares</strong></span> <span class='ocrx_word' id='word_1_436' title='bbox 627 3195 679 3251; x_wconf 93' lang='lat' dir='ltr'><strong>ba·</strong></span> <span class='ocrx_word' id='word_1_437' title='bbox 733 3195 856 3268; x_wconf 89' lang='lat' dir='ltr'><strong>primuni</strong></span> <span class='ocrx_word' id='word_1_438' title='bbox 872 3193 985 3264; x_wconf 88' lang='lat' dir='ltr'><strong>quidem</strong></span> <span class='ocrx_word' id='word_1_439' title='bbox 1001 3197 1031 3245; x_wconf 95' lang='lat' dir='ltr'><strong>iit</strong></span> <span class='ocrx_word' id='word_1_440' title='bbox 1047 3206 1096 3261; x_wconf 93' lang='lat' dir='ltr'><strong>per</strong></span> <span class='ocrx_word' id='word_1_441' title='bbox 1110 3191 1206 3244; x_wconf 90' lang='lat' dir='ltr'><strong>omnia</strong></span> <span class='ocrx_word' id='word_1_442' title='bbox 1221 3192 1248 3243; x_wconf 90' lang='lat' dir='ltr'><strong>te</strong></span> <span class='ocrx_word' id='word_1_443' title='bbox 1263 3189 1321 3245; x_wconf 88' lang='lat' dir='ltr'><strong>lra-</strong></span> 
     </span>
     <span class='ocr_line' id='line_1_44' title="bbox 86 3208 1320 3343; baseline -0.006 -20"><span class='ocrx_word' id='word_1_444' title='bbox 86 3262 158 3323; x_wconf 86' lang='lat' dir='ltr'><strong>bere</strong></span> <span class='ocrx_word' id='word_1_445' title='bbox 173 3208 283 3320; x_wconf 63' lang='lat' dir='ltr'><strong>rufant.</strong></span> <span class='ocrx_word' id='word_1_446' title='bbox 734 3266 826 3321; x_wconf 90' lang='lat' dir='ltr'><strong>tribus</strong></span> <span class='ocrx_word' id='word_1_447' title='bbox 850 3262 1035 3329; x_wconf 86' lang='lat' dir='ltr'><strong>assimilares,</strong></span> <span class='ocrx_word' id='word_1_448' title='bbox 1053 3274 1165 3343; x_wconf 78' lang='lat' dir='ltr'><strong>servum</strong></span> <span class='ocrx_word' id='word_1_449' title='bbox 1178 3265 1260 3340; x_wconf 80' lang='lat' dir='ltr'><strong>tuum</strong></span> <span class='ocrx_word' id='word_1_450' title='bbox 1270 3258 1320 3316; x_wconf 89' lang='lat' dir='ltr'><strong>ba·</strong></span> 
     </span>
     <span class='ocr_line' id='line_1_45' title="bbox 123 3334 1321 3413; baseline -0.004 -22"><span class='ocrx_word' id='word_1_451' title='bbox 123 3336 324 3409; x_wconf 78' lang='lat' dir='ltr'><strong>pllurriziiroa</strong></span> <span class='ocrx_word' id='word_1_452' title='bbox 338 3336 482 3404; x_wconf 79' lang='lat' dir='ltr'><strong>Canisrus,</strong></span> <span class='ocrx_word' id='word_1_453' title='bbox 493 3352 622 3391; x_wconf 85' lang='lat' dir='ltr'><strong>conroiiis</strong></span> <span class='ocrx_word' id='word_1_454' title='bbox 635 3352 680 3391; x_wconf 79' lang='lat' dir='ltr'><strong>ra·</strong></span> <span class='ocrx_word' id='word_1_455' title='bbox 734 3336 887 3408; x_wconf 90' lang='lat' dir='ltr'><strong>ptizantem</strong></span> <span class='ocrx_word' id='word_1_456' title='bbox 900 3338 1062 3405; x_wconf 87' lang='lat' dir='ltr'><strong>peccatores</strong></span> <span class='ocrx_word' id='word_1_457' title='bbox 1073 3348 1100 3386; x_wconf 94' lang='lat' dir='ltr'><strong>iii</strong></span> <span class='ocrx_word' id='word_1_458' title='bbox 1114 3334 1321 3413; x_wconf 71' lang='lat' dir='ltr'><strong>poenilentram,</strong></span> 
     </span>
     <span class='ocr_line' id='line_1_46' title="bbox 90 3401 1322 3477; baseline -0.004 -13"><span class='ocrx_word' id='word_1_459' title='bbox 90 3421 140 3464; x_wconf 83' lang='lat' dir='ltr'><strong>cru</strong></span> <span class='ocrx_word' id='word_1_460' title='bbox 155 3422 245 3469; x_wconf 78' lang='lat' dir='ltr'><strong>souis</strong></span> <span class='ocrx_word' id='word_1_461' title='bbox 265 3424 300 3462; x_wconf 79' lang='lat' dir='ltr'><strong>iii</strong></span> <span class='ocrx_word' id='word_1_462' title='bbox 320 3409 476 3464; x_wconf 82' lang='lat' dir='ltr'><strong>Birrisiiuii</strong></span> <span class='ocrx_word' id='word_1_463' title='bbox 495 3423 675 3463; x_wconf 69' lang='lat' dir='ltr'><strong>consecutus.</strong></span> <span class='ocrx_word' id='word_1_464' title='bbox 735 3415 881 3477; x_wconf 83' lang='lat' dir='ltr'><strong>tamquam</strong></span> <span class='ocrx_word' id='word_1_465' title='bbox 908 3409 1038 3476; x_wconf 88' lang='lat' dir='ltr'><strong>peccator</strong></span> <span class='ocrx_word' id='word_1_466' title='bbox 1064 3401 1160 3470; x_wconf 90' lang='lat' dir='ltr'><strong>adisti,</strong></span> <span class='ocrx_word' id='word_1_467' title='bbox 1183 3402 1322 3473; x_wconf 89' lang='lat' dir='ltr'><strong>baptizari</strong></span> 
     </span>
     <span class='ocr_line' id='line_1_47' title="bbox 92 3475 1322 3554; baseline -0.004 -19"><span class='ocrx_word' id='word_1_468' title='bbox 92 3478 212 3535; x_wconf 85' lang='lat' dir='ltr'><strong>—Cum</strong></span> <span class='ocrx_word' id='word_1_469' title='bbox 227 3493 295 3549; x_wconf 92' lang='lat' dir='ltr'><strong>ergo</strong></span> <span class='ocrx_word' id='word_1_470' title='bbox 305 3480 433 3536; x_wconf 86' lang='lat' dir='ltr'><strong>loannes</strong></span> <span class='ocrx_word' id='word_1_471' title='bbox 443 3480 623 3548; x_wconf 85' lang='lat' dir='ltr'><strong>cognovisset</strong></span> <span class='ocrx_word' id='word_1_472' title='bbox 631 3478 679 3548; x_wconf 92' lang='lat' dir='ltr'><strong>ju·</strong></span> <span class='ocrx_word' id='word_1_473' title='bbox 735 3492 849 3549; x_wconf 90' lang='lat' dir='ltr'><strong>quoquo</strong></span> <span class='ocrx_word' id='word_1_474' title='bbox 864 3484 891 3532; x_wconf 92' lang='lat' dir='ltr'><strong>tc</strong></span> <span class='ocrx_word' id='word_1_475' title='bbox 906 3475 1065 3547; x_wconf 86' lang='lat' dir='ltr'><strong>postulasti.</strong></span> <span class='ocrx_word' id='word_1_476' title='bbox 1083 3476 1223 3554; x_wconf 75' lang='lat' dir='ltr'><strong>innocens</strong></span> <span class='ocrx_word' id='word_1_477' title='bbox 1241 3475 1322 3545; x_wconf 79' lang='lat' dir='ltr'><strong>Agne</strong></span> 
     </span>
     <span class='ocr_line' id='line_1_48' title="bbox 93 3544 1322 3619; baseline -0.002 -15"><span class='ocrx_word' id='word_1_478' title='bbox 93 3546 202 3605; x_wconf 77' lang='lat' dir='ltr'><strong>otiliam</strong></span> <span class='ocrx_word' id='word_1_479' title='bbox 231 3548 289 3618; x_wconf 88' lang='lat' dir='ltr'><strong>sic,</strong></span> <span class='ocrx_word' id='word_1_480' title='bbox 321 3555 350 3605; x_wconf 93' lang='lat' dir='ltr'><strong>et</strong></span> <span class='ocrx_word' id='word_1_481' title='bbox 368 3549 418 3605; x_wconf 90' lang='lat' dir='ltr'><strong>tali</strong></span> <span class='ocrx_word' id='word_1_482' title='bbox 451 3547 552 3605; x_wconf 92' lang='lat' dir='ltr'><strong>ordine</strong></span> <span class='ocrx_word' id='word_1_483' title='bbox 575 3548 681 3605; x_wconf 88' lang='lat' dir='ltr'><strong>debere</strong></span> <span class='ocrx_word' id='word_1_484' title='bbox 736 3548 797 3613; x_wconf 89' lang='lat' dir='ltr'><strong>Dei,</strong></span> <span class='ocrx_word' id='word_1_485' title='bbox 813 3564 897 3619; x_wconf 90' lang='lat' dir='ltr'><strong>quem</strong></span> <span class='ocrx_word' id='word_1_486' title='bbox 911 3546 989 3602; x_wconf 93' lang='lat' dir='ltr'><strong>nulla</strong></span> <span class='ocrx_word' id='word_1_487' title='bbox 1003 3544 1110 3617; x_wconf 87' lang='lat' dir='ltr'><strong>pcccati</strong></span> <span class='ocrx_word' id='word_1_488' title='bbox 1124 3544 1199 3600; x_wconf 93' lang='lat' dir='ltr'><strong>stilla</strong></span> <span class='ocrx_word' id='word_1_489' title='bbox 1213 3545 1257 3601; x_wconf 91' lang='lat' dir='ltr'><strong>iiel</strong></span> <span class='ocrx_word' id='word_1_490' title='bbox 1272 3556 1322 3601; x_wconf 88' lang='lat' dir='ltr'><strong>co·</strong></span> 
     </span>
     <span class='ocr_line' id='line_1_49' title="bbox 93 3615 1322 3692; baseline -0.003 -16"><span class='ocrx_word' id='word_1_491' title='bbox 93 3618 247 3692; x_wconf 86' lang='lat' dir='ltr'><strong>compleri;</strong></span> <span class='ocrx_word' id='word_1_492' title='bbox 263 3620 384 3692; x_wconf 91' lang='lat' dir='ltr'><strong>Spiritus</strong></span> <span class='ocrx_word' id='word_1_493' title='bbox 399 3618 474 3676; x_wconf 91' lang='lat' dir='ltr'><strong>enlm</strong></span> <span class='ocrx_word' id='word_1_494' title='bbox 492 3618 520 3674; x_wconf 92' lang='lat' dir='ltr'><strong>in</strong></span> <span class='ocrx_word' id='word_1_495' title='bbox 536 3621 680 3675; x_wconf 89' lang='lat' dir='ltr'><strong>momento</strong></span> <span class='ocrx_word' id='word_1_496' title='bbox 734 3618 834 3692; x_wconf 90' lang='lat' dir='ltr'><strong>gitatio</strong></span> <span class='ocrx_word' id='word_1_497' title='bbox 845 3633 979 3689; x_wconf 88' lang='lat' dir='ltr'><strong>umquam</strong></span> <span class='ocrx_word' id='word_1_498' title='bbox 990 3615 1150 3686; x_wconf 85' lang='lat' dir='ltr'><strong>maculavit,</strong></span> <span class='ocrx_word' id='word_1_499' title='bbox 1163 3615 1322 3687; x_wconf 85' lang='lat' dir='ltr'><strong>baptizatus</strong></span> 
     </span>
     <span class='ocr_line' id='line_1_50' title="bbox 93 3686 1323 3762; baseline -0.003 -15"><span class='ocrx_word' id='word_1_500' title='bbox 93 3704 161 3747; x_wconf 90' lang='lat' dir='ltr'><strong>euin</strong></span> <span class='ocrx_word' id='word_1_501' title='bbox 195 3689 292 3747; x_wconf 91' lang='lat' dir='ltr'><strong>docuit</strong></span> <span class='ocrx_word' id='word_1_502' title='bbox 319 3691 394 3762; x_wconf 91' lang='lat' dir='ltr'><strong>quod</strong></span> <span class='ocrx_word' id='word_1_503' title='bbox 432 3688 511 3762; x_wconf 87' lang='lat' dir='ltr'><strong>prius</strong></span> <span class='ocrx_word' id='word_1_504' title='bbox 540 3688 681 3759; x_wconf 83' lang='lat' dir='ltr'><strong>nescirit,</strong></span> <span class='ocrx_word' id='word_1_505' title='bbox 736 3708 778 3759; x_wconf 90' lang='lat' dir='ltr'><strong>as,</strong></span> <span class='ocrx_word' id='word_1_506' title='bbox 794 3707 851 3746; x_wconf 93' lang='lat' dir='ltr'><strong>noii</strong></span> <span class='ocrx_word' id='word_1_507' title='bbox 868 3696 895 3745; x_wconf 88' lang='lat' dir='ltr'><strong>le</strong></span> <span class='ocrx_word' id='word_1_508' title='bbox 913 3689 941 3744; x_wconf 92' lang='lat' dir='ltr'><strong>iii</strong></span> <span class='ocrx_word' id='word_1_509' title='bbox 960 3687 1051 3760; x_wconf 90' lang='lat' dir='ltr'><strong>aquis,</strong></span> <span class='ocrx_word' id='word_1_510' title='bbox 1068 3687 1118 3743; x_wconf 90' lang='lat' dir='ltr'><strong>sed</strong></span> <span class='ocrx_word' id='word_1_511' title='bbox 1141 3686 1273 3757; x_wconf 88' lang='lat' dir='ltr'><strong>aquaain</strong></span> <span class='ocrx_word' id='word_1_512' title='bbox 1294 3692 1323 3744; x_wconf 92' lang='lat' dir='ltr'><strong>te</strong></span> 
     </span>
     <span class='ocr_line' id='line_1_51' title="bbox 93 3757 1323 3831; baseline -0.002 -13"><span class='ocrx_word' id='word_1_513' title='bbox 93 3764 171 3826; x_wconf 65' lang='lat' dir='ltr'><strong>boio,</strong></span> <span class='ocrx_word' id='word_1_514' title='bbox 193 3762 336 3819; x_wconf 89' lang='lat' dir='ltr'><strong>consensit</strong></span> <span class='ocrx_word' id='word_1_515' title='bbox 354 3766 383 3818; x_wconf 92' lang='lat' dir='ltr'><strong>et</strong></span> <span class='ocrx_word' id='word_1_516' title='bbox 402 3762 511 3817; x_wconf 81' lang='lat' dir='ltr'><strong>dimisit</strong></span> <span class='ocrx_word' id='word_1_517' title='bbox 529 3777 599 3826; x_wconf 88' lang='lat' dir='ltr'><strong>eum,</strong></span> <span class='ocrx_word' id='word_1_518' title='bbox 620 3775 681 3816; x_wconf 91' lang='lat' dir='ltr'><strong>ase</strong></span> <span class='ocrx_word' id='word_1_519' title='bbox 737 3761 928 3831; x_wconf 78' lang='lat' dir='ltr'><strong>sanctificaris,</strong></span> <span class='ocrx_word' id='word_1_520' title='bbox 943 3765 973 3816; x_wconf 95' lang='lat' dir='ltr'><strong>ut</strong></span> <span class='ocrx_word' id='word_1_521' title='bbox 998 3774 1048 3830; x_wconf 91' lang='lat' dir='ltr'><strong>per</strong></span> <span class='ocrx_word' id='word_1_522' title='bbox 1062 3774 1110 3815; x_wconf 90' lang='lat' dir='ltr'><strong>eas</strong></span> <span class='ocrx_word' id='word_1_523' title='bbox 1129 3757 1323 3816; x_wconf 83' lang='lat' dir='ltr'><strong>sanctificares</strong></span> 
     </span>
     <span class='ocr_line' id='line_1_52' title="bbox 93 3827 1323 3910; baseline -0.003 -21"><span class='ocrx_word' id='word_1_524' title='bbox 93 3830 245 3903; x_wconf 86' lang='lat' dir='ltr'><strong>baptizari,</strong></span> <span class='ocrx_word' id='word_1_525' title='bbox 260 3832 288 3889; x_wconf 96' lang='lat' dir='ltr'><strong>id</strong></span> <span class='ocrx_word' id='word_1_526' title='bbox 304 3837 357 3901; x_wconf 90' lang='lat' dir='ltr'><strong>est,</strong></span> <span class='ocrx_word' id='word_1_527' title='bbox 380 3848 436 3889; x_wconf 92' lang='lat' dir='ltr'><strong>non</strong></span> <span class='ocrx_word' id='word_1_528' title='bbox 459 3830 579 3888; x_wconf 88' lang='lat' dir='ltr'><strong>ulterius</strong></span> <span class='ocrx_word' id='word_1_529' title='bbox 598 3830 681 3888; x_wconf 90' lang='lat' dir='ltr'><strong>resti·</strong></span> <span class='ocrx_word' id='word_1_530' title='bbox 736 3832 917 3889; x_wconf 84' lang='lat' dir='ltr'><strong>nos.»&#39;Unde</strong></span> <span class='ocrx_word' id='word_1_531' title='bbox 929 3834 957 3886; x_wconf 90' lang='lat' dir='ltr'><strong>et</strong></span> <span class='ocrx_word' id='word_1_532' title='bbox 967 3832 1186 3899; x_wconf 72' lang='lat' dir='ltr'><strong>chrysostomus:</strong></span> <span class='ocrx_word' id='word_1_533' title='bbox 1201 3850 1216 3880; x_wconf 90' lang='lat'>«</span> <span class='ocrx_word' id='word_1_534' title='bbox 1230 3827 1323 3910; x_wconf 66' lang='lat' dir='ltr'><strong>bapti·</strong></span> 
     </span>
     <span class='ocr_line' id='line_1_53' title="bbox 92 3900 1322 3981; baseline -0.004 -23"><span class='ocrx_word' id='word_1_535' title='bbox 92 3900 139 3971; x_wconf 90' lang='lat' dir='ltr'><strong>tit,</strong></span> <span class='ocrx_word' id='word_1_536' title='bbox 154 3918 214 3960; x_wconf 92' lang='lat' dir='ltr'><strong>non</strong></span> <span class='ocrx_word' id='word_1_537' title='bbox 240 3903 359 3961; x_wconf 89' lang='lat' dir='ltr'><strong>ulterius</strong></span> <span class='ocrx_word' id='word_1_538' title='bbox 384 3902 564 3972; x_wconf 84' lang='lat' dir='ltr'><strong>contradixit,</strong></span> <span class='ocrx_word' id='word_1_539' title='bbox 589 3900 681 3973; x_wconf 88' lang='lat' dir='ltr'><strong>quini·</strong></span> <span class='ocrx_word' id='word_1_540' title='bbox 737 3907 874 3959; x_wconf 81' lang='lat' dir='ltr'><strong>natusest</strong></span> <span class='ocrx_word' id='word_1_541' title='bbox 894 3900 1021 3959; x_wconf 82' lang='lat' dir='ltr'><strong>Christus</strong></span> <span class='ocrx_word' id='word_1_542' title='bbox 1034 3901 1154 3958; x_wconf 86' lang='lat' dir='ltr'><strong>loannis</strong></span> <span class='ocrx_word' id='word_1_543' title='bbox 1171 3901 1322 3981; x_wconf 83' lang='lat' dir='ltr'><strong>baptismo,</strong></span> 
     </span>
     <span class='ocr_line' id='line_1_54' title="bbox 93 3970 1322 4047; baseline -0.006 -16"><span class='ocrx_word' id='word_1_544' title='bbox 93 3985 153 4044; x_wconf 86' lang='lat' dir='ltr'><strong>mo,</strong></span> <span class='ocrx_word' id='word_1_545' title='bbox 181 3979 211 4031; x_wconf 92' lang='lat' dir='ltr'><strong>ut</strong></span> <span class='ocrx_word' id='word_1_546' title='bbox 245 3976 440 4047; x_wconf 88' lang='lat' dir='ltr'><strong>baptizaretur</strong></span> <span class='ocrx_word' id='word_1_547' title='bbox 468 3972 620 4046; x_wconf 79' lang='lat' dir='ltr'><strong>acquievit,</strong></span> <span class='ocrx_word' id='word_1_548' title='bbox 655 3978 684 4030; x_wconf 88' lang='lat' dir='ltr'><strong>et</strong></span> <span class='ocrx_word' id='word_1_549' title='bbox 738 3979 770 4031; x_wconf 95' lang='lat' dir='ltr'><strong>ut</strong></span> <span class='ocrx_word' id='word_1_550' title='bbox 791 3989 823 4030; x_wconf 83' lang='lat' dir='ltr'><strong>er</strong></span> <span class='ocrx_word' id='word_1_551' title='bbox 839 3973 901 4045; x_wconf 91' lang='lat' dir='ltr'><strong>ipsa</strong></span> <span class='ocrx_word' id='word_1_552' title='bbox 918 3979 1020 4029; x_wconf 89' lang='lat' dir='ltr'><strong>natura</strong></span> <span class='ocrx_word' id='word_1_553' title='bbox 1040 3970 1221 4045; x_wconf 78' lang='lat' dir='ltr'><strong>baptismatis</strong></span> <span class='ocrx_word' id='word_1_554' title='bbox 1237 3983 1322 4035; x_wconf 87' lang='lat' dir='ltr'><strong>scias,</strong></span> 
     </span>
     <span class='ocr_line' id='line_1_55' title="bbox 95 4042 1322 4119; baseline -0.007 -16"><span class='ocrx_word' id='word_1_555' title='bbox 95 4058 162 4103; x_wconf 86' lang='lat' dir='ltr'><strong>eum</strong></span> <span class='ocrx_word' id='word_1_556' title='bbox 180 4046 338 4104; x_wconf 83' lang='lat' dir='ltr'><strong>seeundum</strong></span> <span class='ocrx_word' id='word_1_557' title='bbox 352 4061 433 4105; x_wconf 87' lang='lat' dir='ltr'><strong>suam</strong></span> <span class='ocrx_word' id='word_1_558' title='bbox 450 4042 684 4104; x_wconf 78' lang='lat' dir='ltr'><strong>voluntatemla-</strong></span> <span class='ocrx_word' id='word_1_559' title='bbox 738 4046 805 4119; x_wconf 91' lang='lat' dir='ltr'><strong>quia</strong></span> <span class='ocrx_word' id='word_1_560' title='bbox 831 4061 924 4117; x_wconf 92' lang='lat' dir='ltr'><strong>neque</strong></span> <span class='ocrx_word' id='word_1_561' title='bbox 950 4045 1057 4118; x_wconf 89' lang='lat' dir='ltr'><strong>pcccati</strong></span> <span class='ocrx_word' id='word_1_562' title='bbox 1093 4057 1201 4111; x_wconf 89' lang='lat' dir='ltr'><strong>causa,</strong></span> <span class='ocrx_word' id='word_1_563' title='bbox 1229 4052 1322 4108; x_wconf 90' lang='lat' dir='ltr'><strong>neque</strong></span> 
     </span>
    </p>
   </div>
   <div class='ocr_carea' id='block_1_3' title="bbox 0 0 1409 4912">
    <p class='ocr_par' dir='ltr' id='par_1_6' title="bbox 0 0 1409 4912">
     <span class='ocr_line' id='line_1_56' title="bbox 0 0 1409 4912; baseline 0 0"><span class='ocrx_word' id='word_1_564' title='bbox 0 0 1409 4912; x_wconf 95' lang='lat' dir='ltr'><strong> </strong></span> 
     </span>
    </p>
   </div>
  </div>
 </body>
</html>
