2790 4912
123 233 169 287 ¹88
503 226 614 281 tultis
640 226 761 282 ruttls
788 226 891 280 eleut
919 225 985 279 xxt

124 336 218 395 aliem.
231 334 420 394 Nihilominus
432 339 541 402 umen,
555 331 649 389 omnis
662 331 712 389 ba·
772 330 842 388 dicit
861 348 868 387 ι
887 333 928 387 Tu
941 330 1072 386 arditius
1087 344 1167 386 meru
1189 329 1346 398 ditmm

121 407 244 481 ptizatus
256 412 365 479 septem
378 405 532 461 virtutibus
542 403 573 460 in
583 403 715 460 columbe
771 408 798 459 te
811 404 964 474 complacui
975 402 1056 465 mibi,
1070 398 1100 456 id
1113 403 1160 456 est
1184 399 1252 458 inte
1263 406 1292 459 ct
1301 416 1343 475 pn

124 478 293 553 significatis
314 478 400 534 debet
425 474 528 545 repleri
552 480 581 531 et
603 473 713 547 pertici.
771 479 800 530 te
814 471 948 530 constitui
966 471 1041 543 quod
1057 470 1128 528 mibi
1144 442 1240 543 piacet
1252 471 1340 554 lacon,

123 549 299 621 Quicumque
324 547 400 604 enim
425 551 469 603 est
493 546 645 617 perlectus,
670 545 717 626 de·
772 549 801 602 ct
820 561 884 618 quae
910 541 1023 616 agenda
1043 548 1115 624 sunt
1137 558 1236 614 agere,
1253 542 1338 677 161³
1391 607 1395 624 Ἰ

121 620 172 678 bet
190 636 252 677 esse
274 619 415 691 perlectus
436 622 574 688 quantum
599 615 636 672 ad
664 631 717 672 ser·
773 632 863 688 genus
882 616 1040 672 humanum
1054 613 1208 671 redimere.
1223 614 1273 671 Vel

122 687 718 818 tttfflututttti“ttttrttttttttl
772 683 1249 815 tutt³⁶dtrl⁶t5lr1⁶tttd⁰t
1267 690 1336 747 ⁰¹¹*

123 835 227 889 cantur
248 846 300 904 per
322 803 509 902 proprietates
532 828 562 885 in
587 773 719 885 colimba
774 832 831 886 Deo
850 774 1039 900 nisilicuit‘in
1059 842 1104 895 eo,
1125 770 1354 909 siculum:

122 907 263 983 repertas.
287 903 428 969 Quantum
452 901 488 957 ad
510 899 645 973 seipsum,
666 899 718 955 du·
794 897 1348 979 uipriusiuimusnuturaiilnmtffl.

122 973 189 1046 plici
203 972 376 1045 proprietate
392 991 398 1027 :
413 971 479 1043 quia
491 972 621 1028 columba
632 971 720 1051 habet
772 916 953 1028 imorum:
975 989 989 1022 u
1005 971 1078 1026 Vere
1093 983 1179 1050 emm·
1191 967 1238 1051 bic
1255 968 1334 1052 esth
1355 981 1364 1034 3

143 1043 261 1101 emitum
292 1061 324 1100 ro
338 1050 434 1112 cantu,
450 1050 480 1100 et
492 1048 570 1099 caret
582 1042 719 1109 telle;src
773 1058 829 1114 quo
845 1059 902 1098 non
930 1047 973 1098 est
999 1039 1074 1112 quod
1100 1038 1227 1096 Patrrdr
1260 1039 1332 1113 trent,
1373 1093 1378 1096 .

123 1058 210 1171 fleme
232 1060 317 1172 neiat
337 1115 444 1172 babere
468 1114 497 1170 in
518 1130 549 1170 se
570 1113 717 1170 contritio·
773 1114 884 1185 quodve
905 1112 1005 1194 oculos·
1028 1111 1189 1181 majestatis
1214 1128 1231 1167 o
1253 1111 1332 1183 editu
1345 1118 1353 1193 ἰ

122 1200 189 1242 nem
214 1201 267 1259 pro
285 1185 419 1257 peccatis,
439 1191 467 1242 et
491 1183 628 1257 gemitum
654 1198 718 1240 cum
772 1183 1043 1255 undeetrpseart:
1059 1183 1234 1253 Omniaque
1249 1184 1332 1255 ptum
1358 1249 1369 1258 ,

122 1254 266 1328 lacrymis,
287 1261 315 1313 et
334 1257 419 1313 debet
436 1272 535 1313 carere
556 1255 620 1312 telle
637 1270 716 1311 ama·
772 1260 836 1311 sunt
851 1258 885 1320 ei,
904 1257 978 1323 socio
997 1270 1111 1334 semper.
1130 1272 1145 1305 o
1165 1255 1257 1310 Donet
1271 1252 1333 1313 nuld
1368 1269 1379 1328 j

121 1326 256 1395 titudinis
271 1328 389 1401 peccati,
406 1332 434 1384 et
453 1330 497 1384 ira
516 1325 715 1407 irrationabili.
773 1325 909 1383 Dominus
923 1328 1004 1383 iesus
1014 1340 1066 1407 uui
1078 1339 1193 1396 semper
1203 1323 1333 1396 pacatis

123 1398 265 1467 Quantum
288 1399 324 1455 ad
350 1398 506 1471 proximum
529 1397 632 1469 triplici
655 1412 718 1468 pro
772 1397 820 1466 tri,
832 1403 863 1454 ut
877 1413 929 1454 nos
945 1412 997 1468 per
1013 1411 1105 1467 ipsum
1125 1392 1332 1527 mereamuffi

142 1468 245 1526 rietate
267 1488 274 1525 :
302 1470 368 1541 quia
394 1471 526 1526 columba
546 1473 640 1525 rostro
659 1484 717 1523 non
772 1485 837 1525 cere
857 1468 922 1525 sibi.
939 1465 1100 1526 Secundum
1118 1467 1256 1533 Redemi

120 1483 212 1610 iacit,
224 1540 265 1597 sic
279 1557 331 1597 nec
345 1543 464 1598 Sanctus
477 1540 607 1612 cuiquam
620 1538 717 1594 detra·
772 1540 886 1596 duravit
907 1539 1043 1611 splendor
1067 1536 1202 1607 coelestis,
1221 1534 1331 1610 quandiu
1359 1580 1362 1587 .

122 1610 183 1679 hit;
207 1611 350 1683 unguibus
375 1612 465 1668 nitra
487 1615 517 1679 it,
539 1611 580 1666 sic
598 1611 717 1666 Sanctus
772 1608 1132 1682 paternavoxauditaest,
1146 1612 1331 1667 etcumch

123 1680 219 1740 ebena
228 1699 286 1739 non
300 1682 414 1755 recipit;
426 1628 519 1754 puiios
527 1680 636 1738 alienos
646 1684 716 1736 tam-
772 1681 895 1738 minatus
908 1686 961 1738 est.

122 1767 208 1824 quam
237 1769 302 1810 suos
326 1754 428 1826 pascit,
455 1756 496 1809 sic
521 1755 642 1810 Sanctus
666 1767 717 1823 per
811 1752 1331 1823 rddunrnuousesrssnmsrus.-lpn

122 1837 204 1880 suam
220 1825 445 1896 compassionem
458 1823 651 1895 indigentibus
664 1839 716 1879 sua
770 1830 865 1881 autem
881 1822 982 1880 Filium
996 1822 1107 1891 audire,
1119 1822 1185 1880 huic
1199 1822 1331 1879 crederett

123 1894 235 1951 tribuit.
265 1896 406 1963 Quantum
437 1896 473 1952 ad
496 1898 585 1952 Deum
610 1893 715 1966 duplici
771 1896 898 1963 obedire,
911 1896 996 1951 Pater
1010 1893 1077 1951 alibi
1090 1909 1144 1950 nos
1157 1889 1330 1973 admonetdi3

122 1965 298 2037 proprietate
329 1983 336 2020 :
365 1966 432 2036 quia
464 1965 597 2022 columba
629 1981 716 2036 super
771 1982 838 2023 cens
857 1983 864 2021 ι
885 1970 978 2037 ipsum
997 1966 1102 2021 audite.
1124 1965 1175 2022 Cui
1199 1963 1273 2021 enim
1293 1975 1331 2019 nu

124 2049 214 2106 aquas
227 2033 343 2116 residet,
356 2041 387 2092 ut
407 2038 508 2092 umbra
525 2034 667 2107 accipitris
685 2036 715 2091 in
770 2053 802 2094 sa
822 2035 1063 2109 ientiae,justitiae,
1076 2041 1105 2092 et
1115 2034 1227 2092 veritati
1240 2032 1332 2091 credat

124 2119 200 2176 aqua
221 2121 351 2177 praevtsa,
373 2112 482 2178 mergat
503 2122 533 2162 se
554 2111 584 2162 et
602 2107 714 2175 evadat,
771 2053 1332 2178 deiemus‘lUndeltemurdusulpsun.
1382 2143 1395 2166 .

124 2175 166 2233 sic
179 2178 395 2258 Sanctuesuper
408 2176 715 2234 ituentadirinaeScri·
770 2178 872 2306 ἰυῗυίῑ,
898 2177 1005 2236 audite.
1030 2179 1112 2246 Ecce,
1133 2176 1252 2235 Domine
1273 2177 1332 2240 lu.
1382 2170 1395 2236 l

123 2251 216 2320 pturae
245 2249 372 2304 residere
405 2253 434 2304 et
468 2249 580 2305 oculum
609 2248 715 2305 habere
770 2267 804 2307 re
829 2266 903 2306 nunc
922 2250 983 2321 jam
1000 2249 1128 2375 lotssuere,
1147 2248 1288 2306 licentiam
1305 2245 1334 2303 lt·
1384 2241 1395 2420 1

125 2318 223 2388 debet,
242 2325 273 2376 ut
293 2319 397 2376 diaboli
417 2322 556 2376 versutias
574 2325 603 2376 et
620 2318 713 2376 incur·
771 2321 874 2393 quendi
897 2321 1018 2377 babesa
1055 2326 1127 2376 atre.
1143 2314 1333 2387 Quamdiurit·

124 2404 186 2446 sum
215 2391 336 2447 evadere
357 2397 462 2462 queat;
488 2390 606 2448 meliora
624 2406 715 2462 grana
770 2398 816 2448 tus
833 2397 862 2448 et
883 2392 931 2448 Dei
961 2390 1099 2463 sapientia
1118 2390 1200 2462 quasi
1224 2389 1336 2447 infirmit
1393 2427 1395 2448 r

124 2459 215 2534 eligit,
239 2467 267 2518 et
292 2464 397 2519 mundo
421 2462 553 2530 rescitur,
578 2462 617 2517 sic
642 2463 713 2519 San·
770 2461 873 2534 aliquis
892 2468 921 2520 et
940 2462 1075 2545 insipiens
1091 2463 1162 2519 lates
1180 2461 1212 2518 in
1232 2454 1338 2534 pupulci
1394 2455 1395 2483 ¹

123 2536 187 2589 ctus
198 2548 283 2589 sanas
297 2533 454 2590 sententias
467 2533 568 2604 quibus
582 2537 716 2605 pascatur
770 2533 921 2604 Quamdiu,
942 2533 1044 2590 nobilis
1063 2535 1132 2602 ileu,
1151 2538 1182 2590 et
1198 2535 1256 2589 Rex
1279 2526 1340 2598 omi,

123 2602 213 2675 eligit,
233 2603 305 2660 etin
322 2605 382 2661 solo
404 2607 472 2673 Deo,
488 2603 518 2660 in
535 2621 591 2675 quo
606 2603 715 2676 puritas
770 2606 842 2663 labri
853 2605 943 2661 tilium
952 2611 979 2661 te
987 2603 1093 2676 pateris
1102 2602 1241 2676 appellari
1250 2601 1342 2676 paritet

126 2688 239 2731 summa
267 2681 318 2744 est,
347 2680 502 2732 recreatur.
534 2676 612 2731 Unde
641 2675 715 2730 sicut
770 2670 1344 2748 etroputaritonumitiusvirtutisdni
1387 2712 1390 2717 -

124 2745 256 2801 columba
274 2744 303 2800 in
323 2746 451 2802 cavernis
472 2751 560 2818 petrae
576 2745 713 2813 nidificat,
770 2747 825 2804 stil
846 2748 867 2804 0
888 2747 1047 2804 sublimitas
1063 2745 1248 2802 humilitatis!
1264 2745 1346 2814 Quen

124 2813 165 2870 sic
192 2816 312 2872 Sanctus
339 2816 369 2871 in
399 2817 490 2889 plagis
512 2817 613 2872 mortis
637 2815 716 2874 Chri·
769 2823 829 2876 tum
849 2817 998 2875 contundis
1020 2817 1168 2874 stultitiam
1194 2812 1348 2874 mearant

124 2884 172 2953 sti,
195 2884 243 2957 qui
262 2890 344 2957 petra
371 2886 455 2943 tlrma
476 2892 529 2955 est,
552 2887 661 2955 nidum,
684 2887 714 2943 id
770 2889 849 2946 tatist
878 2890 982 2946 Parum
1001 2887 1108 2960 aliquid
1127 2887 1249 2945 sciorel
1266 2882 1350 2960 mugit

124 2960 178 3024 est,
193 2971 275 3011 suum
291 2955 429 3028 retugium
442 2962 471 3012 et
484 2972 563 3029 spem
577 2957 666 3028 ponit.
770 2960 843 3017 scire
858 2960 928 3016 mibi
943 2959 1055 3027 videor,
1080 2960 1184 3031 etjam
1199 2958 1286 3016 silere
1298 2970 1352 3015 nou

164 3030 195 3082 ιδ
205 3028 265 3082 Vox
277 3027 375 3081 Parrus
388 3029 481 3108 Frnron
496 3044 712 3086 eounsnmnms.
769 3047 897 3104 possum,
911 3030 1091 3104 impudenter
1108 3036 1138 3086 et
1158 3028 1352 3102 imprudenter

126 3098 216 3152 -Et
241 3112 298 3152 ecco
317 3113 371 3152 voc
392 3099 494 3163 Patris,
520 3098 713 3156 testimouium
770 3118 815 3159 me
829 3101 975 3174 ingerens,
990 3106 1019 3158 et
1030 3105 1190 3169 ostentans,
1207 3115 1291 3173 prom

125 3166 196 3250 Filio
213 3167 381 3240 praebentis,
397 3170 431 3224 de
450 3170 523 3224 cetis
542 3169 640 3225 audita
658 3176 713 3240 ost,
769 3173 805 3229 ad
829 3173 1011 3244 loquendum,
1031 3172 1110 3229 velox
1128 3171 1165 3229 ad
1183 3171 1277 3228 dooen
1299 3184 1354 3238 um,

126 3238 234 3295 scilicet
248 3239 284 3296 de
299 3241 385 3308 nube,
401 3241 494 3296 dicens
514 3259 523 3295 ι
542 3243 593 3296 ilic
610 3247 650 3297 est
669 3246 713 3299 Fi-
769 3245 909 3300 tardusad
917 3243 1099 3301 audiendum.
1111 3245 1145 3299 Et
1153 3241 1354 3300 Christuscum

126 3310 182 3366 tius
198 3327 273 3367 meas
285 3311 411 3375 dilectus,
433 3328 491 3383 prae
506 3310 628 3380 ceteris;
645 3312 713 3384 quia
768 3320 848 3371 tanto
864 3322 992 3387 tempore
1008 3313 1120 3382 silebat,
1145 3329 1212 3371 cum
1231 3312 1354 3386 seipcun

124 3396 183 3463 non
199 3381 361 3454 adoptivus,
378 3388 408 3439 ut
423 3383 521 3453 ceteri,
535 3383 585 3439 sed
598 3388 713 3440 natura·
769 3385 810 3442 sic
840 3386 1043 3454 abscondebat,
1072 3400 1139 3441 num
1162 3383 1212 3441 uid
1241 3384 1353 3441 inanem

125 3451 171 3508 hs.
187 3454 266 3509 Unde
283 3456 515 3523 Cirrpsostomus:
537 3455 641 3511 «Suus
660 3454 714 3512 uti·
768 3456 889 3538 gloriam
911 3457 1074 3515 metuebat?
1091 3400 1163 3524 omi
1188 3453 1354 3513 timeretab

126 3536 183 3593 que
198 3538 255 3579 non
270 3539 322 3595 per
341 3525 522 3605 adoptionem
543 3525 642 3595 gratiae
664 3541 713 3582 ne·
767 3527 845 3583 mani
862 3527 966 3655 gloria,
983 3527 1030 3609 qui
1049 3532 1092 3585 est
1111 3541 1180 3583 vcra
1198 3525 1294 3598 gloria
1307 3526 1355 3583 Pa·

125 3606 181 3664 que
208 3608 260 3665 per
287 3594 456 3652 electionem
487 3600 636 3665 creaturae,
661 3596 711 3652 sed
767 3598 846 3655 tris‘l

126 3677 195 3719 auus
216 3664 388 3735 proprietate
403 3666 524 3747 ¹generis
543 3671 572 3722 et
593 3667 712 3724 veritate
768 3669 850 3728 nobis
865 3670 984 3727 timebat
997 3671 1033 3726 ab
1047 3668 1107 3738 illa,
1118 3667 1224 3740 quibus
1236 3670 1354 3726 noverat

125 3737 247 3790 naturae.
261 3755 276 3785 »
288 3738 331 3804 Et,
345 3743 423 3793 utari
435 3741 626 3806 Hieronymus,
638 3738 712 3794 sedit
768 3755 831 3797 esse
846 3741 1013 3798 timendum.
1030 3741 1116 3797 Nobis
1133 3740 1258 3810 tacebat,
1267 3742 1356 3796 ctnos

126 3803 260 3862 columba
284 3821 369 3877 super
387 3812 472 3879 caput
490 3809 563 3879 eius,
587 3824 623 3864 ne
648 3808 712 3880 quis
767 3808 942 3880 instruebat,
959 3814 1071 3869 tacebat
1086 3827 1146 3879 ore,
1162 3810 1214 3867 sed
1230 3809 1354 3867 instrue·

124 3879 239 4002 putaret
268 3892 366 3933 vocem
393 3878 484 3934 Patris
505 3880 542 3935 ad
569 3880 711 3936 loannem
768 3881 816 3939 but
830 3898 927 3954 opere,
943 3887 972 3940 et
1008 3884 1063 3939 uod
1076 3887 1177 3954 postea
1188 3880 1356 3938 docuitrer

136 3950 241 4015 actam,
258 3962 314 4002 non
325 3949 361 4004 ad
376 3949 538 4006 Dominum.
552 3952 585 4006 ln
596 3967 649 4020 quo
662 3955 712 4007 mt—
768 3952 816 4023 bo,
828 3954 888 4025 iam
904 3954 976 4010 clam
1016 3958 1046 4009 at
1057 3951 1185 4025 exemplo
1202 3969 1210 4007 ε
1225 3952 1356 4009 niccim

886 3598 963 3670 tique
977 3599 1107 3666 timebat,
1127 3596 1178 3654 sed
1199 3613 1260 3654 non
1279 3593 1353 3664 sibe

126 4016 157 4072 to·
171 4019 333 4089 complacui,
346 4018 385 4100 ‚id
399 4024 453 4089 est,
468 4021 497 4075 in
532 4036 566 4075 uo
580 4022 711 4104 voluntas
767 4041 810 4079 me
825 4028 892 4095 quio
905 4028 983 4106 ruitis
1000 4040 1072 4106 mm,
1084 4024 1251 4106 etnbumitis
1264 4020 1353 4079 eorde.

125 4101 191 4144 mea
214 4088 401 4217 cimxlibstu‘
422 4090 458 4147 de
528 4095 574 4148 ute
597 4108 711 4175 generis
768 4096 839 4177 Nam
856 4096 892 4152 de
906 4096 1028 4196 miantra
1046 4097 1157 4177 Domini
1179 4109 1283 4167 pamm
1305 4091 1357 4150 uli·

126 4157 255 4216 humum.
299 4159 354 4217 hus
377 4176 445 4219 vero
470 4163 652 4236 Evangetrsta
670 4179 712 4222 mc
768 4166 1194 4240 qmdaudro‚extuno1am
1210 4160 1354 4238 nequem

61 4436 176 4554 κ
