2790 4912
333 275 499 333 stelionis
527 277 559 331 ll
586 279 698 333 nont!
725 278 967 332 coullnnurlo.
1228 279 1275 333 297

63 377 94 445 st,
114 374 182 447 quia
208 375 300 433 oratio
326 381 369 434 est
394 377 516 436 elevatio
529 379 633 437 mentis

63 449 190 525 pileum,
211 463 293 505 mens
311 455 407 506 autem
418 450 509 508 -citius
531 457 559 508 et
573 468 633 508 me·

63 529 99 575 tus
109 520 236 576 elevatur
252 520 282 577 in
297 523 397 593 Deum,
413 523 527 594 quando
547 524 633 581 homo

63 596 91 645 tst
105 591 133 648 iu
146 597 257 649 secreto
271 591 334 649 loco
350 599 406 649 eta
420 595 542 652 tumultu
555 611 635 666 sepa-

63 667 136 731 ntus;
151 663 208 720 alia
223 667 265 720 est
285 663 323 720 ed
345 664 528 723 evitationem
552 683 633 723 vanae

65 731 150 860 {intrim
171 751 235 806 qnae
245 734 285 817 ‘de
302 735 377 792 leeili
396 735 519 809 insurgit
535 737 565 794 in
580 754 633 866 Eu-

92 822 128 863 eo.
141 807 234 863 Orare
243 811 339 878 itaque
351 807 511 865 volentibus
519 809 580 866 salu
602 825 633 865 re

67 872 99 931 tu
110 877 233 934 Christus
255 876 417 950 consilium,
433 884 465 936 nt
482 879 590 937 intrent
603 880 633 936 iu

65 948 213 1017 eniculum,
239 948 347 1006 scilicet
371 951 465 1008 cordis
493 958 632 1009 secretum

66 1019 223 1076 ttclaudant
244 1020 359 1090 ostium,
380 1022 487 1078 scilicet
504 1024 633 1080 carnales

63 1102 154 1168 sensns,
166 1108 216 1163 per
227 1108 297 1162 quos
311 1093 451 1150 exteriora
459 1093 589 1166 improbe
602 1111 633 1151 se

63 1169 185 1233 ingemat,
222 1168 249 1218 et
278 1165 369 1220 turbae
402 1166 631 1236 phantasmatum

63 1232 191 1290 orantibus
206 1235 390 1316 obstrepunt3
423 1241 454 1292 ut
480 1236 520 1293 sic
545 1238 632 1294 etiarn

63 1300 219 1383 clausoostio
228 1312 342 1374 mentis,
351 1313 379 1363 et
388 1307 514 1364 collectis
527 1308 631 1364 animae

63 1376 160 1453 nvibus,
186 1376 276 1433 oratio
296 1377 451 1449 spiritualis
467 1381 518 1436 fiat
541 1379 571 1435 in
587 1380 631 1436 in·

63 1443 123 1503 umis
144 1448 247 1518 cordis,
277 1455 307 1505 et
334 1448 400 1506 inde
428 1451 568 1524 dirigatur
596 1451 632 1507 ad

63 1512 133 1575 Deum
147 1519 311 1589 ferventius,
324 1520 374 1577 ubi
389 1527 489 1578 oratur
504 1525 588 1579 Pater
602 1522 632 1578 in

63 1587 227 1670 tlxscondit03
243 1591 311 1663 quia
327 1593 524 1650 absconditum
544 1599 573 1649 et
586 1611 632 1651 cu·

63 1661 165 1719 >reulum
184 1668 228 1719 est
254 1669 365 1720 secreta
383 1665 478 1721 cordis
500 1664 629 1721 intentio.

63 1725 182 1796 lunatum
197 1734 275 1790 enim
287 1736 373 1791 homo
385 1735 542 1792 contemnit
556 1736 632 1808 quod

63 1809 92 1884 {st
102 1810 177 1864 extra
191 1821 232 1873 se,
253 1809 364 1862 tantvm
389 1812 483 1879 potest
499 1824 529 1864 se
544 1808 632 1863 recol·

63 1886 129 1955 igere
141 1875 216 1932 intra
230 1893 261 1933 se
270 1883 313 1945 ;et
328 1883 467 1949 quantum
477 1896 508 1936 se
523 1879 631 1936 recolli-

63 1951 87 2015 pt
98 1946 171 2004 intre
191 1965 232 2017 se,
255 1952 365 2005 tontum
387 1955 480 2021 potest
496 1967 581 2022 supra
601 1967 632 2007 se

63 2016 244 2076 dorationem
258 2027 286 2075 et
295 2019 346 2076 Dei
361 2023 630 2093 contemplationem

63 2091 206 2146 scandere.
226 2091 333 2147 Deinde
352 2091 430 2148 'circa
452 2094 628 2163 orationem,

63 2161 163 2217 xcludit
183 2163 337 2218 Gentilium
352 2180 491 2234 errorem,
516 2164 628 2221 dicens:

63 2239 156 2289 rantes
167 2240 258 2290 autem
266 2237 350 2290 nolite
361 2238 480 2292 multum
492 2239 632 2307 loquipie·

63 2310 71 2361 t
89 2307 199 2372 faciunt
217 2308 339 2361 Etluiiei:
358 2312 460 2377 putant
476 2309 630 2380 enimquod

63 2378 272 2447 emuttiloquiq
290 2382 318 2433 et
331 2378 491 2448 altiloquo,
508 2396 540 2435 ae
563 2396 629 2436 sua-

63 2447 177 2519 iloquio,
207 2465 256 2505 sao
284 2450 481 2520 exaudiantur,
503 2455 532 2506 et
555 2452 630 2522 quod

63 2518 90 2575 si
109 2519 151 2575 ita
167 2520 261 2576 verbis
276 2521 390 2577 flectere
404 2526 509 2593 queant
530 2524 629 2591 Deum,

64 2597 110 2649 cut
128 2597 226 2647 orator
237 2591 373 2663 Judicem.
389 2595 448 2650 Scit
464 2597 535 2648 enim
549 2596 631 2649 Pater

63 2669 127 2719 ester
149 2665 276 2731 coetestis,
301 2664 369 2733 quid
393 2669 517 2736 opressit
541 2666 629 2733 vobis,

63 2741 188 2806 ttequom
218 2737 320 2804 petatis
348 2751 409 2790 eum
426 2753 432 2791 :
450 2735 518 2817 qnia
551 2739 630 2792 audit

63 2804 278 2878 raeparationem
315 2806 408 2862 cordis
442 2807 628 2878 singulorum.

63 2894 93 2935 oc
109 2875 191 2933 addit
215 2877 251 2932 ad
274 2877 481 2933 excludendum
506 2878 628 2935 istorum

63 2949 195 3006 sutilium
211 2947 314 3003 lalsum
329 2947 514 3015 intellectum,
530 2966 630 3007 secun-

62 3037 101 3077 im
114 3035 202 3092 quem
217 3018 325 3090 aliquid
340 3022 398 3076 [leo
420 3020 583 3077 notificatur
595 3023 629 3079 de

63 3109 121 3159 ivo,
133 3090 202 3161 quia
217 3090 314 3146 omnia
329 3090 382 3146 scit
392 3092 428 3148 ab
437 3096 552 3149 aeterno.
570 3095 630 3150 Non

63 3162 170 3220 ohibet
191 3161 324 3218 Dominus
340 3161 369 3217 in
394 3163 523 3220 oratione
539 3165 632 3221 multi·

63 3234 221 3292 icationem
240 3235 401 3302 verborum,
418 3233 584 3306 simpliciter
603 3242 631 3292 et

63 3307 180 3372 solute,
202 3304 268 3376 quia
282 3311 310 3360 et
330 3304 391 3376 ipse
405 3307 581 3377 pernoctavit
601 3307 631 3363 in

63 3376 184 3442 atione,
198 3382 227 3431 et
238 3379 332 3444 (oclus
341 3380 371 3432 in
379 3381 480 3446 agonia
491 3382 630 3449 proliatos

63 3450 157 3513 ndat3
174 3447 223 3503 sed
239 3447 372 3518 prohibet
392 3464 429 3504 ne
449 3449 629 3521 multiloquio

63 3535 155 3576 amur
169 3517 199 3573 in
214 3521 356 3587 oratione,
373 3535 407 3575 eo
425 3520 520 3576 lineet
534 3537 569 3577 ea
584 3520 627 3576 in·

63 3590 176 3656 ntioue,
201 3589 305 3660 quibem
326 3592 480 3647 utebantur
501 3591 627 3648 Gentiles

64 3661 208 3728 ololatrae,
231 3661 278 3742 qui
301 3661 404 3732 triplici
418 3662 454 3718 de
473 3679 559 3718 causa
572 3669 630 3720 ute·

63 3738 145 3788 autur
158 3732 248 3788 vocali
263 3732 391 3789 oratione
405 3733 434 3788 in
448 3734 627 3806 multiloquio

64 3811 121 3860 cta.
135 3803 241 3872 Prima,
257 3804 324 3876 quia
337 3805 457 3861 orabant
471 3807 626 3871 daemones,

63 3873 84 3930 xi
108 3874 251 3931 nescirent
265 3876 333 3947 quid
347 3874 389 3930 illi
403 3881 541 3947 peterent,
562 3877 626 3945 nisi,

63 3946 132 4002 erbis
147 3953 176 4001 et
189 3945 269 4017 signo
289 3947 422 4004 exteriori
437 3947 568 4004 instructi
583 3964 628 4005 es-

63 4023 121 4073 ent:
147 4024 257 4074 secreta
269 4018 375 4075 etenim
405 4019 498 4075 cordis
511 4020 628 4076 hnmani

63 4094 187 4144 euetrare
217 4105 274 4145 non
305 4090 409 4146 valent.
434 4121 469 4131 —
489 4091 627 4160 Secunda,

63 4158 105 4214 nia
124 4160 265 4230 putabant
282 4161 469 4230 daemonibus,
483 4161 563 4233 quasi
576 4162 627 4219 lxo·

63 4228 629 4306 inihus,verhispersussibilibusetmul-

688 379 725 437 tis
737 379 967 453 persuadendum
985 396 1059 451 esse,
1075 385 1104 437 et
1122 381 1162 438 sic
1176 398 1226 439 eos
1239 382 1277 440 ad

689 452 1276 525 miserendumprovocari.-Tertia,quia

688 524 844 593 daemones,
863 540 933 596 quos
958 526 1090 592 orabant,
1106 525 1277 596 quandoque

688 597 820 652 absentes
838 612 900 653 esse
915 597 1062 669 putabant,
1088 601 1115 652 ot
1130 596 1205 668 quod
1224 612 1277 668 per

688 667 774 723 talem
799 666 956 724 orationem
992 667 1119 724 revocari
1149 671 1275 739 possent.

689 740 826 794 istasunt
848 739 933 807 mala,
955 747 983 795 et
1007 738 1071 795 ideo
1086 739 1122 794 ab
1144 738 1275 796 oratione

688 808 814 865 tidelium
829 811 1009 867 removenda.
1032 810 1167 868 Similiter
1179 815 1274 867 autem

688 880 787 952 triplex
803 886 847 937 est
870 897 966 951 causa,
990 897 1078 953 quare
1095 899 1146 938 nos
1159 888 1275 938 utemur

688 951 777 1008 vocali
795 951 933 1009 oratione.
956 984 992 995 -
1014 953 1119 1022 Prima,
1141 960 1171 1009 ut
1195 954 1275 1010 obse·

686 1023 784 1092 quium
804 1023 872 1093 oris,
894 1023 966 1080 sicut
981 1030 1010 1080 et
1022 1024 1115 1080 cordis
1132 1032 1161 1081 et
1181 1023 1274 1096 operis

687 1096 745 1151 lleo
761 1094 977 1166 impendamus:
993 1094 1094 1167 triplex
1103 1095 1178 1152 enim
1190 1095 1275 1152 sacri·

686 1165 782 1221 licium
798 1168 855 1222 lleo
871 1166 1018 1235 debemus,
1036 1166 1143 1222 seilicet
1162 1166 1272 1223 sacriti-

687 1237 761 1292 cium
784 1237 888 1301 cordis,
913 1237 981 1305 oris,
1001 1242 1030 1294 et
1044 1237 1148 1309 operis.
1167 1267 1201 1278 -
1224 1240 1272 1294 Se·

686 1308 789 1376 cunda,
817 1313 849 1363 ut
863 1308 899 1364 ad
921 1308 1088 1364 memoriam
1108 1323 1275 1364 revocemus

685 1380 761 1450 quod
778 1384 872 1450 petere
891 1380 1038 1447 debemus,
1060 1386 1088 1435 et
1103 1386 1134 1436 ut
1147 1378 1209 1450 ipsa
1227 1394 1275 1434 vo-

686 1451 756 1507 calis
766 1450 857 1507 oratio
871 1450 1014 1523 pigritiam
1024 1457 1150 1506 nostram
1162 1449 1273 1520 excitet,

686 1521 789 1594 quiesi
805 1524 889 1578 homo
905 1538 1017 1595 semper
1034 1521 1064 1577 in
1082 1520 1193 1578 silentio
1209 1530 1273 1577 ora-

687 1601 740 1662 ret,
756 1594 791 1650 de
804 1593 879 1650 lacili
888 1593 1072 1662 obdormiret,
1088 1593 1192 1649 oblitus
1204 1591 1273 1663 quid

686 1670 804 1738 peteret.
822 1695 856 1706 -
872 1665 976 1733 Tertia,
992 1672 1023 1722 ut
1039 1664 1126 1722 vocali
1146 1664 1275 1720 oratione

687 1736 830 1808 proximus
845 1736 1011 1805 instruatur,
1027 1737 1107 1792 etad
1126 1734 1275 1791 consimile

686 1825 758 1879 opus
779 1807 922 1865 invitetur.
948 1808 1013 1865 Vult
1033 1814 1128 1865 autem
1144 1808 1218 1863 lleus
1242 1809 1275 1862 ut

686 1896 810 1945 oremus,
828 1895 864 1936 ne
879 1880 955 1950 quod
969 1880 1005 1936 ab
1025 1896 1058 1936 eo
1078 1877 1160 1935 nobis
1178 1878 1272 1946 datur,

686 1951 925 2021 vilehabeamus;
946 1951 1049 2008 sedeo
1071 1950 1132 2022 ipso
1152 1948 1273 2021 amplius

686 2038 751 2079 enm
775 2024 937 2093 adoremus,
965 2021 1159 2079 desideremus
1182 2020 1274 2077 etita

685 2094 807 2166 amplius
817 2110 987 2152 mereamur.
999 2098 1056 2152 Nec
1068 2094 1104 2150 ad
1114 2109 1180 2151 eum
1190 2108 1274 2150 oran·

685 2171 728 2222 tes
761 2167 866 2224 frustra
893 2167 992 2224 scienti
1014 2166 1165 2238 loquimur,
1195 2162 1273 2236 quia,

685 2238 841 2294 secundum
856 2241 1060 2307 Hieronymum,
1073 2253 1130 2292 non
1143 2242 1273 2292 narrato·

685 2324 741 2375 res,
760 2309 809 2364 sed
834 2315 981 2378 rogatores
999 2323 1116 2364 sumus:
1134 2306 1211 2361 aliud
1232 2310 1277 2361 est

685 2379 762 2434 enim
775 2395 892 2435 narrare
918 2378 1071 2449 ignoranti,
1087 2376 1163 2432 aliud
1179 2381 1275 2454 petere

684 2449 795 2505 scienti.
814 2450 893 2505 Unde
913 2457 942 2505 et
967 2450 1175 2527 chrysostomus
1196 2446 1274 2514 dicit,

685 2520 761 2592 quod
777 2525 889 2591 oportet
903 2535 998 2586 orare,
1019 2525 1051 2574 ut
1065 2517 1173 2573 scilicet
1186 2518 1275 2597 Deum

685 2609 740 2648 nou
758 2592 872 2658 doceas,
888 2590 937 2646 sed
955 2589 1093 2651 inflectas,
1111 2594 1142 2643 ut
1156 2587 1277 2644 lamrlxa·

685 2663 725 2719 ris
740 2661 876 2718 efficiaris
890 2659 1131 2732 interpellationis
1146 2658 1278 2728 frequen·

685 2735 735 2805 tia,
753 2739 785 2790 ut
800 2732 959 2790 humilieris
973 2731 1092 2799 orando,
1115 2735 1203 2800 utque
1217 2744 1279 2800 pec·

685 2812 815 2863 catorum
844 2810 956 2862 tuorum
981 2801 1150 2860 recorderis.
1176 2803 1277 2856 Etno-

685 2880 803 2935 tandum
838 2877 914 2949 quod
944 2881 1063 2948 possunt
1092 2869 1275 2956 multiplicari

684 2952 771 3007 verba
785 2949 814 3004 in
829 2949 969 3018 oratione,
985 2955 1017 3004 ut
1026 2964 1077 3019 per
1090 2946 1273 3027 significatio·

685 3038 751 3079 nem
783 3023 934 3079 verborum
962 3021 1128 3077 devotorum
1161 3031 1273 3075 animus

685 3093 785 3150 melius
800 3093 925 3150 elevetur
944 3092 974 3148 in
994 3095 1094 3161 Deum,
1110 3096 1138 3147 et
1152 3106 1208 3146 non
1224 3104 1272 3145 so·

685 3166 743 3222 lum
759 3173 865 3227 monte,
884 3164 933 3220 sed
948 3163 1035 3220 eliam
1050 3161 1190 3232 corporali
1203 3175 1272 3215 voce

685 3237 770 3292 lxomo
793 3237 919 3291 elevetur
945 3233 974 3288 in
1003 3248 1079 3301 eum,
1115 3230 1271 3285 secundum

685 3306 770 3361 illud:
787 3309 944 3366 cormeum,
958 3308 983 3359 et
998 3318 1061 3359 earo
1073 3316 1133 3356 mea
1145 3300 1271 3354 exsolta-

684 3381 781 3432 oenmt
801 3380 831 3430 in
856 3379 940 3430 Deum
963 3376 1065 3428 vivum.
1091 3372 1152 3425 Non
1175 3373 1271 3424 tamen

704 3451 777 3504 otest
791 3445 830 3503 ibi
843 3444 905 3502 dari
913 3444 1013 3515 regula
1024 3449 1111 3522 certa,
1125 3439 1176 3496 sed
1185 3439 1271 3495 debet

684 3464 770 3575 Romo
784 3516 888 3574 talibus
912 3516 951 3572 uti
975 3515 1005 3571 iu
1024 3518 1162 3581 oratione,
1180 3525 1269 3638 quan·

683 3596 744 3647 tum
769 3588 888 3661 percipit
910 3587 986 3659 quod
1005 3585 1110 3642 iaciunt
1128 3583 1164 3641 ad
1203 3597 1269 3639 evo·

683 3661 770 3718 tionis
780 3660 1018 3718 exercitationem.
1029 3657 1058 3715 Si
1068 3662 1162 3714 autem
1176 3670 1191 3710 e
1206 3670 1271 3711 con·

684 3733 783 3803 trario,
812 3730 949 3813 percipiat
972 3730 1048 3801 quod
1073 3725 1270 3809 multiplicatio

683 3807 836 3862 verborum
868 3803 1008 3860 distrahat
1042 3805 1166 3857 mentem
1197 3814 1269 3870 eJus,

684 3876 752 3948 quia
763 3874 915 3946 aliquando
930 3871 1140 3954 multiloquium
1152 3869 1210 3927 oris
1221 3872 1271 3926 im·

683 3947 762 4022 pedit
780 3946 961 4003 devotionem
976 3949 1089 4013 inentis,
1105 3951 1173 4001 tune
1186 3942 1272 3998 dehet

684 4035 795 4076 cessare
809 4017 941 4086 acerbis,
952 4022 980 4073 et
994 4032 1077 4073 orare
1091 4018 1179 4073 Deum
1192 4028 1276 4082 men,

682 4091 718 4147 tis
743 4089 900 4148 allectibus.
924 4089 1012 4157 Unde,
1040 4087 1194 4145 secundum
1208 4085 1268 4138 Au·

681 4165 832 4232 guatinum,
861 4160 974 4234 quando
1007 4173 1140 4231 rogamus
1167 4156 1270 4237 ileum,

681 4233 785 4307 pietate
809 4249 881 4307 opus
897 4239 950 4303 est,
984 4246 1042 4288 non
1069 4229 1267 4294 verbositate3
