2790 4912
224 315 411 369 l'lltlOElllt'll
440 316 471 366 ll
498 315 604 367 t’llslt
629 319 706 371 risu
733 323 880 380 cttltlsrl.
1152 343 1167 394 3

75 442 144 482 suos
162 426 308 479 consortes
323 420 446 487 illorum,
458 417 524 490 quia

63 498 110 553 'ita
128 495 264 569 ipsorum.
287 492 372 547 l'laiie
387 492 447 546 hieu
467 489 525 544 vita

87 571 179 624 beatae
206 564 305 619 matris
327 561 442 629 Christi,
471 560 523 632 ipsi

63 635 235 696 iluistrantis
250 635 277 691 in
293 632 524 759 annispluribus

63 710 157 767 lautis.
174 711 239 764 llaec
252 712 295 762 est
310 705 366 760 vita
378 748 385 759 .
395 703 526 830 postolo-

63 784 144 838 iristo
176 776 355 835 familiariter
376 791 392 830 a
414 777 525 830 haerevi-

63 898 65 908 .
80 869 144 909 eum
155 868 189 907 eo
205 848 328 904 tidetiter
343 862 527 918 perseveran-

63 942 98 980 ec
106 931 149 979 est
158 923 215 977 vita
227 918 329 975 civium
340 932 527 988 supernorum

66 994 231 1059 fruentium,
249 996 277 1047 et
293 991 354 1062 ejus
373 1005 460 1060 opera
474 986 528 1043 mi·

69 1064 282 1129 admirantium,
311 1066 339 1117 et
365 1060 420 1117 sibi
447 1074 527 1115 reve-

63 1135 242 1193 ssistentium
255 1133 283 1189 in
298 1139 446 1188 aternum.
464 1132 529 1186 llaec

79 1209 187 1281 optima
202 1221 277 1275 pars
299 1203 406 1259 scilicet
429 1201 529 1258 sedere

63 1298 92 1337 es
112 1279 227 1345 Christi,
247 1282 275 1332 et
296 1274 394 1331 audire
412 1274 528 1329 verbum

63 1353 112 1408 ide
133 1349 234 1406 merito
253 1364 271 1403 a
291 1361 456 1418 possessore
478 1358 529 1398 sno

63 1424 135 1479 nodn
144 1438 195 1493 per
208 1418 328 1490 gratiani
342 1417 463 1480 colente,
472 1430 530 1469 nou

63 1512 88 1551 r:
100 1494 166 1565 quia
181 1492 243 1562 ipsa
257 1495 300 1546 est
314 1487 461 1544 retributio
472 1485 529 1550 illa,

63 1582 110 1621 rvo
129 1563 205 1619 lideli
220 1567 248 1617 et
267 1558 397 1632 prudenti
412 1555 531 1630 promit·

63 1636 134 1692 tliic
156 1633 303 1704 iucipiens
322 1631 351 1686 in
373 1628 531 1685 aeternitate

63 1716 119 1764 tur.
142 1709 217 1761 llanc
234 1704 321 1759 vitam
341 1701 419 1757 nulla
435 1699 533 1770 lingua

90 1778 205 1845 sustitit,
229 1776 301 1831 adeo
328 1774 403 1829 bona
426 1776 479 1838 est,
505 1774 533 1824 et

73 1856 102 1907 et
117 1866 202 1921 super
218 1862 319 1903 omnes
336 1843 409 1899 vitas
428 1839 533 1912 dignis

63 1939 121 1978 :um
138 1921 175 1977 sit
195 1918 306 1974 initium
324 1914 475 1987 cujuslibet
491 1911 532 1967 al-

63 1988 304 2063 onteuiplationis,
320 2003 353 2043 ac
368 1986 432 2041 vitae
449 1998 535 2064 ange·

63 2057 532 2133 uternu·,qniespcraturinpatria.

63 2153 121 2194 rum
150 2140 193 2191 est
224 2131 276 2188 tibi
309 2128 443 2185 continue
470 2141 534 2181 cuni

77 2223 150 2274 esse,
167 2210 196 2260 i'n
210 2220 290 2274 qciem
304 2200 463 2256 desiderunt
475 2197 534 2252 iln-

64 2295 145 2350 niper
169 2276 346 2348 prospicere?
375 2270 403 2327 Si
431 2268 474 2324 vis
507 2267 536 2322 in

63 2368 88 2407 m
101 2364 220 2419 regnare
234 2361 297 2402 cum
309 2342 431 2409 Cliristo,
443 2337 537 2410 incipe

62 2441 70 2479 2
84 2421 180 2485 modo,
196 2423 224 2474 ct
238 2415 296 2473 noli
310 2415 442 2471 deserere
460 2426 536 2476 eum,

63 2493 114 2549 vire
128 2505 248 2563 regnare
263 2492 315 2544 ost.

63 2580 193 2620 iiuzxnii'ii
215 2578 281 2615 viru:
296 2560 415 2616 Cuuisri.
431 2585 466 2595 -
480 2553 536 2623 ilp-

61 2652 111 2709 1ua
125 2651 193 2703 ergo
213 2633 250 2688 ad
270 2630 363 2702 ipsum
378 2627 424 2699 pio
439 2625 535 2692 corde,

63 2695 534 2772 endeiiti,srilicetdcsiuuPatris,

63 2796 108 2835 um
123 2775 257 2848 Virginis,
271 2771 351 2845 quasi
362 2771 433 2827 alter
445 2767 535 2834 testis,

63 2851 135 2923 igelo
149 2853 254 2905 sanctae
269 2840 462 2914 conceptionis
478 2838 535 2894 cii-

84 2937 157 2995 pura
185 2920 256 2983 lide;
286 2924 315 2972 et
338 2910 535 2983 congratulare

77 2993 172 3059 matri,
192 2990 233 3047 sic
251 2991 366 3061 propter
386 2990 412 3039 te
427 2983 535 3037 bacun·

63 3065 157 3122 tdesto
177 3064 238 3133 ejus
263 3054 412 3123 nativitati,
433 3057 461 3109 et
481 3051 534 3107 cir-

63 3137 126 3202 oni,
156 3132 236 3205 quasi
266 3133 357 3188 bonus
383 3123 533 3189 nutritius,

63 3205 222 3279 sepnl'ade
233 3218 298 3258 cum
311 3198 399 3268 blagis
412 3196 440 3251 in
454 3196 536 3250 Betli-

69 3286 98 3335 ct
117 3278 206 3334 ailura
233 3288 298 3329 eum
327 3270 368 3327 eis
385 3266 533 3349 parvulum

72 3351 183 3420 AdJura
200 3362 263 3401 euni
283 3342 450 3415 parentibus
467 3354 533 3409 poi·-

63 3436 159 3488 iemm,
175 3423 203 3474 ct
223 3419 396 3487 prasentare
413 3409 442 3465 in
461 3415 533 3465 tem-

63 3490 193 3550 {emitare
212 3502 277 3543 cuni
295 3481 437 3556 sposidis
454 3481 532 3552 pium

63 3580 102 3631 m,
117 3559 243 3634 gloriosa
265 3555 402 3612 miracula
426 3552 531 3608 sacien-

63 3636 151 3692 ,desto
181 3626 328 3695 morienti,
357 3640 421 3681 rum
449 3626 532 3680 beata

63 3708 119 3779 ejus
133 3708 161 3761 et
175 3705 296 3766 Joaniie,
312 3698 348 3753 ad
363 3695 533 3767 compatien-

76 3774 283 3834 condolendum
294 3767 531 3837 sibizetquadam

63 3848 172 3906 iositatr.
189 3842 343 3917 palpando,
360 3844 452 3896 tracta
472 3838 530 3894 sin-

63 3922 154 3978 iluera
174 3913 328 3975 salvatoris
347 3911 397 3979 tui,
417 3916 532 3982 propter

68 3991 182 4048 mortui.
199 3990 299 4056 Quinrc
323 3988 530 4052 resurgentem,

63 4063 114 4121 iria
130 4059 307 4131 llagdaleua,
319 4056 410 4111 donec
421 4068 531 4108 increa-

63 4134 146 4192 snire.
164 4130 312 4188 admirare
332 4127 360 4182 iii
380 4125 481 4182 eoelnin
499 4139 530 4179 a·

63 4211 139 4274 item,
150 4202 232 4274 quasi
246 4201 321 4256 inter
335 4196 488 4324 discipulos
502 4194 529 4249 iu

70 4277 170 4336 Oliveti
199 4272 331 4331 existens.
360 4270 432 4326 See
467 4281 531 4322 eum

581 424 776 509 Apostolisnin·
789 432 927 502 conclavi,
943 443 972 493 et
992 441 1168 503 discendere

582 493 629 574 ab·
645 499 831 582 exterioribus
857 503 985 574 singulis,
1010 518 1039 566 ut
1065 513 1169 575 virtute

583 565 703 645 Spiritus
717 569 822 652 Sancti,
838 590 871 630 eii
885 577 942 633 alto
960 578 1007 637 ind
1013 582 1038 638 ui
1058 601 1169 643 merca-

583 651 631 690 ris.
656 637 739 719 ¹³¹.⁵¹
755 657 813 712 pio,
834 661 867 701 ae
890 648 987 706 humili
1012 660 1039 710 ct
1066 656 1169 715 elevato

583 707 669 764 corde
683 725 723 765 sie
738 727 802 793 euin
819 717 928 775 modico
942 725 1070 795 tempore
1083 728 1171 786 literis

583 786 750 849 prosecutus
761 800 788 839 in
800 787 894 855 terris
902 789 962 862 ipse
973 799 1001 850 te
1012 797 1171 857 sublevabit

584 849 620 931 ad
635 866 665 906 se
680 853 826 933 sedentem
840 857 868 913 in
882 860 998 921 dextera
1011 868 1060 923 liei
1079 868 1170 928 Patris

583 937 613 977 m
641 922 731 1003 cfelis,
759 930 913 988 secundum
940 937 1015 1005 quod
1040 941 1172 1010 promisit

585 992 661 1048 tideli
688 999 830 1083 peccatori
857 1002 909 1059 sibi
939 1005 1108 1081 adliaereuti,
1126 1011 1172 1069 di-

584 1080 652 1119 cens
670 1081 677 1121 :
695 1066 835 1152 Quimilii
852 1077 1003 1144 ministrat,
1020 1097 1061 1136 me
1075 1098 1173 1154 sequa-

585 1140 653 1202 tiir3
669 1142 695 1191 et
708 1138 757 1222 eibi
771 1156 903 1224 eausam,
920 1149 981 1205 illic
1003 1157 1029 1206 et
1046 1157 1173 1211 miriister

585 1222 660 1260 meus
686 1214 748 1264 erit.
778 1212 952 1289 Quicumque
981 1237 1049 1291 ergo
1080 1225 1174 1283 ssdelis

585 1282 719 1348 peccator
737 1279 811 1338 lianc
825 1284 910 1344 vitam
932 1293 1094 1352 amabiliter
1112 1313 1174 1354 am·

587 1348 714 1445 plexatus
738 1350 844 1436 luerit,
873 1374 931 1440 non
965 1363 1075 1421 dubitet
1104 1368 1173 1439 quin

588 1420 716 1475 Christus
735 1438 799 1478 eum
819 1443 849 1481 in
874 1429 964 1487 filium
985 1436 1172 1506 adoptaverit.

588 1490 668 1574 Unde
682 1499 871 1563 scriptumest
882 1498 909 1554 iii
920 1502 1080 1563 Proverbiis
1095 1526 1101 1562 :
1115 1513 1174 1578 qu

588 1562 734 1629 diligentes
746 1568 900 1647 meldi'b'po.
918 1573 995 1630 Unde
1014 1584 1043 1631 et
1056 1581 1175 1635 Beriiur·

589 1633 641 1687 dus
669 1635 797 1716 ³,‘‚Q¹1¹
824 1654 881 1695 non
907 1642 998 1713 placet
1026 1649 1084 1705 lieo
1118 1667 1176 1708 non

590 1707 683 1775 potest
697 1704 737 1761 illi
753 1709 866 1777 placere
881 1714 963 1770 lleus.
979 1718 1048 1775 llam
1060 1693 1104 1777 ciii
1117 1722 1177 1794 pla-

590 1779 634 1830 cet
650 1777 734 1844 Deus,
748 1779 805 1834 lico
816 1780 964 1853 displicere
979 1798 1147 1862 iionpotcst.
1160 1814 1174 1844 »

590 1847 693 1902 Caveat
709 1852 803 1906 tamen
822 1855 978 1923 pmdenter
996 1860 1089 1919 fidelis
1110 1880 1176 1936 pec·

590 1922 679 1985 cator,
708 1925 739 1974 iit
754 1936 919 2001 ¹unusquam
945 1927 973 1983 in
999 1947 1178 2017 quocumque

590 1994 665 2070 statu
689 1989 784 2060 luerit,
799 1997 999 2056 conlidentiam
1019 2002 1177 2063 inmeritis

590 2061 848 2130 siiisliabea13sed
868 2073 1010 2141 tamquam
1031 2077 1178 2134 mendicus

590 2133 788 2203 pauperculus.
805 2138 921 2195 omnino
941 2143 1125 2218 nudissimus,
1141 2149 1178 2205 ad

592 2203 803 2276 eleemosynam
822 2209 996 2269 Dominicam
1014 2218 1178 2276 mendican-

592 2273 668 2343 dam,
677 2291 790 2357 semper
798 2294 902 2337 vacuus
914 2286 1039 2342 accedat.
1054 2291 1178 2348 llaeeau·

593 2349 649 2431 teni
675 2346 769 2428 lactat,
789 2364 846 2405 non
866 2353 945 2422 quasi
965 2371 998 2411 ev
1019 2359 1178 2419 bumilitate

593 2418 669 2496 licta,
693 2424 806 2499 'merita‘
826 2436 876 2477 sua
909 2426 1097 2491 abscondens.
1127 2432 1177 2489 sod

592 2492 748 2572 certissime
767 2505 859 2546 sciens
873 2496 949 2564 quod
964 2514 1017 2553 riou
1037 2501 1177 2572 Justr'ltea-

593 2560 667 2646 bitur
686 2576 716 2613 tn
735 2568 877 2640 conspectu
895 2568 945 2619 llei'
963 2573 1051 2624 uiuitis
1072 2576 1177 2630 cicens.

592 2631 683 2684 latiam
700 2629 787 2685 solius
802 2631 980 2711 cogitationis
996 2645 1102 2698 nostrae
1119 2660 1177 2700 nou

592 2714 741 2780 possumus
765 2706 904 2781 rationem
924 2707 1053 2777 reddere,
1072 2712 1096 2768 si
1116 2713 1177 2786 ipse

591 2770 863 2830 voliierrtnobiscum
875 2774 903 2831 in
911 2777 1048 2848 judicium
1058 2782 1176 2844 intrare.

591 2843 647 2922 isto
662 2847 757 2899 autem
772 2845 857 2926 modo
872 2855 1132 2929 quantumcumque
1146 2874 1178 2916 se

591 2919 712 2994 ingerat,
728 2930 791 2970 cum
804 2932 851 3044 Em
865 2924 958 2977 tamen
972 2922 1074 2984 timore
1089 2934 1117 2984 et
1131 2946 1176 2987 re-

591 2990 728 3053 verentia,
745 2986 782 3041 ad
825 3004 911 3047 onum
935 2995 1088 3055 [lominum
1111 3016 1177 3072 pee-

591 3062 702 3111 catores
730 3064 902 3139 vorantem,
935 3076 1177 3142 praesumptuosus

591 3143 647 3208 iioii
664 3130 841 3198 reputabitur
857 3151 863 3188 :
881 3133 953 3190 sieut
974 3154 1114 3212 pauperes
1135 3159 1177 3200 se·

590 3199 655 3267 culi,
671 3206 778 3270 quanto
806 3203 941 3261 nudiores
965 3216 1040 3277 sunt,
1057 3229 1120 3269 eum
1145 3229 1176 3270 se

589 3285 648 3350 non
671 3276 816 3350 tamquam
836 3273 947 3344 dignos,
965 3281 1015 3335 scd
1032 3287 1095 3337 tam·
1110 3300 1175 3341 iiam

590 3356 752 3398 miseriores
763 3343 885 3468 propius
910 3345 938 3400 in
961 3357 1054 3418 erunt,
1069 3300 1107 3408 ai
1120 3354 1176 3411 ele·

588 3427 753 3494 emosynam
784 3413 857 3469 ivitis
870 3362 1175 3495 meutiieandampnc·

589 3484 804 3564 sumptuosivet
820 3485 933 3556 superbi
950 3504 1009 3546 nou
1025 3491 1172 3564 dicuntum

588 3553 639 3633 sed
659 3570 677 3608 a
696 3554 826 3635 benignis
854 3555 986 3616 divitibus
1013 3562 1175 3623 miscricor-

588 3625 651 3679 dius
668 3627 866 3696 respiciuntur.

623 3696 680 3751 68.
696 3698 858 3755 Bassianus
881 3718 962 3759 virnii
982 3704 1092 3764 canisii
1110 3726 1175 3765 uns-

588 3784 748 3829 ouesrivrr.
761 3800 795 3810 -
807 3773 885 3827 llanc
898 3773 984 3831 vitam
997 3777 1098 3838 beatus
1108 3782 1176 3838 Ber-

587 3839 693 3920 naritus
715 3840 868 3911 plurimum
896 3844 1099 3922 frequentavit,
1126 3850 1177 3927 qui

587 3910 739 3994 fasciculos
760 3914 893 3994 sapritius,
917 3915 1007 3975 idest
1031 3922 1181 3987 cumulum

588 3983 797 4063 amaritudinis,
827 4001 859 4041 ei
888 3986 946 4045 vita
973 3997 1002 4047 et
1029 3992 1189 4063 laboribus

589 4052 691 4134 §bruti
708 4054 854 4137 colligens,
871 4064 899 4114 et
917 4058 994 4119 inter
1008 4064 1098 4123 ubera
1112 4081 1174 4135 sua

588 4124 617 4204 id
633 4129 685 4193 est,
701 4125 868 4185 allectiones
885 4146 951 4187 suas
965 4134 1120 4207 collocans,
1137 4122 1196 4211 η’

588 4200 628 4250 ait
642 4213 648 4250 :
667 4216 680 4246 u
694 4197 735 4252 Tu
748 4213 871 4282 quoque,
883 4200 906 4257 si
918 4204 1004 4276 sapis,
1017 4205 1181 4289 imitabar}

589 4282 702 4338 sponsae
725 4269 917 4344 prudentiam,
941 4281 1029 4349 atque
1052 4252 1203 4385 murm:
