2790 4912
348 301 389 353 ul
415 300 606 354 uurlrlouu
633 300 725 363 ΛΟΜ
751 300 783 353 Ill
811 301 928 355 vtubll.
1213 304 1259 358 225

51 403 614 479 scoebnupsitllrchitecto,suntiuCana

52 478 155 547 alilaeae,
170 477 208 534 ad
222 476 426 534 insinuandum
440 475 517 547 quod
531 490 613 531 meus

51 557 92 623 pta
109 548 215 622 nuptiis
234 547 429 621 spiritualibus
451 546 536 604 debet
549 561 612 627 esse

51 619 340 691 ntransmigratione.
362 621 393 676 ln
422 617 466 675 his
493 617 610 689 nuptiis,

51 695 107 750 lasus
129 691 271 760 Salvator,
286 689 315 747 id
334 696 388 759 cst,
416 688 463 761 qui
477 690 611 761 populum

51 780 103 820 rum
110 763 204 833 joicat
222 780 241 818 a
251 765 372 835 peccatis
386 777 487 826 eorum,
504 775 610 831 aquam

51 834 160 892 nurcrtit
173 833 204 889 in
218 833 326 901 vinum,
340 832 452 905 quando
471 829 611 888 convertit

51 904 149 979 inpium,
166 910 196 961 et
218 904 286 961 iacit
309 903 408 977 pinm;
434 903 549 975 quando
563 918 609 959 au·

51 975 85 1035 lut
96 977 216 1048 culpam,
231 980 261 1032 et
274 975 384 1033 conlert
396 974 520 1057 gratiam
536 991 542 1030 :
560 973 611 1030 sed

51 1047 175 1121 llpreces
191 1048 283 1104 beatae
301 1045 436 1119 Virginis,
457 1062 521 1128 quse
535 1060 610 1101 sem-

51 1132 83 1246 gar
103 1117 272 1190 compatitur
306 1116 428 1186 miseris,
458 1117 612 1188 implentur

59 1189 140 1262 pdriae,
155 1195 184 1246 et
206 1204 281 1260 aqua
300 1187 423 1247 tristicia
440 1186 613 1245 convertitur

51 1258 161 1318 bunum
175 1259 378 1317 consolationis
402 1265 431 1316 et
452 1257 612 1315 devotionis

51 1338 145 1389 uemae.
174 1333 228 1389 Sex
251 1331 365 1414 ⁸hydriae
392 1337 457 1388 sunt
485 1332 612 1456 quinque

51 1416 127 1461 tensus
146 1418 285 1475 corporis,
314 1418 379 1460 cum
408 1419 463 1459 uno
491 1416 611 1473 srmpmr

51 1488 111 1531 sensu
133 1474 236 1531 animae
260 1491 267 1530 :
295 1473 346 1531 sed
359 1473 467 1545 hydriae
482 1472 613 1529 dicuntur

51 1544 152 1617 bpideae,
167 1546 237 1617 quia
249 1561 350 1602 seusus
363 1543 454 1601 nostri
469 1549 534 1600 ante
546 1558 612 1614 gra-

51 1614 97 1672 itm
106 1615 237 1674 obdurati
252 1623 319 1673 sunt
335 1632 386 1689 per
401 1616 525 1687 culpam.
541 1617 613 1670 istas

51 1686 137 1758 lpdrias
150 1703 228 1759 aqua
241 1687 401 1760 implemus,
416 1687 530 1759 quando
544 1688 613 1741 tletu

51 1765 128 1816 tntae
145 1757 373 1830 compunctionis
392 1774 493 1815 omnes
512 1773 613 1813 sensus

51 1836 184 1900 ustros,a
216 1830 298 1902 culpa
321 1835 474 1899 transacta,
490 1828 614 1901 perlecto

51 1914 151 1958 aramus
177 1917 185 1956 ε
207 1900 258 1957 tali
280 1916 354 1973 aqua
367 1901 555 1973 purificantur
568 1902 615 1956 Ju-

51 1970 91 2041 tei,
103 1971 132 2028 id
156 1976 200 2028 est
218 1971 279 2028 veri
300 1973 478 2030 consessores
499 1970 613 2040 Christi,

51 2041 140 2113 pinon
155 2048 265 2100 tanturn
279 2044 454 2101 confitentur
468 2059 532 2100 eum
546 2059 615 2099 voce

53 2113 94 2183 ris,
108 2114 160 2171 sed
189 2114 275 2172 etiam
299 2131 385 2187 opere
408 2130 557 2183 manuum,
584 2114 614 2171 in

51 2183 143 2243 nitate
151 2186 255 2243 cordis.
266 2188 387 2260 Capiunt
395 2193 491 2244 autem
505 2185 614 2258 hydriae

51 2262 159 2315 teneus
188 2257 271 2315 binas
293 2259 337 2316 vel
362 2264 457 2316 ternas
487 2278 495 2313 :
519 2257 613 2326 binas,

51 2328 139 2386 nando
153 2330 257 2386 tlemus
271 2346 334 2402 quae
354 2327 548 2387 commisimus
564 2329 613 2385 de·

51 2400 178 2458 >clatione
196 2406 225 2458 et
238 2417 396 2470 consensu;
414 2407 510 2458 ternas
534 2416 612 2470 vero,

51 2471 138 2529 raudo
165 2471 281 2529 tletibus
304 2489 471 2546 purgamus,
488 2488 546 2528 nou
571 2487 614 2527 so-

54 2557 81 2600 m
95 2541 285 2600 dilectionem'
305 2560 421 2616 pravam
448 2551 477 2600 et
497 2559 614 2600 consen·

51 2628 96 2682 tm,
127 2629 229 2670 verum
258 2615 343 2671 etiam
386 2632 458 2686 opus
494 2616 611 2671 malum.

51 2699 104 2755 rua
118 2684 243 2756 denique
263 2686 292 2741 in
310 2686 406 2743 riuum
426 2686 611 2754 conuertitur,

51 2754 138 2812 tando
152 2756 251 2837 tletum
265 2757 356 2828 eulpm
370 2757 533 2828 jncunditas
547 2773 612 2828 gra-

51 2842 117 2884 sse
139 2830 217 2883 urlur
237 2845 244 2882 :
268 2828 310 2883 vel
328 2828 414 2884 etiam
441 2828 555 2899 quaudo
583 2827 612 2884 in

51 2904 121 2955 ente
155 2896 259 2954 ominis
274 2914 344 2971 opus
364 2899 424 2968 Dei,
440 2899 517 2970 quod
534 2900 613 2956 lebo-

51 2968 97 3026 uti
112 2968 193 3041 prius
208 2985 266 3025 uon
282 2969 355 3042 sapit
369 2986 421 3041 per
435 2969 612 3042 spiritualem

51 3039 237 3113 gligentiam,
268 3040 427 3098 illuminato
467 3041 611 3098 dulcescit.

51 3111 123 3169 mnis
148 3118 244 3168 autem
264 3114 349 3169 homo
364 3113 489 3184 primum
516 3112 613 3169 vinum

51 3198 129 3240 inum
143 3181 234 3255 ponit,
249 3183 316 3256 quia
331 3183 472 3253 homines,
498 3200 533 3240 ea
549 3199 612 3267 quoe

51 3253 176 3311 luiuum
195 3254 301 3311 honum
327 3254 480 3327 pertinent,
506 3255 613 3313 scilicet

51 3323 217 3394 destabilia,
246 3332 344 3383 amant
373 3332 402 3383 et
434 3333 563 3397 quarunt
584 3327 613 3384 in

51 3393 176 3464 maenti3
191 3395 305 3466 deinde,
322 3398 397 3470 quod
417 3398 544 3455 deterius
558 3405 611 3467 est,

51 3466 90 3525 ria
106 3483 217 3537 amara,
226 3467 372 3526 invenient
390 3475 419 3526 et
432 3469 570 3542 recipient
583 3469 613 3526 in

51 3543 127 3620 turo.
141 3537 190 3620 ‘Sic
204 3555 272 3611 ergo
285 3541 416 3598 diabolus
439 3540 531 3613 primo
546 3558 612 3612 sug-

51 3614 94 3665 trit
110 3609 209 3682 aliqua
223 3613 275 3669 sub
285 3611 380 3684 specie
394 3611 477 3681 boni;
494 3618 532 3680 et,
549 3629 613 3670 cum

668 405 840 471 secutionem,
861 402 1065 461 amaritudines
1086 410 1114 462 et
1138 405 1257 466 tribula-

668 475 759 531 tiones
772 477 928 545 patiuntur,
942 476 993 532 sed
1008 475 1037 532 in
1054 477 1157 547 lutura,
1181 479 1258 538 dele·

668 544 804 602 canones
823 550 851 601 et
864 546 969 618 gaudie
982 555 1194 631 consequentur
1208 569 1215 607 :
1230 556 1259 609 et

666 632 754 688 parra
768 621 834 673 sunt
846 618 930 686 bona,
942 634 1006 690 quae
1022 622 1105 678 nolus
1122 619 1220 679 tribuit
1230 623 1258 680 in

666 686 800 815 prasenti
815 692 953 761 tempore,
969 690 1005 747 ad
1016 692 1258 762 comparationem

679 764 837 828 uturorum,
864 776 927 833 quae
962 762 1043 818 bonis
1068 763 1188 821 daturus
1214 769 1259 822 est

667 829 697 886 iu
719 830 888 889 aeternitate.
917 835 1011 890 Bonus
1036 834 1161 893 modicus
1177 851 1258 893 num·

669 917 754 1028 guam
769 902 819 958 dat
833 904 937 960 bonum
947 909 976 961 et
988 920 1091 976 purum
1104 905 1200 963 viuum
1216 907 1259 964 in·

691 989 763 1043 rmo,
780 973 822 1030 vel
848 974 889 1030 illi
905 974 953 1045 qui
973 976 1063 1031 evasit
1082 976 1117 1033 de
1136 976 1258 1037 infirmi·

670 1048 738 1114 tate,
753 1045 890 1117 quamdiu
904 1051 946 1102 est
961 1046 1072 1114 debilis,
1089 1047 1180 1106 donec
1194 1066 1259 1122 per-

670 1116 773 1173 lectam
788 1117 893 1173 habeat
906 1117 1074 1185 sanitatem3
1090 1121 1141 1177 sed
1155 1120 1204 1177 dat
1218 1121 1260 1178 illi

671 1187 767 1268 vinum
794 1203 868 1268 aqua
896 1187 1025 1245 mixtum.
1055 1189 1110 1259 Sic,
1145 1191 1260 1250 homine

671 1263 809 1314 existente
824 1274 853 1314 rn
863 1260 921 1315 vita
936 1259 1000 1327 ista,
1016 1261 1145 1331 quamvis
1163 1279 1261 1320 evase·

670 1328 707 1385 rit
723 1328 919 1386 infirmitatem
936 1331 1054 1401 peccati,
1072 1337 1169 1389 tamen
1184 1332 1261 1391 debi-

670 1399 705 1456 lis
719 1406 763 1457 est
785 1405 813 1456 et
838 1406 933 1472 potest
950 1401 1116 1471 recidivam,
1141 1404 1190 1460 dat
1204 1405 1260 1461 Do·

671 1473 764 1529 minus
780 1472 874 1529 vinum
896 1471 1013 1528 mixtum
1033 1489 1106 1545 aque
1121 1474 1261 1531 tribulati·

670 1543 749 1611 onis3
779 1544 828 1599 scd
855 1543 885 1599 in
909 1544 976 1611 llrre,
1006 1545 1118 1615 quando
1142 1546 1259 1603 habebit

670 1615 823 1686 perfectam
843 1614 1006 1679 sanitatem,
1029 1620 1097 1672 tunc
1118 1617 1197 1674 dabit
1221 1616 1261 1673 vi·

670 1703 739 1742 num
780 1703 862 1743 urum
894 1691 1009 1743 aeternae
1042 1687 1254 1746 consolationis.

709 1762 738 1814 ιδ
752 1702 816 1825 (ξπ
831 1775 898 1814 suun
913 1776 1064 1814 uonunueu
1084 1777 1133 1814 ser
1152 1777 1257 1816 nnuma

670 1845 806 1885 uersutus
819 1847 897 1885 BINAS
908 1847 960 1885 VEL
974 1848 1076 1886 Tenues
1091 1831 1258 1887 curremus?

670 1932 704 1941 -
722 1902 761 1956 Dc
776 1900 918 1972 praedictis
943 1901 1051 1972 hydriis
1075 1906 1103 1957 et
1130 1903 1258 1959 metretis

670 1971 711 2028 sic
739 1971 807 2028 dicit
834 1974 1016 2030 Bernartius:
1040 1975 1123 2030 «Sex
1148 1974 1257 2045 hydriae

669 2042 770 2125 positae
783 2050 850 2100 sunt
867 2044 923 2113 his,
937 2043 987 2116 qui
1003 2051 1067 2116 post
1081 2044 1260 2117 Baptismum

669 2131 700 2171 rn
725 2122 841 2187 peccata
868 2115 1012 2173 labuntur.
1036 2115 1132 2173 Prima
1146 2116 1258 2189 hydria,

669 2192 698 2242 et
712 2186 805 2259 prima
826 2187 957 2259 purgatio
984 2187 1013 2243 in
1037 2188 1257 2260 compunctinue

669 2262 723 2326 est,
754 2258 789 2314 de
816 2273 873 2329 qua
892 2258 1040 2328 legimus:
1070 2259 1216 2329 quoniam,
1232 2263 1258 2315 si

669 2331 772 2399 impius
785 2331 870 2397 eperit
883 2331 1072 2399 penitentiam
1084 2329 1119 2383 ab
1132 2331 1258 2385 omnebus

668 2402 864 2471 peccatissuis,
874 2415 931 2454 cccc
941 2401 1061 2454 omnium
1075 2401 1257 2468 iniquitatum

670 2470 739 2540 eju,
756 2486 856 2540 quase
879 2475 972 2524 eratum
988 2474 1037 2531 est,
1053 2486 1107 2524 non
1128 2470 1255 2525 recorda-

671 2543 727 2597 bor.
758 2486 891 2598 secunda
920 2554 986 2593 vero
1015 2539 1155 2595 confessio
1186 2545 1255 2595 est:

670 2611 767 2669 omnia
777 2610 919 2692 siquidem
931 2608 961 2664 iu
971 2609 1149 2666 confessione
1162 2611 1259 2666 lavan-

670 2688 726 2740 tur.
743 2686 849 2749 Tcrtra,
865 2680 1111 2752 eleemosynarum
1127 2679 1255 2754 largitio:

670 2755 736 2811 hinc
756 2753 833 2811 enim
849 2753 937 2809 habes
952 2751 981 2807 in
999 2751 1149 2824 Evangelio
1166 2770 1173 2808 z
1189 2756 1259 2809 Date

669 2828 875 2896 eleemosynam,
893 2829 918 2880 et
943 2827 1036 2880 omnia
1065 2826 1168 2881 muricia
1195 2830 1260 2882 sunt

669 2899 755 2955 vobis.
769 2899 926 2966 Quartaest
936 2895 1065 2954 remissio
1078 2896 1258 2968 injuriarum,

670 2970 825 3026 secundum
861 2968 938 3041 quod
969 2975 1083 3026 orantes
1114 2967 1257 3027 dicimus:

669 3043 784 3098 Dimitte
798 3042 876 3098 nobis
904 3041 996 3096 debita
1022 3046 1127 3106 nostra,
1147 3045 1220 3099 sicut
1236 3046 1262 3096 et

668 3129 717 3169 nos
748 3115 916 3169 dimittimus
950 3113 1119 3168 debitoribus
1146 3115 1259 3169 nostris.

668 3185 772 3252 Quinta
800 3189 843 3241 est
872 3183 988 3241 altlictio
1018 3182 1154 3254 corporis,
1184 3182 1260 3238 undo

668 3271 840 3312 exoramus:

705 3365 740 3419 Ut
752 3360 850 3416 mundi
862 3374 914 3431 per
924 3359 1131 3420 abstinentiam,

703 3436 757 3488 lieo
771 3446 903 3487 canamus
916 3432 1048 3499 aratiam.

667 3541 750 3597 Sexta
778 3542 820 3594 est
845 3535 1007 3594 obedientie
1037 3539 1254 3607 praceptorum,

666 3611 740 3668 sicut
759 3608 913 3666 audierunt
938 3606 1079 3690 discipuli,
1100 3606 1176 3678 quod
1200 3607 1254 3664 uti-

51 3678 95 3761 lis·
113 3695 167 3752 per
193 3683 427 3755 complacentiam
455 3682 614 3740 inebriatus
667 3699 734 3739 nam
762 3698 922 3738 mercamur
950 3680 1049 3737 audire
1064 3683 1092 3735 et
1107 3694 1181 3734 nos:
1201 3681 1255 3737 Vos

51 3756 121 3819 erut,
137 3757 213 3822 tnnc,
232 3755 307 3825 quod
323 3754 447 3811 deterius
464 3759 517 3823 est,
538 3754 613 3811 scili·
666 3754 764 3811 mundi
780 3756 855 3820 estis,
871 3757 985 3826 propter
1009 3766 1160 3807 sermonem
1175 3766 1255 3822 quem

51 3826 68 3878 rt
87 3822 275 3882 enormitates
289 3825 425 3894 diversas,
448 3825 477 3882 in
492 3825 615 3897 peccatis
668 3827 773 3882 locutus
787 3842 848 3881 sum
863 3826 949 3880 vobis.
963 3822 1103 3880 Nimirum
1116 3820 1182 3951 Quia
1198 3839 1255 3879 uon

51 3892 228 3964 iperinducit.
243 3897 298 3954 Sed
312 3896 440 3955 Christus
450 3912 508 3953 nou
522 3897 614 3969 primo
667 3896 844 3954 erantsicut
871 3895 961 3951 hide
991 3894 1095 3966 quibus
1141 3894 1254 3951 icatur:

51 3978 122 4019 num
134 3965 241 4022 bonum
255 3968 345 4039 pouit,
361 3968 455 4024 sedin
470 3975 614 4040 posterum
666 3971 760 4027 Sermo
779 3983 853 4023 mens
876 3983 929 4023 non
955 3970 1032 4039 capit
1048 3969 1078 4023 in
1094 3967 1187 4037 vobis3
1205 3965 1254 4023 sed

51 4039 130 4103 errat,
147 4036 615 4110 quiaaprincipionmaraetdu-
666 4040 696 4096 in
726 4038 827 4096 auditu
849 4037 929 4095 uerbi
958 4039 1126 4096 obedierant
1151 4038 1188 4095 ei.
1206 4040 1254 4094 llae

51 4107 223 4177 iproponit3
241 4116 320 4167 areta
334 4109 411 4167 enim
428 4116 467 4166 est
483 4115 540 4180 via,
554 4128 615 4183 qun
666 4115 733 4167 sunt
752 4127 800 4166 sex
815 4110 933 4181 hydriae,
948 4110 1050 4182 positae
1071 4109 1100 4166 in
1117 4107 1253 4180 purifica-

51 4178 104 4233 ucit
126 4178 164 4233 ad
186 4183 294 4250 nitam‚·
319 4189 357 4250 et,
377 4187 408 4238 ut
426 4181 505 4252 alibi,
523 4198 614 4239 omnes
666 4182 774 4238 tionem
789 4187 916 4239 nostram
933 4200 940 4238 :
957 4187 986 4239 et
999 4198 1063 4254 quae
1078 4195 1173 4237 recuae
1189 4181 1255 4234 sunt

51 4249 77 4303 ur·
90 4251 138 4320 pie
151 4251 248 4306 nolunt
261 4255 292 4308 in
312 4254 417 4310 cbristo
436 4257 536 4319 vinae,
553 4271 615 4328 per·
667 4258 695 4310 et
720 4253 812 4327 plena
832 4258 929 4327 vento,
948 4256 973 4312 si
987 4269 1039 4327 pro
1065 4249 1144 4308 inani
1164 4245 1255 4321 gloria

89 4342 161 4400 Vrra
177 4347 246 4402 issu
261 4347 383 4413 cusrsrr,
400 4361 487 4403 nonas
502 4349 526 4402 1.
1164 4344 1193 4398 ¹5
