2790 4912
326 301 368 356 bs
394 302 529 357 talento
555 304 599 359 ΕΤ
623 306 895 363 tattttttosttttts
921 310 1050 365 bolttttt.
1262 318 1307 370 tot

70 466 73 471 .
117 416 204 471 toto
219 410 592 495 sitoepmsentistempore
607 414 658 473 de-

65 505 80 562 p
96 519 118 571 ‘.'
160 484 243 542 ‘ones
259 500 358 541 reru·
384 484 585 567 temporalium
616 486 665 569 de·

73 659 664 831 *aas

73 893 74 898 ,
152 887 155 891 .
177 842 333 915 superatis,
347 847 376 899 et
391 812 533 901 teutatoie
554 844 663 915 fugato,

78 920 255 977 -fflnernnt
267 914 369 997 Aupeli
377 914 662 983 etministrabantei;

63 1037 64 1042 ,
89 992 152 1047 altu
163 1002 244 1057 ergo,
259 986 283 1043 si
298 1002 342 1043 us
352 988 457 1043 habere
471 985 662 1045 ministerium

74 1058 257 1133 ‚Asgclorum
281 1059 348 1129 tage
361 1058 571 1115 consolationes
584 1075 663 1116 secu-

73 1128 115 1201 b,
131 1134 158 1187 et
179 1130 387 1187 tentationibus
407 1129 512 1187 resiste
535 1130 660 1200 diaboli;

78 1206 176 1261 *ramat
203 1202 344 1258 consolari
358 1200 457 1257 anima
470 1206 519 1258 tua
535 1203 565 1257 in
583 1202 660 1271 aliis,

70 1270 161 1339 ,isis
181 1270 211 1328 in
241 1272 290 1329 Dei
313 1272 451 1329 memoria
472 1273 617 1330 delectari.
646 1296 660 1324 »

66 1415 67 1418 Ἴ
87 1342 157 1401 llnde
170 1343 254 1399 etiam
275 1346 480 1427 chrysostomus
499 1364 508 1399 :
525 1364 539 1396 u
556 1347 661 1414 Quam-

79 1412 131 1473 ltu
149 1413 221 1471 enim
251 1415 305 1472 tuit
332 1432 361 1472 1n
385 1414 520 1473 eoutlictu
541 1417 661 1487 positus,

88 1500 253 1559 nequaquam
281 1484 404 1555 Angelos
431 1502 569 1569 apparere
596 1504 661 1560 per-

58 1571 70 1632 ’
90 1556 166 1625 nisit,
179 1564 222 1613 he
241 1557 349 1615 scilicet
367 1562 433 1619 ante
447 1557 594 1615 uomitum
614 1575 662 1615 su-

60 1635 71 1678 ἰ-
87 1628 233 1757 πάνυ]
260 1629 383 1700 lugeret.
410 1630 565 1701 Postquam
594 1646 663 1687 vero

50 1704 65 1774 ,j
173 1715 229 1773 per·
256 1706 359 1757 cuneta
381 1700 495 1771 devicit,
514 1706 544 1759 et
557 1702 662 1759 victum

56 1835 57 1838 Ἴ
88 1768 174 1843 [ηοω
191 1772 420 1845 precepcione
440 1773 540 1843 Angeli
560 1790 663 1830 conse·

53 1911 54 1916 γ
87 1849 193 1915 quanter
212 1850 362 1916 apparent,
382 1848 413 1901 ut
431 1848 462 1901 tu
476 1845 570 1901 discas
585 1846 662 1973 proed

54 1925 57 1930 ·
85 1914 232 1987 huncque
299 1917 482 1973 tcontectam
499 1917 535 1973 dc
548 1916 596 1972 dia
635 1917 663 1974 lo

57 2054 60 2059 Ι
84 1982 219 2043 nmium
263 1986 338 2071 npeli
362 1992 480 2059 repente
496 1988 661 2060 suscipient,

81 2054 237 2140 pladentes
274 2059 338 2128 tibi,
376 2065 461 2131 teque
493 2058 662 2131 stipatorum

49 2175 50 2188 ,
82 2140 151 2185 nore
168 2130 274 2200 ubimre
289 2129 466 2198 comitantes,
483 2135 511 2187 et
523 2131 554 2187 in
569 2131 660 2187 omni-

82 2198 129 2257 lus
142 2201 325 2257 honorantes,
351 2201 396 2258 Sic
415 2202 512 2273 utique
531 2208 560 2258 et
574 2204 660 2259 Laza-

40 2274 45 2381 3
77 2273 660 2416 matellanustristanus

32 2421 33 2428 ’
78 2387 662 2487 dpientesadrequiempertulerunlaffit

47 2542 50 2549 ,
75 2482 174 2541 itemm
189 2503 197 2541 ε
211 2504 226 2537 u
243 2487 344 2558 Angeti
352 2502 473 2558 agonem
485 2487 588 2545 Christi
596 2503 661 2559 pro-

34 2554 40 2563 “
72 2556 113 2613 eal
139 2557 328 2638 aspiciebant,
346 2574 383 2614 ue
403 2558 548 2615 rideretur
561 2575 660 2615 corum

12 2655 23 2704 -'
73 2627 204 2699 prasidio
219 2628 373 2698 devicisse3
389 2636 428 2697 et,
444 2629 563 2687 victoria
574 2632 661 2701 laeta,

75 2705 257 2757 accesserunt
271 2706 300 2756 et
314 2700 514 2757 ministrabant
526 2702 563 2759 ci.
584 2722 599 2753 o

106 2790 139 2843 η
164 2773 236 2827 Esca
259 2789 314 2834 psat
330 2790 358 2827 is
383 2790 501 2829 nnsenro
528 2790 661 2829 reinnerus

10 2890 13 2933 Ι
69 2856 115 2897 sss
134 2842 271 2899 [tostinus.
285 2874 320 2883 -
335 2846 478 2900 llaecsero
493 2844 572 2901 addit
587 2844 663 2901 idem

10 2944 12 2959 ι
69 2912 299 2983 chrysostomus:
329 2936 343 2965 α
362 2915 417 2972 Sed
434 2915 501 2986 quid
517 2916 660 2972 ministra·

68 2984 145 3057 baut,
175 2985 322 3113 Scriptura
335 3002 393 3042 non
418 2986 568 3069 exprimit3
592 2989 661 3043 satis

68 3056 233 3211 alhadib
255 3056 663 3212 'ttntttttftlgztttttt

65 3204 204 3267 ministri,
228 3215 296 3271 quia
324 3201 427 3271 legitur
451 3216 604 3269 esurnsse;
632 3206 662 3258 et

65 3270 122 3329 hoe
140 3286 201 3327 nou
216 3276 333 3343 propter
347 3272 546 3329 necessitatem
567 3271 659 3345 impo-

66 3340 165 3399 tentiae
189 3342 294 3401 Claristi
320 3342 348 3401 ei
380 3343 593 3413 ministrabant,
608 3344 660 3401 sed

66 3412 104 3471 ad
121 3417 314 3473 reverentiam
328 3415 529 3484 exhibendam,
543 3421 571 3473 et
588 3432 658 3487 pro·

65 3488 131 3558 pter
151 3485 399 3543 honorificentiam
415 3486 581 3559 potestatis;
599 3501 659 3543 non

66 3558 147 3615 enim
161 3556 266 3615 dicitnr
275 3559 353 3631 qnod
361 3559 509 3631 adiuuant,
518 3559 569 3616 sed
582 3558 659 3631 quod

67 3628 234 3687 ministrant
248 3648 258 3685 ε
270 3651 285 3681 o
304 3632 365 3687 haee
380 3632 597 3701 Ghrpaostomus.
608 3629 659 3686 llic

66 3697 232 3781 dibssentins
258 3702 385 3771 attende,
398 3706 430 3758 et
452 3701 584 3783 conspice
601 3703 658 3758 Do-

68 3783 178 3831 tntnun
198 3774 397 3831 comedentem
417 3772 522 3841 solum,
536 3787 657 3829 circum-

66 3842 208 3903 sumbus
230 3845 357 3917 Angelis,
374 3848 403 3901 et
417 3844 569 3902 considera
585 3845 659 3901 beno

65 3912 175 3985 omnia,
195 3915 264 3987 quia
284 3916 405 3989 pulchra
431 3920 498 3973 suut
523 3915 607 3973 valde
630 3920 660 3971 ct

64 3982 182 4045 moola,
198 3989 234 4044 Et
246 4004 345 4061 quaero
367 3987 437 4059 quid
456 3986 558 4059 Angeli
576 3985 659 4069 mini·

64 4057 208 4129 sumant,
228 4064 259 4116 ut
280 4065 346 4133 post
366 4064 425 4116 tam
449 4057 568 4131 longum
597 4074 657 4131 epu·

65 4126 151 4187 nium
162 4130 348 4188 comederet?
361 4133 403 4188 lle
417 4130 472 4189 boc
485 4130 562 4189 enim
581 4075 660 4187 geri-

64 4202 152 4271 ματα
174 4217 234 4259 non
261 4202 412 4275 loquium:
432 4216 584 4276 possumus
609 4216 659 4257 au-

67 4274 127 4328 tem
160 4271 344 4333 victoriosum
385 4272 548 4347 prandium,
583 4270 657 4329 sicut

718 417 861 487 volumus,
873 417 1019 476 ordinare.
1031 420 1064 475 nt
1073 419 1200 491 quidem,
1211 423 1235 478 si
1246 426 1311 497 ejus

719 491 877 560 potentiam
899 490 1123 561 consideremus,
1139 499 1311 565 poteratres

1235 682 1241 706 l

718 718 774 759 non
791 704 942 785 inseninus
957 707 1032 777 quod
1050 707 1104 764 hac
1115 709 1243 779 potentia
1255 726 1310 781 pro

718 790 749 831 se
764 774 808 831 vel
822 775 970 849 discipulis
983 777 1043 834 suis
1056 794 1126 835 usus
1138 780 1238 848 lucrit3
1255 797 1308 853 pro

717 847 809 927 turbis
823 862 891 904 sero
907 864 975 905 usus
1004 849 1067 918 luit,
1095 866 1167 923 quas
1196 852 1309 911 duabus

717 917 825 974 vicibus
841 917 871 974 in
885 919 1067 977 multitudine
1085 938 1190 993 magna
1206 924 1241 979 de
1255 940 1307 996 pa·

716 986 910 1061 nibuspaucis
923 990 1010 1064 pavit.
1027 994 1067 1049 De
1089 993 1237 1066 discipulis
1259 1012 1308 1054 au·

716 1065 775 1116 tem
792 1062 913 1133 legimns
926 1063 1014 1133 quod,
1028 1080 1062 1120 eo
1082 1072 1233 1136 prasente,
1246 1066 1305 1123 vel·

716 1131 813 1189 lebant
853 1133 946 1206 spicas
978 1141 1094 1206 propter
1127 1138 1248 1207 tamem,
1277 1143 1307 1195 et

717 1204 923 1269 comedebaut;
946 1205 1162 1267 sintiliter,cum
1185 1208 1276 1279 ipset
1292 1239 1306 1252 -

716 1274 821 1343 tigatus
837 1291 869 1330 cx
885 1275 986 1331 itinere
1007 1278 1123 1331 sedebat
1145 1295 1230 1348 snper
1252 1296 1304 1350 pu·

717 1349 793 1401 teum
817 1344 934 1415 loquens
958 1362 1021 1401 curn
1041 1349 1229 1413 Samaritana,
1247 1366 1305 1407 non

717 1415 821 1472 dicitur
836 1417 912 1487 quod
926 1418 1063 1473 creaverit
1072 1418 1160 1484 cibos,
1171 1419 1220 1474 sed
1228 1420 1305 1490 qnod

717 1487 826 1543 miserit
851 1486 1006 1559 discipules
1034 1488 1063 1543 in
1089 1488 1242 1556 civitatem,
1268 1490 1305 1546 ad

717 1559 904 1629 quaerendum
929 1575 988 1615 eos.
1004 1561 1060 1615 Ncc
1084 1565 1126 1615 est
1152 1559 1305 1617 verisimile

716 1631 793 1702 quod
810 1646 861 1702 per
877 1630 1045 1687 miraculum
1058 1629 1112 1686 sibi
1123 1630 1305 1702 provideret3

717 1701 783 1773 quia
805 1702 944 1760 miracala
967 1702 1003 1759 ad
1024 1701 1145 1759 aliorum
1163 1703 1306 1759 edificati-

717 1790 812 1842 onem,
828 1779 857 1830 et
875 1774 906 1830 iu
925 1774 1080 1847 praeseutia
1096 1773 1219 1846 plurium
1236 1774 1306 1831 laci·

716 1846 792 1914 ebat,
806 1846 855 1901 sed
876 1846 923 1902 hie
945 1862 1003 1902 nou
1024 1852 1109 1902 erant
1129 1844 1227 1915 aliqui,
1250 1844 1306 1901 nisi

715 1916 827 1989 Angeli.
840 1916 914 1984 Quid
928 1932 998 1987 ergo
1019 1916 1093 1973 eirca
1115 1918 1170 1973 hoc
1189 1916 1307 1975 medita·

716 1989 834 2045 bimurt
852 1990 883 2045 ln
904 1994 1002 2046 monte
1029 2004 1152 2060 namque
1178 1988 1227 2044 illo
1247 2005 1306 2045 non

715 2064 778 2116 erat
796 2059 935 2118 habitatio
959 2059 1106 2117 hominum
1131 2067 1160 2116 et
1183 2060 1237 2116 cibi
1257 2075 1307 2132 pa·

716 2132 784 2201 rati3
802 2132 851 2188 sed
874 2130 944 2189 alibi
957 2138 1058 2203 parata
1076 2131 1184 2188 cibaria
1207 2136 1305 2212 porta-

716 2208 815 2259 verunt
840 2204 865 2259 ei
889 2203 998 2273 Angeli,
1020 2203 1090 2258 sicut
1111 2206 1231 2273 contigit
1250 2205 1304 2259 Da·

715 2272 792 2330 nieli.
817 2276 887 2330 Cum
906 2274 983 2330 enim
1007 2275 1138 2330 llabacuc
1163 2275 1305 2344 Propheta

715 2346 892 2415 pulmentum
907 2347 1080 2401 messoribus
1090 2344 1149 2399 suis
1163 2348 1302 2415 parasset,

714 2417 839 2487 portavit
866 2432 931 2472 eum
957 2416 1080 2487 Angelus
1114 2415 1224 2470 thunini
1252 2430 1305 2486 pcr

714 2486 834 2557 capillos
859 2487 894 2542 de
915 2487 1014 2542 ledaea
1029 2489 1055 2541 in
1080 2486 1252 2556 Babylonem
1267 2486 1304 2541 ad

716 2557 871 2626 batrielem,
884 2562 914 2612 ut
933 2558 1105 2625 comederet,
1120 2562 1149 2612 et
1163 2563 1261 2628 postea
1274 2556 1302 2611 in

716 2634 860 2685 utemento
876 2643 942 2683 eum
960 2627 1122 2699 reportavit.

752 2704 784 2755 28
805 2700 855 2754 Pin
874 2715 1041 2754 expensario
1064 2715 1138 2753 ersten
1157 2716 1300 2753 nemmem.

715 2801 750 2814 -
763 2774 950 2827 lmmorcmur
964 2786 1032 2840 ergo
1046 2768 1101 2837 hic,
1112 2776 1139 2825 ct
1154 2771 1228 2825 britte
1242 2784 1301 2825 nto·

716 2843 784 2899 dum
814 2857 1002 2909 assumamus,
1031 2845 1058 2896 et
1088 2856 1151 2895 eum
1183 2840 1301 2897 llomino

714 2917 781 2971 lesu
809 2914 840 2969 in
868 2929 919 2970 suo
944 2911 1063 2984 prandio
1089 2912 1300 2982 jtrcundemnr,

716 2985 877 3057 sentiatque
895 2987 984 3041 blater
1001 3000 1051 3040 sua
1066 2983 1302 3039 excellentissima

715 3058 750 3113 de
771 3058 825 3114 hac
846 3056 946 3114 eadem
959 3054 1138 3130 jucunditate
1154 3061 1241 3125 atque
1259 3053 1300 3109 vi·

714 3129 814 3186 cloria.
832 3128 881 3185 Pie
901 3134 986 3201 atque
1010 3128 1110 3184 devote
1125 3126 1165 3181 sic
1181 3125 1301 3182 medite-

713 3217 778 3257 mur
794 3219 801 3256 :
818 3206 942 3272 pergunt
962 3200 1019 3256 duo
1040 3216 1074 3255 ex
1097 3196 1224 3265 Angelis,
1250 3198 1302 3251 Do-

713 3271 791 3327 mino
816 3275 970 3338 aunuente,
991 3270 1068 3323 etin
1091 3272 1236 3321 momento
1261 3266 1303 3321 tu·

712 3346 902 3398 erunteoram
922 3342 1022 3405 Matre,
1037 3354 1072 3393 ac
1085 3352 1148 3392 eam
1169 3350 1302 3390 reveren·

714 3420 758 3469 ter
776 3410 943 3481 salutantes,
958 3409 994 3464 de
1020 3406 1082 3464 Filii
1095 3406 1138 3462 sui
1156 3410 1230 3460 statu
1247 3404 1303 3462 sibi

714 3487 853 3551 narrant,
881 3486 910 3539 et
943 3478 1087 3536 modicum
1109 3476 1302 3550 pulmentum,

713 3555 790 3628 quod
817 3552 871 3611 sibi
900 3557 930 3611 et
952 3552 1059 3624 loseph
1082 3553 1243 3622 paraverat,
1267 3562 1302 3606 ac

714 3642 816 3700 panem
840 3641 905 3682 cum
929 3622 993 3682 aliis
1016 3620 1183 3704 opportunis
1207 3636 1302 3747 repor-

713 3705 775 3756 tant
792 3716 799 3755 ε
815 3696 922 3755 reversi
941 3711 1009 3769 ergo
1028 3700 1132 3768 parant
1160 3710 1188 3749 tn
1214 3707 1303 3764 pana

712 3776 801 3855 terra,
820 3774 850 3827 et
874 3785 981 3826 mensae
1000 3765 1230 3845 benedictionem
1258 3780 1302 3821 so·

712 3843 846 3899 lemmter
862 3843 1011 3914 peragunt.
1027 3836 1164 3909 conspice
1175 3838 1220 3891 hic
1235 3849 1304 3892 eum

712 3915 797 3984 bene,
818 3913 850 3969 in
871 3911 991 3986 singulis
1014 3926 1078 3983 quae
1100 3908 1161 3980 agit
1184 3911 1213 3989 et
1238 3920 1302 3979 qua

712 3986 784 4042 liunt
802 4002 811 4041 c
830 3984 911 4041 sedet
937 3986 966 4040 in
989 3987 1067 4039 terra
1085 3984 1252 4051 composite,
1273 3980 1302 4059 et

713 4053 837 4113 comedit
860 4054 976 4125 sobrie3
996 4053 1180 4111 circumstant
1200 4047 1302 4121 Angelr

712 4126 909 4184 ministrantes
932 4125 1053 4184 Domino
1076 4140 1147 4205 suo,
1163 4126 1193 4179 et
1220 4122 1302 4202 bym-

712 4214 781 4256 num
795 4202 915 4256 santam
934 4199 971 4257 de
987 4196 1105 4254 canticis
1119 4196 1199 4261 sion,
1213 4206 1248 4248 ac
1257 4204 1305 4263 Ju-

712 4268 883 4345 cundantur,
898 4274 928 4329 et
939 4270 1015 4329 dem
1025 4268 1128 4326 testum
1138 4268 1227 4337 agunt
1236 4273 1303 4320 eum
