2790 4912
83 306 129 362 let
459 298 570 353 rutile
597 297 716 351 rebels
743 295 849 350 cucur
876 294 938 349 xvt

82 418 199 473 sbuatae
219 407 377 482 comparari
404 408 507 464 debeat
530 405 668 463 mulieris.

120 510 148 543 ιι
165 488 393 542 Cunsruunssouu
412 497 483 542 eurio
497 496 578 534 orsis
595 495 669 533 arrr-

81 575 152 615 ruoa
176 574 210 612 ιιι
227 571 318 610 suurn
337 568 467 608 rnornun
483 569 502 606 ι
520 566 671 606 arsenicon-

83 648 129 687 nm
141 630 202 695 llar,
219 644 251 681 er
267 643 301 680 ue
320 641 412 679 serpso
429 639 619 677 nrrsrueruun.
635 652 668 667 —

83 700 237 759 Considera
260 696 346 752 etiam
374 694 535 765 diligenter,
556 697 584 748 et
606 708 670 749 cum

84 788 189 842 magno
208 784 314 842 pavore
335 765 563 837 frequentissime
581 763 670 820 rumi-

84 859 131 913 na,
149 842 224 913 quod
239 854 356 896 omnem
367 837 552 918 aptitudinem
566 836 602 891 ad
617 837 670 891 bu-

83 929 166 982 num,
194 919 222 969 et
247 912 284 967 ad
314 925 428 966 emnem
456 915 592 981 gratiam,
620 923 670 963 seu

83 999 289 1057 quamcumque
300 980 519 1038 sollicitudinem
530 977 670 1035 clreurir·

83 1061 176 1114 tutum
202 1053 433 1124 acquisitionem,
455 1068 472 1108 a
493 1051 584 1122 teipso
613 1065 671 1105 non

84 1129 199 1193 babeas
216 1128 265 1183 sed
288 1123 418 1181 cbristus
443 1123 493 1180 tibi
514 1121 591 1178 dedit
610 1121 672 1177 sula

80 1216 134 1257 sua
162 1195 358 1254 misericordia
379 1213 385 1250 :
407 1193 465 1266 qui,
479 1195 501 1250 si
524 1193 670 1274 voluisset,

102 1270 220 1327 eluisset
238 1269 278 1324 ita
298 1268 428 1323 conterre
449 1266 614 1335 cuicumque
636 1281 672 1320 rr·

79 1287 176 1412 Ratun,
189 1346 217 1399 te
232 1339 261 1395 in
271 1340 330 1396 luto
345 1337 421 1394 leeris
434 1343 462 1394 et
475 1336 537 1393 lacu
550 1335 670 1416 miseriae

81 1413 227 1471 derelicto.
258 1410 404 1478 Quomodo
436 1408 511 1465 enim
541 1407 594 1465 sibi
621 1408 672 1464 ab·

84 1484 151 1556 quid
167 1488 313 1555 tamqnam
332 1497 414 1538 suum
434 1480 629 1547 attribuetur
646 1479 669 1535 si

82 1557 118 1613 ab
134 1555 194 1627 ipse
209 1553 367 1627 proveniat.
377 1553 423 1623 qui
436 1552 578 1609 multoties
589 1566 669 1607 suam

81 1626 338 1699 impossibilitatem
349 1624 378 1679 in
388 1623 611 1704 quibuscumque
623 1625 671 1679 bo-

81 1698 127 1754 nis
155 1698 288 1769 operibus
313 1710 425 1765 magnis
451 1702 479 1750 et
509 1693 603 1765 porris
628 1700 670 1751 est

80 1776 225 1841 expertus,
240 1768 285 1839 qui
309 1766 392 1822 toties
408 1765 540 1837 cognorit
563 1781 594 1821 se
613 1782 669 1820 non

79 1856 164 1913 posse
189 1841 257 1896 dum
272 1837 378 1909 uoluit3
395 1842 421 1893 et
442 1837 566 1908 quaudo,
584 1841 614 1892 ut
630 1836 670 1893 ita

83 1911 188 1980 dicam,
204 1927 262 1967 nun
286 1908 384 1975 voluit,
401 1924 454 1964 nec
479 1908 597 1976 curarit,
618 1925 669 1964 nec

80 1999 168 2056 super
183 1982 288 2038 talibus
303 1980 446 2051 cogitarit,
456 1980 545 2036 sensit
560 1997 588 2036 se
604 1981 669 2037 sub

79 2053 119 2109 ito
146 2053 281 2109 divinitus
303 2051 465 2116 excitatum,
490 2052 600 2107 terrore
616 2051 668 2107 mi·

80 2123 164 2180 rabili
192 2125 228 2180 ad
257 2122 306 2179 illa
334 2138 421 2194 opera
449 2121 589 2190 iacienda,
605 2140 668 2193 quae

81 2193 162 2267 prius
178 2193 335 2252 cumomni
356 2210 407 2251 suo
427 2201 530 2249 conatu
550 2193 668 2265 implere

82 2282 138 2322 nou
158 2266 268 2338 potuit‘l
287 2268 358 2322 llam
382 2271 410 2322 et
431 2265 517 2321 talrm
537 2264 668 2337 impossi-

80 2336 221 2394 bilitatem
236 2337 423 2394 idcircolleus
432 2343 490 2393 tam
500 2337 586 2407 longo
599 2344 668 2393 tem·

78 2425 148 2482 pure
169 2410 310 2466 dominari
333 2408 362 2465 in
379 2408 494 2465 bomine
517 2408 666 2480 permittit,

78 2486 110 2537 ut
124 2480 214 2537 discat
238 2480 392 2549 humiliari,
409 2486 437 2537 et
459 2496 614 2551 numquam
639 2480 667 2535 in

80 2551 175 2624 seipso
204 2552 327 2609 inaniter
353 2552 504 2623 glorietur3
533 2553 583 2608 sed
611 2554 667 2607 llco

79 2639 166 2681 omne
196 2626 303 2682 bonum
324 2624 471 2692 attribuat,
495 2640 552 2680 non
576 2624 668 2680 sotum

79 2697 286 2753 consuetudine
314 2697 437 2768 quadam
462 2701 490 2751 et
508 2694 602 2763 labiis,
617 2695 668 2751 sed

76 2768 173 2839 potius
188 2784 222 2824 ex
246 2768 345 2824 intimo
375 2770 418 2824 sui
440 2767 543 2823 cordis.
569 2767 668 2839 Cogita

79 2839 166 2895 etiam
180 2839 256 2910 quud
271 2855 328 2894 uon
342 2837 533 2907 edelbaldus,
549 2838 593 2894 rel
610 2837 669 2908 qui-

78 2925 199 2980 cumque
227 2914 382 2980 peccater,
411 2909 459 2979 qui
491 2926 547 2964 non
579 2909 669 2980 magis

78 2979 224 3036 assisteret
247 2982 305 3035 Dee
329 2995 379 3035 suo
402 2995 486 3049 quam
510 2987 549 3045 tn,
570 2986 597 3036 et
621 2980 668 3052 qul

78 3067 136 3107 non
157 3049 248 3120 magis
264 3055 480 3120 recognosceret
505 3050 558 3106 Dei·
580 3052 666 3108 bene-

78 3121 146 3177 flcia
167 3136 252 3191 quam
276 3126 317 3189 tu,
334 3121 357 3176 si
383 3120 538 3192 recepisset
561 3123 667 3193 gratias

71 3201 151 3263 'quas
169 3198 212 3263 tu,
228 3191 290 3248 sola
315 3191 363 3248 Dei
382 3193 507 3263 gratuita
527 3193 666 3264 bonitate,

79 3268 109 3321 et
135 3280 193 3321 nou
219 3262 342 3393 propriis
368 3262 488 3333 meritis,
514 3264 666 3347 recepisti;

75 3341 264 3409 propterque
300 3341 393 3408 potest
407 3336 529 3408 teipsum
539 3337 666 3394 viliorem

78 3413 109 3465 et
122 3407 289 3465 interiorem
300 3407 379 3465 omni
395 3408 511 3464 bomine
520 3408 664 3480 judicare3

78 3483 109 3535 et
121 3497 157 3537 ne
170 3486 287 3553 propter
301 3479 536 3551 iugratitudinem
555 3485 634 3537 tuam
650 3498 667 3538 a

77 3566 129 3606 suo
144 3556 297 3621 conspectu
314 3556 342 3607 te
359 3551 487 3608 Christus
509 3550 579 3608 loris
594 3552 666 3624 abji-

79 3619 145 3689 ciat,
155 3638 211 3677 nou
221 3621 364 3680 immerito
378 3624 543 3691 formidare,
557 3630 586 3680 et
599 3639 665 3705 pec-

78 3695 142 3748 cata
155 3691 277 3749 aliorum
295 3694 326 3749 in
341 3699 368 3750 te
385 3695 436 3752 sub
450 3695 571 3766 quadam
587 3694 666 3750 suni-

78 3761 197 3844 litudiue
219 3765 434 3844 transformare,
455 3766 495 3822 sic
515 3772 543 3822 te
567 3766 595 3822 iu
618 3772 666 3822 tua

78 3839 255 3891 conscientia
269 3835 443 3908 increpando
456 3856 462 3893 :
477 3840 547 3893 licre
562 3837 609 3893 ille
622 3843 666 3894 est

79 3905 233 3987 homicida,
262 3911 291 3962 et
326 3924 379 3978 ego
407 3910 494 3966 miser
523 3909 665 3965 multoties

79 3976 169 4032 occrdr
182 3992 309 4034 ammam
322 3995 415 4035 meam
425 3998 432 4049 3
444 3980 498 4037 iste
509 3980 667 4037 fornicator

78 4049 123 4102 est
139 4052 167 4103 et
184 4048 307 4119 adulter,
322 4056 350 4105 et
365 4067 417 4122 ego
440 4057 499 4109 tota
515 4052 560 4109 die
579 4053 665 4108 sorni-

79 4132 128 4173 cur
144 4123 174 4175 et
191 4119 391 4192 adulteror,-a
408 4124 465 4179 Deo
487 4139 551 4181 meo
568 4124 665 4181 oculos

79 4203 159 4246 meos
173 4191 339 4263 avertendo,
357 4197 386 4250 et
404 4193 551 4252 diabolicis
565 4212 598 4253 su

77 4259 218 4323 stionibus
228 4264 431 4339 supponend03
449 4271 480 4324 et
495 4267 536 4325 sie
550 4268 586 4326 de
600 4212 666 4326 iii}

727 421 779 463 suo
804 405 900 462 mode.
925 404 1017 461 Debes
1041 402 1131 461 etiam
1155 402 1303 463 habessit

726 476 842 550 proprio
857 481 906 533 tuo
920 474 1090 533 sentimenta
1105 475 1175 539 due,
1190 473 1303 535 videlicet

728 550 803 620 quod
821 547 928 604 sentias
943 548 977 603 de
993 546 1087 619 teipso
1111 550 1185 604 sicut
1205 546 1240 603 de
1258 563 1302 606 uuo

728 635 847 691 corpore
874 623 987 676 mortuo
1011 619 1133 688 laetenti,
1151 618 1234 690 pleno
1252 634 1298 677 re·

728 691 832 759 mibus,
855 696 883 747 et
909 691 982 748 male
1010 691 1111 758 olenti,
1135 696 1165 746 et
1186 690 1297 751 sicutte

727 778 785 819 uuo
814 762 951 819 cadavere
976 763 1053 834 quod
1081 760 1214 819 homiues
1235 761 1294 821 dedi

728 838 855 905 guantur
871 833 979 904 videre,
1003 834 1061 891 imo
1081 834 1216 891 claudunt
1228 849 1293 894 nere

728 911 844 978 propter
866 907 928 976 ejus
951 906 1107 978 pessimum
1132 906 1292 975 l'oetoremd

727 982 859 1034 avertunt
874 976 972 1046 sactes,
987 985 1017 1034 ut
1030 995 1088 1034 non
1101 977 1215 1034 videant
1227 975 1290 1037 aden

728 1065 762 1106 ac
781 1053 891 1106 tantam
913 1049 1169 1106 abominationem.
1187 1052 1217 1106 Et
1265 1048 1289 1107 al

727 1120 827 1192 siquis
842 1120 877 1177 de
892 1126 940 1177 tuo
955 1137 1073 1193 corpore
1085 1065 1288 1193 justitianifo

728 1197 782 1257 ret,
799 1191 905 1248 sentias
920 1193 997 1262 quod
1007 1194 1117 1265 justum
1129 1198 1204 1248 esset
1216 1197 1243 1248 ut
1253 1190 1288 1249 tili

727 1263 825 1320 oculos
849 1269 972 1332 erueret,
987 1281 1020 1321 ae
1041 1280 1157 1331 nasum,
1174 1265 1289 1332 aureqd

727 1352 759 1392 os
774 1335 964 1402 abscinderet,
978 1341 1007 1393 et
1026 1336 1066 1392 sie
1087 1337 1123 1392 de
1145 1334 1207 1392 aliis
1219 1331 1287 1391 senei

726 1408 780 1464 bus
794 1412 823 1462 et
841 1407 978 1464 membris
991 1407 1134 1480 corporis3
1148 1406 1213 1477 quia
1223 1408 1288 1463 Deua

727 1478 871 1535 ollendisti
887 1494 950 1536 cum
965 1478 1017 1549 eie,
1033 1484 1062 1536 et
1074 1476 1290 1550 quodtauturub

727 1551 781 1607 boc
802 1550 953 1623 gauderes,
967 1556 999 1607 ut
1013 1567 1169 1623 numquam
1188 1547 1290 1606 aliudb

726 1627 755 1678 te
769 1627 880 1679 tantum
895 1621 1087 1692 desiderares,
1104 1628 1154 1679 aut
1172 1620 1289 1703 velleqd

727 1695 804 1765 quod
826 1694 924 1750 omnia
947 1693 1098 1766 vituperia,
1119 1691 1288 1761 verecundat,

726 1771 756 1821 et
784 1764 995 1822 diffamationes
1009 1767 1073 1837 ptus
1099 1782 1186 1837 qoam
1200 1764 1289 1837 penul

727 1836 889 1909 imaginari,
905 1837 948 1894 rel
966 1837 1096 1908 cogitari,
1112 1843 1144 1893 ut
1162 1832 1288 1893 rinunb

727 1910 821 1976 beres,
836 1924 870 1965 ae
885 1924 948 1965 cum
964 1925 1076 1965 summo
1100 1908 1204 1990 gaudio
1220 1906 1289 1987 alb»

726 1980 789 2036 titia
812 1980 905 2036 cordis
927 1980 1080 2053 reciperes,
1105 1997 1164 2036 nno
1189 1980 1217 2036 in
1236 1978 1288 2035 lam

725 2050 833 2119 ridens,
864 2051 1028 2123 splendens,
1048 2057 1077 2109 et
1104 2052 1200 2109 alacer
1223 2062 1288 2122 appt-

725 2140 814 2179 reres.
831 2126 864 2180 m
879 2124 954 2194 quod
968 2140 1066 2180 omnes·
1082 2129 1111 2180 te
1128 2124 1249 2180 videntes
1259 2120 1288 2179 la·

725 2211 805 2251 ceres
814 2194 961 2263 admirari,
974 2201 1004 2251 et
1011 2196 1046 2251 ad
1057 2195 1169 2267 seipsos
1176 2190 1288 2259 consati,

723 2272 753 2322 et
767 2267 843 2338 quod
858 2267 1007 2323 crederent
1020 2283 1077 2324 uon
1093 2283 1176 2339 posse
1188 2264 1288 2323 stoebe]

725 2338 779 2394 boe
796 2337 869 2394 lieri.
893 2338 1001 2395 Deinde
1023 2344 1136 2420 oportet
1160 2337 1231 2411 qnod
1249 2332 1288 2391 dil-

725 2409 798 2465 fidas
814 2411 848 2464 de
863 2408 952 2481 teipso
969 2410 1106 2479 totaliter,
1124 2416 1153 2466 et
1172 2411 1206 2466 de
1218 2420 1288 2466 amu

724 2481 777 2536 bus
793 2479 875 2536 bonis
891 2481 958 2549 tuis,
976 2488 1005 2537 et
1024 2482 1060 2539 dc
1087 2486 1148 2538 tota
1172 2480 1226 2538 rita
1246 2484 1288 2543 lut,

725 2557 754 2608 et
767 2558 916 2609 convertas
932 2559 958 2609 te
978 2559 1079 2621 tetum,
1097 2558 1124 2609 et
1136 2553 1291 2609 reclinem

724 2639 777 2695 per
793 2624 910 2680 bracbia
924 2624 1033 2680 becilini
1043 2627 1112 2681 lesu
1127 2623 1227 2681 Christi
1239 2634 1291 2695 pau

724 2695 852 2767 perrimi,
875 2695 1036 2764 humillimi,
1055 2692 1294 2768 improperanda

725 2768 859 2838 spectl,et
874 2767 977 2824 mertui
991 2774 1156 2839 propterte,
1171 2776 1297 2845 usquaqd)

726 2844 756 2895 tu
771 2838 810 2894 sis
825 2845 954 2895 mortuns
967 2839 995 2894 iu
1011 2840 1145 2895 omnibus
1161 2839 1216 2896 tuis
1225 2840 1300 2895 seut·

725 2910 829 2966 mentis
845 2910 986 2975 humanis,
998 2916 1024 2968 et
1036 2912 1114 2982 quod
1125 2914 1209 2968 lesus
1218 2908 1303 2968 Chris·

725 2988 771 3038 tus
790 2981 941 3039 crucifixus
959 2981 1033 3038 rirat
1056 2982 1086 3039 in
1108 2989 1157 3040 tuo
1175 2978 1303 3051 curdael

724 3052 753 3109 in
772 3053 868 3110 anima
882 3059 941 3121 tua,
957 3060 986 3109 et
1001 3058 1076 3110 totus
1094 3055 1303 3112 transformata!

724 3130 753 3181 et
776 3126 996 3197 transfiguratus
1025 3131 1053 3181 et
1080 3124 1176 3195 rivus;
1202 3131 1231 3183 et
1249 3125 1303 3183 ιιι

723 3196 887 3253 cordialiter
913 3199 1021 3254 sentias
1045 3196 1073 3252 iu
1097 3202 1134 3265 te,
1151 3197 1181 3253 iu
1202 3200 1303 3255 tautum

723 3273 754 3323 ut
774 3284 929 3340 numquam
951 3269 1048 3325 videus
1070 3268 1114 3325 vel
1133 3269 1236 3326 audias
1258 3267 1303 3327 nu

723 3339 1303 3413 soluntesumstantemincrucesuspm

724 3426 797 3480 sum,
806 3417 836 3467 et
850 3417 1117 3483 mortuumpropter
1127 3412 1212 3477 te,ad
1221 3424 1303 3469 exem

722 3482 786 3553 plar
807 3484 898 3539 beatae
919 3486 1014 3539 llariae
1041 3482 1167 3554 Virginis
1183 3488 1303 3541 mortuae

723 3554 830 3609 mundo
845 3560 874 3611 et
890 3554 988 3611 vivens
1009 3554 1038 3610 in
1053 3555 1127 3622 tide3
1145 3560 1174 3611 et
1194 3553 1303 3626 quodi]

722 3623 771 3680 illa
786 3625 843 3681 tide
858 3626 936 3682 vivat
951 3631 1011 3682 tota
1025 3631 1073 3683 tua
1086 3625 1154 3693 rita,
1172 3642 1266 3698 usque
1278 3640 1303 3683 ιι

722 3697 972 3761 resurrectionem,
988 3697 1018 3752 in
1041 3714 1098 3768 qua
1121 3699 1198 3754 Deus
1221 3697 1303 3755 mitta

721 3768 858 3837 gaudium
877 3768 1024 3840 spirituale
1042 3775 1070 3825 et
1089 3769 1198 3825 donum
1216 3769 1303 3827 Sane!

723 3838 843 3909 Spiritus
862 3839 892 3895 iu
911 3840 1008 3896 anima
1020 3846 1079 3908 tua,
1095 3845 1124 3896 et
1140 3840 1171 3896 in
1190 3839 1252 3898 ibis
1265 3856 1303 3914 q!

722 3911 847 3979 diligunt
860 3911 1009 3967 aduectum
1024 3913 1094 3982 ejus.

760 4002 790 4038 ιι
806 3984 850 4039 Su:
866 4000 1027 4040 escensana
1040 4000 1195 4053 numurus,
1208 3999 1303 4043 uum

721 4070 855 4111 nummu
875 4072 973 4112 aaran.
994 4084 1028 4096 -
1042 4058 1081 4111 Ex
1096 4054 1140 4111 bis
1154 4054 1303 4128 praemisi

721 4125 906 4198 generabitur
920 4126 949 4183 in
964 4131 992 4183 te
1006 4125 1097 4184 uirtus
1111 4126 1171 4196 illa,
1185 4143 1253 4200 quae
1267 4140 1303 4187 ει

722 4201 814 4255 mater
838 4202 867 4254 et
895 4198 975 4255 ori'u
1003 4198 1132 4256 omnium
1157 4198 1303 4258 uirtutum

720 4268 828 4327 seilicet
857 4215 1023 4341 humifitas,
1053 4286 1119 4345 quae
1155 4270 1303 4331 iutnn'om
