2790 4912
79 296 110 349 iil
475 291 587 344 iliud
615 289 735 345 rinits
762 290 865 344 oliui
892 290 926 344 vt

79 400 163 459 initio
188 398 326 472 temporis
345 397 444 471 gratiae
471 419 478 455 ε
505 397 677 469 quinetiam

80 472 203 545 gratiam
218 470 289 528 ltovi
303 469 477 527 Testamenti
497 474 558 526 erat
573 469 676 542 praedi-

78 549 206 610 catonus,
222 542 269 613 qui
285 543 371 598 etiam
391 540 421 596 in
437 544 518 596 utero
533 545 577 597 est
591 556 675 596 mun·

79 613 174 672 datus.
195 612 246 670 Die
259 628 373 684 qnoque
386 611 543 668 nativitatis
557 611 676 670 ioannis

79 685 197 759 quidam
223 684 355 740 lucernas
380 683 483 740 multas
505 683 674 751 accendunt,

79 755 110 814 in
135 771 192 828 quo
215 754 393 827 significatur
418 755 479 828 ejus
504 771 568 812 esse
586 754 674 822 diein,

80 827 117 885 de
134 842 190 899 quo
207 827 345 883 Dominus
365 826 425 899 ipse
444 824 536 882 dixit:
552 827 676 883 lilecrut

81 899 194 956 lucerna
209 899 310 954 ordene
324 906 350 955 et
366 900 467 954 lucens.

120 975 150 1026 15
165 970 335 1027 Cincniicisio
362 971 562 1025 Pnncuasonis.
581 998 616 1009 -
639 970 675 1024 Et

81 1041 189 1111 fuctum
204 1047 243 1096 cst
257 1044 287 1097 in
301 1041 347 1097 die
361 1051 466 1105 oetaeo,
483 1056 501 1097 a
526 1037 673 1096 nativitate

81 1111 281 1179 Praecursoris,
323 1117 457 1168 conciunt
482 1111 675 1167 circumcidere

121 1200 206 1248 eruin,
227 1183 382 1240 secundnm
403 1187 574 1255 praeceptnm
590 1181 672 1265 legis.

78 1200 128 1322 gl,
154 1254 220 1382 (bum
241 1253 269 1311 in
288 1254 502 1311 circumcisione
530 1259 598 1310 tune
620 1269 673 1310 im-

83 1340 160 1409 pone
182 1332 245 1382 atur
262 1342 367 1382 nomen
383 1341 482 1408 puero,
503 1324 676 1382 sicutmodo

83 1397 244 1470 imponitur
260 1397 291 1453 in
313 1398 466 1470 baptismo,
489 1396 554 1453 ideo
582 1395 676 1453 subdi-

83 1472 131 1525 tur
148 1486 154 1524 ε
181 1471 217 1525 Et
233 1469 369 1525 vocabunt
384 1485 444 1524 euin
461 1471 570 1524 nornine
584 1471 676 1539 petria

82 1542 138 1604 aui,
154 1542 330 1597 Zachariam.
352 1542 413 1597 lllos
427 1539 503 1596 enini
524 1545 585 1595 erat
602 1539 675 1595 anti-

84 1625 208 1683 quorum
237 1611 385 1683 imponere
417 1610 534 1668 nomina
563 1615 675 1681 patrum

104 1681 297 1753 rimogenitis,
322 1688 351 1738 et
370 1681 491 1737 maxime
510 1679 674 1752 unigenitis.

125 1769 215 1824 ngrue
237 1759 333 1809 antem
352 1751 552 1824 imponebatur
570 1768 675 1808 nonien

83 1821 115 1879 in
140 1823 366 1892 circumcisione,
396 1825 463 1894 quia
488 1823 593 1892 nullus,
620 1823 674 1879 nisi

83 1893 201 1967 abjiciat
217 1894 353 1964 carnalia,
369 1895 446 1966 quod
464 1892 604 1965 signillrat
622 1895 675 1951 cir-

84 1965 232 2034 cumcisio,
255 1965 359 2037 dignus
382 1971 425 2022 est
443 1971 474 2021 ut
491 1982 594 2022 nomen
615 1969 675 2038 ejus

85 2036 263 2093 scribaturin
279 2038 351 2093 libro
366 2037 441 2092 ritae.
458 2040 495 2093 Et
509 2039 675 2108 respondens

85 2114 174 2163 meter
187 2109 257 2176 ejus,
277 2109 375 2163 dimit:
396 2111 492 2178 Neque
514 2125 587 2172 riom,
603 2109 676 2165 scili-

84 2183 130 2236 eet
147 2195 205 2235 non
223 2179 308 2235 debet
328 2178 420 2235 vocari
445 2126 605 2249 Zacharias,
627 2183 676 2237 sed

83 2250 228 2306 uocabitur
248 2253 375 2306 ioannes.
405 2253 463 2307 lloc
485 2250 538 2307 sibi
569 2268 586 2307 a
616 2255 674 2309 Deo

82 2321 239 2378 revelatum
263 2321 326 2389 luit,
359 2321 426 2393 quia
452 2338 470 2379 a
495 2328 575 2395 patre
596 2330 673 2380 muto

82 2408 141 2448 non
164 2392 271 2448 didicit.
291 2394 375 2451 Pater
391 2394 476 2450 etiarn
495 2400 570 2451 initu
588 2405 616 2451 et
635 2395 672 2451 si-

82 2478 151 2537 gno,
170 2465 204 2520 de
230 2464 346 2521 nomine
363 2464 536 2537 imponendo
554 2465 674 2522 interro·

81 2541 175 2606 gatus,
193 2551 245 2607 per
275 2537 350 2608 quod
371 2537 483 2594 videtur
511 2538 585 2609 quod
614 2554 672 2594 non

82 2610 192 2664 tantum
203 2612 262 2664 erat
279 2609 444 2677 mutae,sed
460 2610 545 2665 etiam
558 2610 671 2678 surdos,

80 2681 226 2750 postulans
246 2678 338 2751 signo,
359 2696 417 2736 non
439 2683 535 2750 verbo,
552 2683 673 2751 pupiliu-

82 2766 150 2813 rcni,
166 2749 247 2806 idest
267 2751 392 2807 tabulam
407 2757 517 2808 tantam
533 2761 672 2823 quantum

83 2827 197 2893 poterat
212 2821 334 2892 pugillus
349 2838 464 2893 eapere;
481 2823 556 2879 unde
575 2840 673 2879 secun·

85 2891 152 2948 duni
167 2891 283 2962 vulgare
297 2894 500 2956 Romanorum,
513 2893 618 2964 pugilla
630 2899 674 2950 est

85 2961 184 3020 tabula
206 2963 241 3018 ad
262 2963 454 3031 scribendum,
471 2963 574 3020 dicitur
588 2965 674 3021 etiam

87 3032 243 3105 aliquando
259 3049 295 3105 pu
318 3033 406 3090 iliaris
419 3034 555 3104 calamus,
572 3041 600 3092 et
618 3043 674 3109 sty-

88 3104 152 3172 lus,
181 3109 211 3160 et
234 3051 384 3176 grapfiiiuni
417 3122 473 3178 quo
505 3107 673 3177 scribimus;

86 3179 211 3247 scripsit,
239 3177 332 3232 dicens
352 3196 361 3231 .·
380 3179 497 3233 ioannes
520 3184 561 3233 cst
580 3196 676 3234 nomen

110 3247 157 3302 'un
176 3248 237 3303 Non
261 3247 339 3317 dicit,
362 3247 426 3318 erit,
448 3249 497 3305 sed
513 3255 570 3318 est;
596 3252 676 3321 qnasi

731 401 842 470 patrem
848 400 876 453 et
882 394 1254 468 matrem'de'nominepueri
1271 410 1325 454 aeri

732 468 768 525 de
780 465 961 596 imfioaitione
975 465 1099 523 nominis
1113 437 1290 539 hujusmodi.

770 548 782 595 ι’
843 556 961 596 inanima
981 556 1041 602 oon
1056 555 1126 596 runc
1143 554 1229 595 roera
1243 555 1322 596 anni.

731 643 766 656 -
780 563 814 667 ἐῑ
831 616 899 667 tune
916 616 1041 692 apertum
1057 616 1097 666 cst
1110 611 1187 666 illico
1203 626 1236 668 oa
1249 611 1322 683 ejus.

728 683 757 740 id
773 687 816 739 est
825 683 978 753 Zachariae,
989 686 1014 737 et
1026 679 1151 738 resoluta
1165 684 1210 738 est
1224 683 1322 751 tiumiu

729 755 803 824 cium
814 752 975 825 quiequam
988 755 1115 809 vinxerat
1125 751 1321 822 incredulitas,

730 826 803 882 fides
823 823 915 880 solvit.
942 826 997 882 Per
1015 823 1224 882 contessionem
1246 823 1321 881 enim

731 895 799 954 lidei
824 894 984 968 inscripto,
1002 911 1087 967 quam
1112 894 1208 952 verbis
1228 895 1320 952 lacere

732 984 790 1025 non
819 971 942 1038 poterat,
962 965 1066 1025 meruit
1094 965 1223 1035 liberari,
1250 965 1321 1023 sicut

730 1045 849 1112 propter
868 1040 985 1096 verbum
1014 1036 1199 1095 dubitationis
1224 1037 1318 1094 deme-

731 1114 829 1167 ruerat
845 1109 938 1179 ligari.
960 1111 1020 1177 Quo
1037 1109 1121 1178 lacto,
1137 1111 1233 1181 gratia
1252 1107 1318 1167 Novi

730 1180 902 1238 Testamenti
919 1186 1055 1249 reserata,
1068 1179 1095 1237 id
1113 1185 1168 1249 est,
1186 1179 1318 1238 manifes-

730 1258 792 1310 tata
817 1252 976 1309 ostenditur
1000 1268 1073 1309 esse.
1096 1255 1133 1310 Ei
1156 1252 1318 1335 loquebatur

732 1325 890 1380 benedicens
903 1328 988 1380 Deum
1000 1340 1052 1395 pro
1065 1323 1213 1380 beneficiis
1227 1327 1320 1381 osten·

732 1395 772 1452 sis
797 1394 872 1451 cirea
889 1411 963 1452 eum.
980 1397 1037 1452 Nec
1061 1394 1163 1451 mirniii
1183 1394 1207 1451 si
1225 1394 1319 1467 loque·

731 1468 826 1535 batur,
843 1466 910 1537 quia
925 1466 1003 1538 prior
1015 1483 1092 1535 snus,
1109 1465 1218 1523 scilieet
1235 1468 1318 1534 Deris,

731 1539 849 1595 dederat
863 1539 890 1593 ei
911 1537 1088 1606 benedicite;
1106 1543 1134 1594 et
1152 1537 1217 1594 ideo
1233 1539 1321 1594 bene·

731 1609 801 1665 dixit
820 1612 920 1678 Deum,
941 1609 1096 1666 secundum
1116 1609 1187 1666 illud
1212 1611 1321 1666 :Bene-

731 1679 1323 1749 dicitesuccrdotesbomini,Domino.Sub

731 1752 808 1808 ditur
834 1759 928 1810 autem
957 1769 963 1807 :
992 1755 1027 1808 Et
1054 1754 1146 1820 sectus
1172 1756 1212 1807 est
1239 1754 1324 1807 timor

730 1840 847 1895 mopnus
865 1840 948 1895 super
968 1839 1059 1879 omnes
1076 1826 1180 1878 vicinos
1206 1839 1322 1889 corum3

731 1893 817 1951 linior
843 1896 949 1952 scilicet
976 1894 1185 1964 admirationis,
1213 1894 1250 1951 de
1278 1892 1324 1950 liis

730 1982 795 2048 quae
811 1966 885 2023 locta
909 1971 975 2022 sunt
991 1965 1019 2021 in
1035 1965 1245 2034 omniomnis,
1266 1964 1325 2022 sci·

729 2038 796 2094 licet
810 2038 846 2094 de
857 2044 941 2111 partu
955 2037 1031 2095 seriis
1046 2042 1074 2093 et
1089 2037 1204 2107 sterilis,
1220 2037 1258 2092 de
1272 2035 1323 2093 im·

729 2108 869 2181 positione
895 2107 1018 2165 nominis
1037 2108 1198 2235 singularis,
1215 2108 1252 2165 de
1268 2107 1320 2164 mi·

729 2180 859 2237 raculosa
883 2179 1061 2236 restitutione
1095 2178 1254 2262 ocutionisp
1275 2179 1319 2236 vel

729 2251 814 2307 timor
849 2251 992 2320 unitionis,
1007 2251 1073 2323 quia
1083 2252 1212 2307 videntes
1226 2266 1320 2308 virum

728 2329 786 2405 tuin
799 2269 962 2404 religiosum
976 2329 1093 2405 propter
1110 2322 1320 2405 bendictionem

728 2411 769 2450 sie
793 2402 934 2466 punitum,
963 2396 1101 2451 timebant
1129 2397 1182 2451 sibi
1206 2409 1318 2462 omncs,

728 2466 850 2522 scientes
871 2466 945 2538 quod
962 2482 1019 2522 non
1034 2471 1110 2522 esset
1122 2471 1213 2522 tutum
1227 2466 1320 2522 otten-

728 2537 796 2593 derc
812 2540 911 2594 Deum.
928 2541 963 2593 Et
977 2555 1060 2608 super
1078 2541 1170 2594 omnio
1187 2542 1320 2593 montana

727 2608 1320 2678 iudam,idestcircnincirrmdinutpubun-

728 2686 774 2735 tur
783 2684 875 2737 omniu
887 2682 970 2735 uerba
984 2682 1048 2744 lime,
1063 2680 1170 2737 seilicet
1182 2679 1320 2752 praedicta

728 2751 879 2809 mirabilia.
909 2755 945 2807 Et
970 2758 1120 2823 posuerunt
1151 2769 1243 2807 omnes
1270 2754 1320 2822 qui

728 2825 876 2879 audierunt
889 2826 918 2878 in
938 2824 1017 2879 corde
1029 2840 1088 2888 suo,
1105 2822 1211 2880 scilicet
1232 2823 1319 2879 mira·

729 2896 861 2966 colaque
873 2895 945 2951 lacta
957 2895 1080 2963 luerent,
1091 2895 1319 2963 considerantes,

728 2971 757 3022 et
775 2972 907 3022 eventum
928 2966 969 3022 rei
996 2965 1080 3023 tacite
1108 2965 1319 3038 praestolantes,

728 3037 847 3092 dicentes
858 3036 965 3094 scilicet
978 3038 1051 3093 intra
1066 3054 1095 3093 se
1110 3056 1116 3093 :
1131 3040 1197 3105 Quis
1210 3043 1239 3094 et
1254 3054 1322 3119 qua·

728 3107 764 3164 lis
787 3115 870 3181 putes
888 3126 957 3235 puer
975 3113 1027 3165 iste
1048 3112 1124 3165 erit?
1141 3111 1226 3177 Quasi
1242 3109 1320 3166 dire·

730 3186 794 3236 ient
818 3199 824 3236 :
850 3181 891 3236 Va
903 3181 938 3237 de
965 3197 1085 3252 inagnus
1113 3185 1141 3237 et
1168 3180 1321 3237 laudabilis

730 3252 794 3309 erit.
812 3254 867 3309 b'ec
884 3255 986 3308 miriim
1003 3253 1078 3325 quod
1093 3251 1132 3308 ita
1151 3253 1321 3321 quaerebant

87 3263 102 3303 e

87 3264 164 3375 rilem
184 3337 191 3374 ι
214 3321 277 3375 lain
295 3324 338 3376 est
360 3318 524 3392 impositum
540 3338 643 3378 nomen
661 3338 678 3378 a
730 3324 766 3379 dc
782 3340 869 3395 puero
886 3341 893 3379 :
913 3328 1022 3381 Etenim
1038 3341 1136 3379 monus
1152 3325 1274 3388 Domini,
1291 3323 1320 3379 id

87 3390 147 3447 beo
161 3395 188 3446 ct
203 3391 240 3446 ab
259 3391 385 3463 Angelo;
403 3409 455 3464 ego
476 3409 533 3449 non
548 3392 676 3466 impono,

51 3486 58 3491 ·
87 3461 139 3519 aed
151 3461 314 3534 impositum
331 3462 435 3520 indice.

126 3538 157 3589 16
171 3535 228 3590 Cen
249 3537 364 3591 ioannis
383 3554 474 3592 noiiniv
489 3555 529 3593 sir
549 3538 676 3595 Paneue-

96 3614 147 3660 loni
160 3605 316 3660 rnornimi‘l
328 3637 363 3646 -
376 3609 410 3662 Et
429 3609 585 3666 notandum
601 3609 677 3682 quod

100 3688 142 3731 ioe
153 3690 258 3733 nomen
272 3679 389 3733 ioannes
404 3678 455 3735 soit
465 3679 491 3735 ci
507 3681 652 3752 proprium
668 3699 674 3736 :

99 3742 191 3813 trimo,
209 3753 324 3829 propter
350 3749 554 3821 plenitudinem
576 3752 676 3824 gratiae

99 3826 173 3887 piam
188 3818 306 3887 habuit;
323 3821 457 3890 secundo,
473 3828 589 3895 propter
603 3828 675 3880 tem·

100 3898 140 3943 tia
158 3888 270 3961 gratim
312 3890 368 3947 nod
387 3892 549 3963 incboavit3
579 3894 674 3964 tertio,

99 3964 204 4039 rppter
232 3905 426 4044 excellentiam
459 3965 558 4046 gratim
589 3982 674 4038 quam

99 4038 196 4089 nnius
223 4032 408 4104 predicavit,
437 4036 543 4093 scilieet
577 4037 675 4094 remis·

99 4092 198 4159 ionem
211 4109 404 4176 peecatorum,
420 4111 448 4162 ct
466 4107 576 4179 gratim,
587 4109 673 4166 colla-

111 4182 206 4231 inem.
222 4177 259 4233 Et
272 4177 370 4232 mirati
380 4182 444 4233 runc
456 4181 578 4235 uniuersi
589 4196 674 4253 snper

107 4243 286 4305 invenientia
311 4252 339 4304 et
368 4249 571 4308 concordantia
599 4250 674 4309 inter

731 3401 774 3451 est
790 3401 915 3466 potestas
930 3394 1025 3452 divina
1039 3401 1066 3451 et
1082 3395 1169 3450 virtus
1184 3393 1236 3450 bei
1251 3410 1319 3467 ope-

731 3466 831 3534 rativa,
846 3473 904 3523 eret
919 3484 979 3522 curn
994 3470 1053 3534 illo,
1069 3466 1175 3523 scilicet
1194 3468 1320 3539 ioanne,

730 3537 759 3593 in
788 3537 922 3596 omnibus
950 3537 1126 3595 mirabilibus
1154 3537 1229 3593 circu
1254 3553 1320 3595 cum

731 3609 832 3677 lactis;
854 3626 887 3666 eii
907 3611 1008 3682 quibus
1031 3609 1241 3667 rationabiliter
1255 3625 1321 3666 eon-

730 3681 896 3738 eludebatur
924 3681 1090 3753 magnitudo
1114 3680 1195 3752 pueri
1224 3681 1321 3738 lutura

730 3768 826 3809 coram
847 3756 915 3809 beo.
935 3757 972 3810 Ei
987 3756 1137 3810 Zacharias
1162 3758 1244 3824 pater
1260 3753 1321 3823 ejus

729 3826 850 3894 repletus
868 3830 909 3880 cst
933 3826 1044 3895 Spiritu
1070 3827 1181 3887 Sancto,
1209 3830 1236 3881 ct
1276 3840 1321 3880 ro-

727 3897 864 3967 precavit,
880 3895 909 3951 id
923 3902 967 3952 est
982 3895 1123 3953 canticum
1136 3895 1241 3954 divinae
1253 3842 1319 3952 fau·

729 3966 853 4024 disiecit
871 3966 1001 4037 Domino,
1022 3969 1115 4024 dicens
1131 3969 1320 4024 :innectimur

728 4041 859 4095 Dominus
872 4042 943 4095 Deus
957 4041 1053 4104 lsrael,
1069 4044 1135 4109 ete,
1148 4055 1201 4112 per
1215 4045 1318 4097 totum.

767 4114 798 4166 18
814 4113 941 4175 Loouenn
953 4128 1004 4169 cuii
1019 4129 1174 4169 rnornnrin
1187 4128 1260 4168 nono
1272 4112 1323 4168 Za·

727 4198 829 4238 cannia
844 4200 998 4240 nesririiri.
1025 4215 1051 4224 -
1079 4184 1182 4254 llagna
1199 4189 1244 4240 est
1261 4183 1319 4239 lar·

726 4255 800 4327 gitas
812 4252 916 4311 divinae
927 4253 1052 4327 pietatis,
1065 4259 1094 4313 et
1103 4253 1231 4313 muneris
1244 4254 1318 4328 eiua,
